<?xml version="1.0" encoding="UTF-8"?>
<!DOCTYPE html PUBLIC "-//W3C//DTD XHTML 1.0 Transitional//EN"
    "http://www.w3.org/TR/xhtml1/DTD/xhtml1-transitional.dtd">
<html xmlns="http://www.w3.org/1999/xhtml" xml:lang="en" lang="en">
 <head>
  <title>
</title>
<meta http-equiv="Content-Type" content="text/html;charset=utf-8" />
  <meta name='ocr-system' content='tesseract 3.04.00' />
  <meta name='ocr-capabilities' content='ocr_page ocr_carea ocr_par ocr_line ocrx_word'/>
</head>
<body>
  <div class='ocr_page' id='page_1' title='image "./dissertationess05junggoog_0117.png"; bbox 0 0 3281 5014; ppageno 0'>
   <div class='ocr_carea' id='block_1_1' title="bbox 1142 420 2578 488">
    <p class='ocr_par' dir='ltr' id='par_1_1' title="bbox 1142 420 2578 488">
     <span class='ocr_line' id='line_1_1' title="bbox 1142 420 2578 488; baseline 0.002 -15"><span class='ocrx_word' id='word_1_1' title='bbox 1142 421 1456 488; x_wconf 68' lang='lat' dir='ltr'>suppressio</span> <span class='ocrx_word' id='word_1_2' title='bbox 1495 420 1730 476; x_wconf 74' lang='lat' dir='ltr'><strong><em>Ordinis,</em></strong></span> <span class='ocrx_word' id='word_1_3' title='bbox 2477 424 2578 476; x_wconf 86' lang='lat'><strong><em>111</em></strong></span> 
     </span>
    </p>
   </div>
   <div class='ocr_carea' id='block_1_2' title="bbox 206 559 2913 4215">
    <p class='ocr_par' dir='ltr' id='par_1_2' title="bbox 268 559 2913 838">
     <span class='ocr_line' id='line_1_2' title="bbox 272 559 2913 644; baseline 0.002 -22"><span class='ocrx_word' id='word_1_4' title='bbox 272 559 473 643; x_wconf 85' lang='lat' dir='ltr'><strong><em>etiam</em></strong></span> <span class='ocrx_word' id='word_1_5' title='bbox 517 560 867 626; x_wconf 85' lang='lat' dir='ltr'><strong><em>verisimile</em></strong></span> <span class='ocrx_word' id='word_1_6' title='bbox 921 561 1236 639; x_wconf 85' lang='lat' dir='ltr'><strong><em>creditur,</em></strong></span> <span class='ocrx_word' id='word_1_7' title='bbox 1292 561 1460 643; x_wconf 82' lang='lat' dir='ltr'><strong><em>quod</em></strong></span> <span class='ocrx_word' id='word_1_8' title='bbox 1518 561 1746 625; x_wconf 90' lang='lat' dir='ltr'><strong><em>amodo</em></strong></span> <span class='ocrx_word' id='word_1_9' title='bbox 1796 560 1961 625; x_wconf 91' lang='lat' dir='ltr'><strong><em>bona</em></strong></span> <span class='ocrx_word' id='word_1_10' title='bbox 2005 582 2139 627; x_wconf 92' lang='lat' dir='ltr'><strong><em>non</em></strong></span> <span class='ocrx_word' id='word_1_11' title='bbox 2182 561 2582 644; x_wconf 78' lang='lat' dir='ltr'><strong><em>reperiretur</em></strong></span> <span class='ocrx_word' id='word_1_12' title='bbox 2602 560 2732 603; x_wconf 54' lang='lat'><strong>3⁰¹¹*</strong></span> <span class='ocrx_word' id='word_1_13' title='bbox 2755 565 2841 604; x_wconf 50' lang='grc' dir='ltr'><strong><em>νοτ</em></strong></span> <span class='ocrx_word' id='word_1_14' title='bbox 2872 567 2913 603; x_wconf 72' lang='lat'><strong><em>²¹⁷²</em></strong></span> 
     </span>
     <span class='ocr_line' id='line_1_3' title="bbox 268 632 2832 741; baseline 0.001 -20"><span class='ocrx_word' id='word_1_15' title='bbox 268 677 583 739; x_wconf 88' lang='lat' dir='ltr'><strong><em>persona,</em></strong></span> <span class='ocrx_word' id='word_1_16' title='bbox 640 678 806 739; x_wconf 79' lang='lat' dir='ltr'><strong><em>quae</em></strong></span> <span class='ocrx_word' id='word_1_17' title='bbox 860 658 1103 724; x_wconf 90' lang='lat' dir='ltr'><strong><em>dictum</em></strong></span> <span class='ocrx_word' id='word_1_18' title='bbox 1159 658 1465 723; x_wconf 77' lang='lat' dir='ltr'><strong><em>Ordinem</em></strong></span> <span class='ocrx_word' id='word_1_19' title='bbox 1521 656 1707 722; x_wconf 87' lang='lat' dir='ltr'><strong><em>vellet</em></strong></span> <span class='ocrx_word' id='word_1_20' title='bbox 1758 657 2041 737; x_wconf 91' lang='lat' dir='ltr'><strong><em>intrare,</em></strong></span> <span class='ocrx_word' id='word_1_21' title='bbox 2091 661 2362 741; x_wconf 90' lang='lat' dir='ltr'><strong><em>propter</em></strong></span> <span class='ocrx_word' id='word_1_22' title='bbox 2418 679 2584 740; x_wconf 79' lang='lat' dir='ltr'><strong><em>quae</em></strong></span> <span class='ocrx_word' id='word_1_23' title='bbox 2670 632 2832 669; x_wconf 55' lang='lat' dir='ltr'><strong><em>‘mm&#39;</em></strong></span> 
     </span>
     <span class='ocr_line' id='line_1_4' title="bbox 272 753 2584 838; baseline 0.001 -21"><span class='ocrx_word' id='word_1_24' title='bbox 272 753 413 836; x_wconf 91' lang='lat' dir='ltr'><strong><em>ipse</em></strong></span> <span class='ocrx_word' id='word_1_25' title='bbox 462 753 635 818; x_wconf 90' lang='lat' dir='ltr'><strong><em>Ordo</em></strong></span> <span class='ocrx_word' id='word_1_26' title='bbox 680 754 1008 819; x_wconf 79' lang='lat' dir='ltr'><strong><em>Ecclesiae</em></strong></span> <span class='ocrx_word' id='word_1_27' title='bbox 1053 754 1185 819; x_wconf 91' lang='lat' dir='ltr'><strong><em>Dei</em></strong></span> <span class='ocrx_word' id='word_1_28' title='bbox 1236 775 1312 820; x_wconf 91' lang='lat' dir='ltr'><strong><em>ac</em></strong></span> <span class='ocrx_word' id='word_1_29' title='bbox 1368 754 1620 837; x_wconf 73' lang='lat' dir='ltr'><strong><em>neyotio</em></strong></span> <span class='ocrx_word' id='word_1_30' title='bbox 1676 755 1916 819; x_wconf 84' lang='lat' dir='ltr'><strong><em>Terrae</em></strong></span> <span class='ocrx_word' id='word_1_31' title='bbox 1959 760 2222 820; x_wconf 90' lang='lat' dir='ltr'><strong><em>sanctae</em></strong></span> <span class='ocrx_word' id='word_1_32' title='bbox 2265 754 2352 819; x_wconf 89' lang='lat' dir='ltr'><strong><em>ad</em></strong></span> <span class='ocrx_word' id='word_1_33' title='bbox 2396 755 2584 838; x_wconf 55' lang='lat' dir='ltr'><strong><em>cujus</em></strong></span> 
     </span>
    </p>

    <p class='ocr_par' dir='ltr' id='par_1_3' title="bbox 206 849 2584 933">
     <span class='ocr_line' id='line_1_5' title="bbox 206 849 2584 933; baseline 0.001 -20"><span class='ocrx_word' id='word_1_34' title='bbox 206 879 209 882; x_wconf 42' lang='lat'>*</span> <span class='ocrx_word' id='word_1_35' title='bbox 274 849 617 915; x_wconf 82' lang='lat' dir='ltr'><strong><em>servitium</em></strong></span> <span class='ocrx_word' id='word_1_36' title='bbox 662 850 936 932; x_wconf 86' lang='lat' dir='ltr'><strong><em>fuerant</em></strong></span> <span class='ocrx_word' id='word_1_37' title='bbox 980 850 1300 933; x_wconf 90' lang='lat' dir='ltr'><strong><em>deputati,</em></strong></span> <span class='ocrx_word' id='word_1_38' title='bbox 1358 849 1621 915; x_wconf 86' lang='lat' dir='ltr'><strong><em>inutilis</em></strong></span> <span class='ocrx_word' id='word_1_39' title='bbox 1666 851 2073 930; x_wconf 81' lang='lat' dir='ltr'><strong><em>redderetur,</em></strong></span> <span class='ocrx_word' id='word_1_40' title='bbox 2129 852 2437 932; x_wconf 80' lang='lat' dir='ltr'><strong><em>quoniam</em></strong></span> <span class='ocrx_word' id='word_1_41' title='bbox 2481 851 2584 916; x_wconf 90' lang='lat' dir='ltr'><strong><em>in-</em></strong></span> 
     </span>
    </p>

    <p class='ocr_par' dir='ltr' id='par_1_4' title="bbox 275 946 2582 1031">
     <span class='ocr_line' id='line_1_6' title="bbox 275 946 2582 1031; baseline 0.001 -21"><span class='ocrx_word' id='word_1_42' title='bbox 275 966 474 1028; x_wconf 81' lang='lat' dir='ltr'><strong><em>super</em></strong></span> <span class='ocrx_word' id='word_1_43' title='bbox 527 967 609 1011; x_wconf 79' lang='lat' dir='ltr'><strong><em>ex</em></strong></span> <span class='ocrx_word' id='word_1_44' title='bbox 664 946 976 1012; x_wconf 88' lang='lat' dir='ltr'><strong><em>dilatione</em></strong></span> <span class='ocrx_word' id='word_1_45' title='bbox 1036 946 1379 1012; x_wconf 78' lang='lat' dir='ltr'><strong><em>decisionis</em></strong></span> <span class='ocrx_word' id='word_1_46' title='bbox 1431 968 1545 1012; x_wconf 89' lang='lat' dir='ltr'><strong><em>seu</em></strong></span> <span class='ocrx_word' id='word_1_47' title='bbox 1601 947 2039 1013; x_wconf 79' lang='lat' dir='ltr'><strong><em>ordinationis</em></strong></span> <span class='ocrx_word' id='word_1_48' title='bbox 2100 948 2259 1014; x_wconf 89' lang='lat' dir='ltr'><strong><em>dicti</em></strong></span> <span class='ocrx_word' id='word_1_49' title='bbox 2321 948 2582 1031; x_wconf 64' lang='lat' dir='ltr'><strong><em>nepotii,</em></strong></span> 
     </span>
    </p>

    <p class='ocr_par' dir='ltr' id='par_1_5' title="bbox 268 1041 2588 1224">
     <span class='ocr_line' id='line_1_7' title="bbox 275 1041 2588 1127; baseline 0.001 -20"><span class='ocrx_word' id='word_1_50' title='bbox 275 1041 363 1107; x_wconf 85' lang='lat' dir='ltr'><strong><em>ad</em></strong></span> <span class='ocrx_word' id='word_1_51' title='bbox 410 1062 607 1124; x_wconf 82' lang='lat' dir='ltr'><strong><em>quam</em></strong></span> <span class='ocrx_word' id='word_1_52' title='bbox 650 1043 1019 1124; x_wconf 81' lang='lat' dir='ltr'><strong><em>faciendam</em></strong></span> <span class='ocrx_word' id='word_1_53' title='bbox 1074 1043 1171 1107; x_wconf 92' lang='lat' dir='ltr'><strong><em>vel</em></strong></span> <span class='ocrx_word' id='word_1_54' title='bbox 1223 1043 1611 1109; x_wconf 89' lang='lat' dir='ltr'><strong><em>sententiam</em></strong></span> <span class='ocrx_word' id='word_1_55' title='bbox 1661 1044 2211 1127; x_wconf 71' lang='lat' dir='ltr'><strong><em>promulyandam</em></strong></span> <span class='ocrx_word' id='word_1_56' title='bbox 2269 1044 2588 1111; x_wconf 90' lang='lat' dir='ltr'><strong><em>terminus</em></strong></span> 
     </span>
     <span class='ocr_line' id='line_1_8' title="bbox 268 1138 2588 1224; baseline 0 -20"><span class='ocrx_word' id='word_1_57' title='bbox 268 1140 752 1223; x_wconf 88' lang='lat' dir='ltr'><strong><em>peremptorius</em></strong></span> <span class='ocrx_word' id='word_1_58' title='bbox 812 1140 1036 1214; x_wconf 84' lang='lat' dir='ltr'><strong><em>fuerat</em></strong></span> <span class='ocrx_word' id='word_1_59' title='bbox 1095 1139 1168 1204; x_wconf 91' lang='lat' dir='ltr'><strong><em>in</em></strong></span> <span class='ocrx_word' id='word_1_60' title='bbox 1222 1139 1559 1223; x_wconf 79' lang='lat' dir='ltr'><strong><em>praesenti</em></strong></span> <span class='ocrx_word' id='word_1_61' title='bbox 1620 1138 1906 1207; x_wconf 86' lang='lat' dir='ltr'><strong><em>Concilio</em></strong></span> <span class='ocrx_word' id='word_1_62' title='bbox 1959 1142 2193 1224; x_wconf 79' lang='lat' dir='ltr'><strong><em>praesa</em></strong></span> <span class='ocrx_word' id='word_1_63' title='bbox 2202 1141 2286 1206; x_wconf 88' lang='lat' dir='ltr'><strong><em>tis</em></strong></span> <span class='ocrx_word' id='word_1_64' title='bbox 2353 1141 2588 1208; x_wconf 89' lang='lat' dir='ltr'><strong><em>Ordini</em></strong></span> 
     </span>
    </p>

    <p class='ocr_par' dir='ltr' id='par_1_6' title="bbox 277 1234 2587 1320">
     <span class='ocr_line' id='line_1_9' title="bbox 277 1234 2587 1320; baseline 0.001 -20"><span class='ocrx_word' id='word_1_65' title='bbox 277 1240 340 1301; x_wconf 90' lang='lat' dir='ltr'><strong><em>et</em></strong></span> <span class='ocrx_word' id='word_1_66' title='bbox 393 1234 724 1319; x_wconf 87' lang='lat' dir='ltr'><strong><em>fratribus</em></strong></span> <span class='ocrx_word' id='word_1_67' title='bbox 770 1237 1147 1320; x_wconf 71' lang='lat' dir='ltr'><strong><em>assiynatus</em></strong></span> <span class='ocrx_word' id='word_1_68' title='bbox 1202 1257 1243 1301; x_wconf 92' lang='lat' dir='ltr'><strong><em>a</em></strong></span> <span class='ocrx_word' id='word_1_69' title='bbox 1303 1235 1518 1316; x_wconf 90' lang='lat' dir='ltr'><strong><em>nobis,</em></strong></span> <span class='ocrx_word' id='word_1_70' title='bbox 1578 1236 1890 1302; x_wconf 89' lang='lat' dir='ltr'><strong><em>bonorum</em></strong></span> <span class='ocrx_word' id='word_1_71' title='bbox 1947 1237 2194 1320; x_wconf 80' lang='lat' dir='ltr'><strong><em>Templi</em></strong></span> <span class='ocrx_word' id='word_1_72' title='bbox 2239 1288 2252 1301; x_wconf 90' lang='lat'><strong>.</strong></span> <span class='ocrx_word' id='word_1_73' title='bbox 2300 1288 2314 1301; x_wconf 94' lang='lat'>.</span> <span class='ocrx_word' id='word_1_74' title='bbox 2363 1288 2377 1302; x_wconf 90' lang='lat'><strong>.</strong></span> <span class='ocrx_word' id='word_1_75' title='bbox 2426 1242 2587 1303; x_wconf 84' lang='lat' dir='ltr'><strong><em>tota·</em></strong></span> 
     </span>
    </p>

    <p class='ocr_par' dir='ltr' id='par_1_7' title="bbox 270 1331 2590 1512">
     <span class='ocr_line' id='line_1_10' title="bbox 278 1331 2590 1416; baseline 0.001 -20"><span class='ocrx_word' id='word_1_76' title='bbox 278 1332 361 1397; x_wconf 92' lang='lat' dir='ltr'><strong><em>lis</em></strong></span> <span class='ocrx_word' id='word_1_77' title='bbox 413 1331 682 1397; x_wconf 85' lang='lat' dir='ltr'><strong><em>amissio</em></strong></span> <span class='ocrx_word' id='word_1_78' title='bbox 742 1339 1144 1416; x_wconf 81' lang='lat' dir='ltr'><strong><em>sequeretur,</em></strong></span> <span class='ocrx_word' id='word_1_79' title='bbox 1210 1384 1224 1398; x_wconf 90' lang='lat'><strong>.</strong></span> <span class='ocrx_word' id='word_1_80' title='bbox 1285 1382 1300 1397; x_wconf 91' lang='lat'><strong>.</strong></span> <span class='ocrx_word' id='word_1_81' title='bbox 1361 1383 1376 1398; x_wconf 93' lang='lat'><strong>.</strong></span> <span class='ocrx_word' id='word_1_82' title='bbox 1441 1333 1634 1416; x_wconf 72' lang='lat' dir='ltr'><strong><em>lonya</em></strong></span> <span class='ocrx_word' id='word_1_83' title='bbox 1696 1338 1757 1398; x_wconf 91' lang='lat' dir='ltr'><strong><em>et</em></strong></span> <span class='ocrx_word' id='word_1_84' title='bbox 1813 1338 2080 1400; x_wconf 88' lang='lat' dir='ltr'><strong><em>matura</em></strong></span> <span class='ocrx_word' id='word_1_85' title='bbox 2135 1333 2590 1400; x_wconf 85' lang='lat' dir='ltr'><strong><em>deliberatione</em></strong></span> 
     </span>
     <span class='ocr_line' id='line_1_11' title="bbox 270 1428 2587 1512; baseline 0 -18"><span class='ocrx_word' id='word_1_86' title='bbox 270 1428 692 1511; x_wconf 88' lang='lat' dir='ltr'><strong><em>praehabita,</em></strong></span> <span class='ocrx_word' id='word_1_87' title='bbox 750 1430 956 1495; x_wconf 88' lang='lat' dir='ltr'><strong><em>solum</em></strong></span> <span class='ocrx_word' id='word_1_88' title='bbox 1003 1430 1220 1495; x_wconf 89' lang='lat' dir='ltr'><strong><em>Deum</em></strong></span> <span class='ocrx_word' id='word_1_89' title='bbox 1277 1428 1579 1495; x_wconf 80' lang='lat' dir='ltr'><strong><em>habentes</em></strong></span> <span class='ocrx_word' id='word_1_90' title='bbox 1631 1450 1797 1512; x_wconf 90' lang='lat' dir='ltr'><strong><em>prae</em></strong></span> <span class='ocrx_word' id='word_1_91' title='bbox 1855 1429 2057 1494; x_wconf 87' lang='lat' dir='ltr'><strong><em>oculis</em></strong></span> <span class='ocrx_word' id='word_1_92' title='bbox 2101 1435 2163 1494; x_wconf 92' lang='lat' dir='ltr'><strong><em>et</em></strong></span> <span class='ocrx_word' id='word_1_93' title='bbox 2207 1431 2293 1495; x_wconf 88' lang='lat' dir='ltr'><strong><em>ad</em></strong></span> <span class='ocrx_word' id='word_1_94' title='bbox 2339 1431 2587 1496; x_wconf 90' lang='lat' dir='ltr'><strong><em>utilita-</em></strong></span> 
     </span>
    </p>

    <p class='ocr_par' dir='ltr' id='par_1_8' title="bbox 278 1525 2589 1977">
     <span class='ocr_line' id='line_1_12' title="bbox 279 1525 2589 1609; baseline 0 -19"><span class='ocrx_word' id='word_1_95' title='bbox 279 1530 404 1590; x_wconf 86' lang='lat' dir='ltr'><strong><em>tem</em></strong></span> <span class='ocrx_word' id='word_1_96' title='bbox 466 1526 710 1609; x_wconf 75' lang='lat' dir='ltr'><strong><em>neqotii</em></strong></span> <span class='ocrx_word' id='word_1_97' title='bbox 770 1526 1009 1591; x_wconf 83' lang='lat' dir='ltr'><strong><em>Terrae</em></strong></span> <span class='ocrx_word' id='word_1_98' title='bbox 1068 1531 1329 1592; x_wconf 90' lang='lat' dir='ltr'><strong><em>sanctae</em></strong></span> <span class='ocrx_word' id='word_1_99' title='bbox 1397 1531 1750 1608; x_wconf 88' lang='lat' dir='ltr'><strong><em>respectum</em></strong></span> <span class='ocrx_word' id='word_1_100' title='bbox 1800 1525 2133 1605; x_wconf 89' lang='lat' dir='ltr'><strong><em>habentes,</em></strong></span> <span class='ocrx_word' id='word_1_101' title='bbox 2205 1548 2334 1593; x_wconf 90' lang='lat' dir='ltr'><strong><em>non</em></strong></span> <span class='ocrx_word' id='word_1_102' title='bbox 2404 1527 2589 1592; x_wconf 87' lang='lat' dir='ltr'><strong><em>decli·</em></strong></span> 
     </span>
     <span class='ocr_line' id='line_1_13' title="bbox 278 1622 2586 1705; baseline 0 -18"><span class='ocrx_word' id='word_1_103' title='bbox 278 1626 514 1688; x_wconf 85' lang='lat' dir='ltr'><strong><em>nantes</em></strong></span> <span class='ocrx_word' id='word_1_104' title='bbox 569 1622 655 1686; x_wconf 89' lang='lat' dir='ltr'><strong><em>ad</em></strong></span> <span class='ocrx_word' id='word_1_105' title='bbox 709 1622 1039 1687; x_wconf 76' lang='lat' dir='ltr'><strong><em>dexteram</em></strong></span> <span class='ocrx_word' id='word_1_106' title='bbox 1085 1624 1181 1687; x_wconf 93' lang='lat' dir='ltr'><strong><em>vel</em></strong></span> <span class='ocrx_word' id='word_1_107' title='bbox 1241 1622 1610 1701; x_wconf 85' lang='lat' dir='ltr'><strong><em>sinistram,</em></strong></span> <span class='ocrx_word' id='word_1_108' title='bbox 1677 1622 1852 1687; x_wconf 90' lang='lat' dir='ltr'><strong><em>viam</em></strong></span> <span class='ocrx_word' id='word_1_109' title='bbox 1903 1623 2304 1705; x_wconf 86' lang='lat' dir='ltr'><strong><em>provisionis</em></strong></span> <span class='ocrx_word' id='word_1_110' title='bbox 2363 1628 2423 1687; x_wconf 91' lang='lat' dir='ltr'><strong><em>et</em></strong></span> <span class='ocrx_word' id='word_1_111' title='bbox 2486 1645 2586 1687; x_wconf 89' lang='lat' dir='ltr'><strong><em>or·</em></strong></span> 
     </span>
     <span class='ocr_line' id='line_1_14' title="bbox 278 1718 2586 1801; baseline 0 -18"><span class='ocrx_word' id='word_1_112' title='bbox 278 1718 643 1784; x_wconf 89' lang='lat' dir='ltr'><strong><em>dinationis</em></strong></span> <span class='ocrx_word' id='word_1_113' title='bbox 722 1718 1034 1783; x_wconf 79' lang='lat' dir='ltr'><strong><em>duximus</em></strong></span> <span class='ocrx_word' id='word_1_114' title='bbox 1099 1719 1456 1801; x_wconf 75' lang='lat' dir='ltr'><strong><em>eliqendam</em></strong></span> <span class='ocrx_word' id='word_1_115' title='bbox 1477 1768 1494 1798; x_wconf 90' lang='lat'><strong><em>,</em></strong></span> <span class='ocrx_word' id='word_1_116' title='bbox 1561 1738 1686 1801; x_wconf 88' lang='lat' dir='ltr'><strong><em>per</em></strong></span> <span class='ocrx_word' id='word_1_117' title='bbox 1767 1739 1962 1800; x_wconf 82' lang='lat' dir='ltr'><strong><em>quam</em></strong></span> <span class='ocrx_word' id='word_1_118' title='bbox 2032 1718 2339 1785; x_wconf 90' lang='lat' dir='ltr'><strong><em>tollentur</em></strong></span> <span class='ocrx_word' id='word_1_119' title='bbox 2404 1739 2586 1784; x_wconf 88' lang='lat' dir='ltr'><strong><em>scan-</em></strong></span> 
     </span>
     <span class='ocr_line' id='line_1_15' title="bbox 280 1815 2588 1903; baseline 0 -23"><span class='ocrx_word' id='word_1_120' title='bbox 280 1815 461 1893; x_wconf 85' lang='lat' dir='ltr'><strong><em>dala,</em></strong></span> <span class='ocrx_word' id='word_1_121' title='bbox 526 1815 914 1880; x_wconf 89' lang='lat' dir='ltr'><strong><em>vitabuntur</em></strong></span> <span class='ocrx_word' id='word_1_122' title='bbox 957 1815 1283 1903; x_wconf 88' lang='lat' dir='ltr'><strong><em>pericula,</em></strong></span> <span class='ocrx_word' id='word_1_123' title='bbox 1351 1821 1411 1880; x_wconf 90' lang='lat' dir='ltr'><strong><em>et</em></strong></span> <span class='ocrx_word' id='word_1_124' title='bbox 1471 1816 1636 1880; x_wconf 90' lang='lat' dir='ltr'><strong><em>bona</em></strong></span> <span class='ocrx_word' id='word_1_125' title='bbox 1692 1816 2245 1882; x_wconf 88' lang='lat' dir='ltr'><strong><em>conservabuntur</em></strong></span> <span class='ocrx_word' id='word_1_126' title='bbox 2301 1815 2588 1881; x_wconf 89' lang='lat' dir='ltr'><strong><em>subsidio</em></strong></span> 
     </span>
     <span class='ocr_line' id='line_1_16' title="bbox 290 1913 853 1977; baseline -0.002 -1"><span class='ocrx_word' id='word_1_127' title='bbox 290 1913 532 1977; x_wconf 86' lang='lat' dir='ltr'><strong><em>Terrae</em></strong></span> <span class='ocrx_word' id='word_1_128' title='bbox 577 1916 853 1976; x_wconf 90' lang='lat' dir='ltr'><strong><em>sanctae.</em></strong></span> 
     </span>
    </p>

    <p class='ocr_par' dir='ltr' id='par_1_9' title="bbox 272 2008 2606 4215">
     <span class='ocr_line' id='line_1_17' title="bbox 462 2008 2606 2091; baseline 0.001 -19"><span class='ocrx_word' id='word_1_129' title='bbox 462 2008 956 2073; x_wconf 89' lang='lat' dir='ltr'><strong><em>Considerantes</em></strong></span> <span class='ocrx_word' id='word_1_130' title='bbox 1001 2010 1220 2089; x_wconf 81' lang='lat' dir='ltr'><strong><em>itaque</em></strong></span> <span class='ocrx_word' id='word_1_131' title='bbox 1281 2008 1662 2090; x_wconf 84' lang='lat' dir='ltr'><strong><em>infamiam,</em></strong></span> <span class='ocrx_word' id='word_1_132' title='bbox 1725 2008 2179 2091; x_wconf 80' lang='lat' dir='ltr'><strong><em>suspicionem,</em></strong></span> <span class='ocrx_word' id='word_1_133' title='bbox 2243 2008 2606 2075; x_wconf 88' lang='lat' dir='ltr'><strong><em>clamosam·</em></strong></span> 
     </span>
     <span class='ocr_line' id='line_1_18' title="bbox 281 2104 2590 2188; baseline 0 -18"><span class='ocrx_word' id='word_1_134' title='bbox 281 2105 799 2171; x_wconf 82' lang='lat' dir='ltr'><strong><em>insinuationem</em></strong></span> <span class='ocrx_word' id='word_1_135' title='bbox 854 2111 915 2169; x_wconf 92' lang='lat' dir='ltr'><strong><em>et</em></strong></span> <span class='ocrx_word' id='word_1_136' title='bbox 969 2105 1105 2170; x_wconf 89' lang='lat' dir='ltr'><strong><em>alia</em></strong></span> <span class='ocrx_word' id='word_1_137' title='bbox 1158 2105 1563 2188; x_wconf 85' lang='lat' dir='ltr'><strong><em>supradicta,</em></strong></span> <span class='ocrx_word' id='word_1_138' title='bbox 1623 2126 1788 2186; x_wconf 79' lang='lat' dir='ltr'><strong><em>quae</em></strong></span> <span class='ocrx_word' id='word_1_139' title='bbox 1846 2110 2071 2171; x_wconf 92' lang='lat' dir='ltr'><strong><em>contra</em></strong></span> <span class='ocrx_word' id='word_1_140' title='bbox 2124 2104 2431 2170; x_wconf 86' lang='lat' dir='ltr'><strong><em>Ordinem</em></strong></span> <span class='ocrx_word' id='word_1_141' title='bbox 2473 2106 2590 2188; x_wconf 91' lang='lat' dir='ltr'><strong><em>fa-</em></strong></span> 
     </span>
     <span class='ocr_line' id='line_1_19' title="bbox 280 2201 2589 2285; baseline 0 -18"><span class='ocrx_word' id='word_1_142' title='bbox 280 2203 465 2267; x_wconf 88' lang='lat' dir='ltr'><strong><em>ciunt</em></strong></span> <span class='ocrx_word' id='word_1_143' title='bbox 510 2202 995 2285; x_wconf 87' lang='lat' dir='ltr'><strong><em>supradictum,</em></strong></span> <span class='ocrx_word' id='word_1_144' title='bbox 1056 2222 1171 2267; x_wconf 91' lang='lat' dir='ltr'><strong><em>nec</em></strong></span> <span class='ocrx_word' id='word_1_145' title='bbox 1215 2223 1346 2267; x_wconf 90' lang='lat' dir='ltr'><strong><em>non.</em></strong></span> <span class='ocrx_word' id='word_1_146' title='bbox 1403 2206 1462 2266; x_wconf 85' lang='lat' dir='ltr'><strong><em>et</em></strong></span> <span class='ocrx_word' id='word_1_147' title='bbox 1513 2202 1822 2267; x_wconf 85' lang='lat' dir='ltr'><strong><em>occultam</em></strong></span> <span class='ocrx_word' id='word_1_148' title='bbox 1872 2207 1933 2267; x_wconf 91' lang='lat' dir='ltr'><strong><em>et</em></strong></span> <span class='ocrx_word' id='word_1_149' title='bbox 1977 2201 2445 2267; x_wconf 85' lang='lat' dir='ltr'><strong><em>clandestinam</em></strong></span> <span class='ocrx_word' id='word_1_150' title='bbox 2491 2224 2589 2267; x_wconf 89' lang='lat' dir='ltr'><strong><em>re-</em></strong></span> 
     </span>
     <span class='ocr_line' id='line_1_20' title="bbox 281 2298 2589 2382; baseline -0 -18"><span class='ocrx_word' id='word_1_151' title='bbox 281 2298 631 2382; x_wconf 89' lang='lat' dir='ltr'><strong><em>ceptionem</em></strong></span> <span class='ocrx_word' id='word_1_152' title='bbox 674 2298 970 2380; x_wconf 81' lang='lat' dir='ltr'><strong><em>fratrum</em></strong></span> <span class='ocrx_word' id='word_1_153' title='bbox 1014 2298 1225 2382; x_wconf 89' lang='lat' dir='ltr'><strong><em>ipsius</em></strong></span> <span class='ocrx_word' id='word_1_154' title='bbox 1275 2298 1572 2377; x_wconf 87' lang='lat' dir='ltr'><strong><em>Ordinis,</em></strong></span> <span class='ocrx_word' id='word_1_155' title='bbox 1631 2298 2196 2381; x_wconf 81' lang='lat' dir='ltr'><strong><em>differentiamque</em></strong></span> <span class='ocrx_word' id='word_1_156' title='bbox 2235 2298 2589 2365; x_wconf 88' lang='lat' dir='ltr'><strong><em>multorum</em></strong></span> 
     </span>
     <span class='ocr_line' id='line_1_21' title="bbox 281 2393 2590 2477; baseline 0 -18"><span class='ocrx_word' id='word_1_157' title='bbox 281 2393 575 2477; x_wconf 81' lang='lat' dir='ltr'><strong><em>fratrum</em></strong></span> <span class='ocrx_word' id='word_1_158' title='bbox 622 2395 904 2472; x_wconf 78' lang='lat' dir='ltr'><strong><em>ejusdem</em></strong></span> <span class='ocrx_word' id='word_1_159' title='bbox 957 2417 998 2460; x_wconf 91' lang='lat' dir='ltr'><strong><em>a</em></strong></span> <span class='ocrx_word' id='word_1_160' title='bbox 1053 2396 1376 2461; x_wconf 90' lang='lat' dir='ltr'><strong><em>communi</em></strong></span> <span class='ocrx_word' id='word_1_161' title='bbox 1423 2396 1933 2475; x_wconf 89' lang='lat' dir='ltr'><strong><em>conversatione,</em></strong></span> <span class='ocrx_word' id='word_1_162' title='bbox 1990 2395 2130 2459; x_wconf 92' lang='lat' dir='ltr'><strong><em>vita</em></strong></span> <span class='ocrx_word' id='word_1_163' title='bbox 2184 2399 2245 2458; x_wconf 88' lang='lat' dir='ltr'><strong><em>et</em></strong></span> <span class='ocrx_word' id='word_1_164' title='bbox 2301 2395 2590 2461; x_wconf 87' lang='lat' dir='ltr'><strong><em>moribus</em></strong></span> 
     </span>
     <span class='ocr_line' id='line_1_22' title="bbox 283 2490 2588 2574; baseline 0 -16"><span class='ocrx_word' id='word_1_165' title='bbox 283 2492 568 2558; x_wconf 86' lang='lat' dir='ltr'><strong><em>aliorum</em></strong></span> <span class='ocrx_word' id='word_1_166' title='bbox 620 2490 878 2559; x_wconf 82' lang='lat' dir='ltr'><strong><em>Christi</em></strong></span> <span class='ocrx_word' id='word_1_167' title='bbox 919 2491 1226 2572; x_wconf 83' lang='lat' dir='ltr'><strong><em>fidelium,</em></strong></span> <span class='ocrx_word' id='word_1_168' title='bbox 1270 2492 1354 2558; x_wconf 24' lang='lat' dir='ltr'><strong><em>in*</em></strong></span> <span class='ocrx_word' id='word_1_169' title='bbox 1390 2514 1459 2559; x_wconf 88' lang='lat' dir='ltr'><strong><em>eo</em></strong></span> <span class='ocrx_word' id='word_1_170' title='bbox 1506 2490 1788 2557; x_wconf 78' lang='lat' dir='ltr'><strong><em>maoeime</em></strong></span> <span class='ocrx_word' id='word_1_171' title='bbox 1834 2492 2003 2573; x_wconf 79' lang='lat' dir='ltr'><strong><em>quod</em></strong></span> <span class='ocrx_word' id='word_1_172' title='bbox 2046 2490 2423 2574; x_wconf 88' lang='lat' dir='ltr'><strong><em>recipientes</em></strong></span> <span class='ocrx_word' id='word_1_173' title='bbox 2468 2491 2588 2558; x_wconf 91' lang='lat' dir='ltr'><strong><em>ali·</em></strong></span> 
     </span>
     <span class='ocr_line' id='line_1_23' title="bbox 282 2588 2590 2672; baseline 0 -18"><span class='ocrx_word' id='word_1_174' title='bbox 282 2610 440 2671; x_wconf 79' lang='lat' dir='ltr'><strong><em>quos</em></strong></span> <span class='ocrx_word' id='word_1_175' title='bbox 485 2590 560 2655; x_wconf 91' lang='lat' dir='ltr'><strong><em>in</em></strong></span> <span class='ocrx_word' id='word_1_176' title='bbox 613 2590 866 2672; x_wconf 85' lang='lat' dir='ltr'><strong><em>fratres</em></strong></span> <span class='ocrx_word' id='word_1_177' title='bbox 920 2588 1028 2654; x_wconf 89' lang='lat' dir='ltr'><strong><em>sui</em></strong></span> <span class='ocrx_word' id='word_1_178' title='bbox 1072 2588 1341 2653; x_wconf 89' lang='lat' dir='ltr'><strong><em>Ordinis</em></strong></span> <span class='ocrx_word' id='word_1_179' title='bbox 1394 2594 1674 2671; x_wconf 90' lang='lat' dir='ltr'><strong><em>receptos</em></strong></span> <span class='ocrx_word' id='word_1_180' title='bbox 1727 2588 1801 2653; x_wconf 92' lang='lat' dir='ltr'><strong><em>in</em></strong></span> <span class='ocrx_word' id='word_1_181' title='bbox 1856 2588 2003 2671; x_wconf 87' lang='lat' dir='ltr'><strong><em>ipsa</em></strong></span> <span class='ocrx_word' id='word_1_182' title='bbox 2061 2609 2183 2653; x_wconf 90' lang='lat' dir='ltr'><strong><em>sua</em></strong></span> <span class='ocrx_word' id='word_1_183' title='bbox 2234 2588 2590 2670; x_wconf 86' lang='lat' dir='ltr'><strong><em>receptione</em></strong></span> 
     </span>
     <span class='ocr_line' id='line_1_24' title="bbox 273 2685 2591 2768; baseline 0.001 -18"><span class='ocrx_word' id='word_1_184' title='bbox 273 2686 745 2768; x_wconf 84' lang='lat' dir='ltr'><strong><em>professionem</em></strong></span> <span class='ocrx_word' id='word_1_185' title='bbox 793 2685 1080 2750; x_wconf 90' lang='lat' dir='ltr'><strong><em>emittere</em></strong></span> <span class='ocrx_word' id='word_1_186' title='bbox 1120 2685 1449 2768; x_wconf 89' lang='lat' dir='ltr'><strong><em>faciebant</em></strong></span> <span class='ocrx_word' id='word_1_187' title='bbox 1496 2692 1555 2749; x_wconf 90' lang='lat' dir='ltr'><strong><em>et</em></strong></span> <span class='ocrx_word' id='word_1_188' title='bbox 1587 2687 1849 2768; x_wconf 82' lang='lat' dir='ltr'><strong><em>jurare,</em></strong></span> <span class='ocrx_word' id='word_1_189' title='bbox 1901 2685 2163 2751; x_wconf 88' lang='lat' dir='ltr'><strong><em>modum</em></strong></span> <span class='ocrx_word' id='word_1_190' title='bbox 2208 2685 2591 2768; x_wconf 87' lang='lat' dir='ltr'><strong><em>receptionis</em></strong></span> 
     </span>
     <span class='ocr_line' id='line_1_25' title="bbox 283 2781 2589 2865; baseline 0.001 -20"><span class='ocrx_word' id='word_1_191' title='bbox 283 2781 532 2847; x_wconf 90' lang='lat' dir='ltr'><strong><em>nemini</em></strong></span> <span class='ocrx_word' id='word_1_192' title='bbox 577 2782 878 2861; x_wconf 89' lang='lat' dir='ltr'><strong><em>revelare,</em></strong></span> <span class='ocrx_word' id='word_1_193' title='bbox 926 2803 1041 2848; x_wconf 91' lang='lat' dir='ltr'><strong><em>nec</em></strong></span> <span class='ocrx_word' id='word_1_194' title='bbox 1066 2782 1443 2865; x_wconf 72' lang='lat' dir='ltr'><strong><em>reliyionem</em></strong></span> <span class='ocrx_word' id='word_1_195' title='bbox 1487 2781 1673 2847; x_wconf 91' lang='lat' dir='ltr'><strong><em>illam</em></strong></span> <span class='ocrx_word' id='word_1_196' title='bbox 1720 2782 1915 2861; x_wconf 79' lang='lat' dir='ltr'><strong><em>exire,</em></strong></span> <span class='ocrx_word' id='word_1_197' title='bbox 1963 2803 2044 2847; x_wconf 76' lang='lat' dir='ltr'><strong><em>ex</em></strong></span> <span class='ocrx_word' id='word_1_198' title='bbox 2084 2781 2318 2863; x_wconf 82' lang='lat' dir='ltr'><strong><em>quibus</em></strong></span> <span class='ocrx_word' id='word_1_199' title='bbox 2364 2787 2589 2848; x_wconf 90' lang='lat' dir='ltr'><strong><em>contra</em></strong></span> 
     </span>
     <span class='ocr_line' id='line_1_26' title="bbox 282 2878 2587 2962; baseline 0 -19"><span class='ocrx_word' id='word_1_200' title='bbox 282 2898 386 2943; x_wconf 89' lang='lat' dir='ltr'><strong><em>eos</em></strong></span> <span class='ocrx_word' id='word_1_201' title='bbox 422 2878 877 2960; x_wconf 86' lang='lat' dir='ltr'><strong><em>praesumitur</em></strong></span> <span class='ocrx_word' id='word_1_202' title='bbox 921 2878 1276 2957; x_wconf 88' lang='lat' dir='ltr'><strong><em>evidenter,·</em></strong></span> <span class='ocrx_word' id='word_1_203' title='bbox 1322 2879 1720 2944; x_wconf 83' lang='lat' dir='ltr'><strong><em>attendentes</em></strong></span> <span class='ocrx_word' id='word_1_204' title='bbox 1765 2879 2038 2961; x_wconf 87' lang='lat' dir='ltr'><strong><em>insuper</em></strong></span> <span class='ocrx_word' id='word_1_205' title='bbox 2076 2898 2280 2962; x_wconf 75' lang='lat' dir='ltr'><strong><em>qrave</em></strong></span> <span class='ocrx_word' id='word_1_206' title='bbox 2319 2879 2587 2944; x_wconf 89' lang='lat' dir='ltr'><strong><em>scanda-</em></strong></span> 
     </span>
     <span class='ocr_line' id='line_1_27' title="bbox 284 2974 2586 3057; baseline 0.001 -19"><span class='ocrx_word' id='word_1_207' title='bbox 284 2974 421 3040; x_wconf 88' lang='lat' dir='ltr'><strong><em>lum</em></strong></span> <span class='ocrx_word' id='word_1_208' title='bbox 495 2995 576 3037; x_wconf 75' lang='lat' dir='ltr'><strong><em>ecc</em></strong></span> <span class='ocrx_word' id='word_1_209' title='bbox 641 2974 999 3057; x_wconf 85' lang='lat' dir='ltr'><strong><em>praedictis</em></strong></span> <span class='ocrx_word' id='word_1_210' title='bbox 1071 2980 1297 3041; x_wconf 89' lang='lat' dir='ltr'><strong><em>contra</em></strong></span> <span class='ocrx_word' id='word_1_211' title='bbox 1369 2975 1677 3040; x_wconf 87' lang='lat' dir='ltr'><strong><em>Ordinem</em></strong></span> <span class='ocrx_word' id='word_1_212' title='bbox 1741 2974 2184 3057; x_wconf 85' lang='lat' dir='ltr'><strong><em>praelibatum</em></strong></span> <span class='ocrx_word' id='word_1_213' title='bbox 2251 2975 2586 3040; x_wconf 89' lang='lat' dir='ltr'><strong><em>subortum</em></strong></span> 
     </span>
     <span class='ocr_line' id='line_1_28' title="bbox 278 3069 2585 3154; baseline 0 -17"><span class='ocrx_word' id='word_1_214' title='bbox 278 3072 515 3154; x_wconf 89' lang='lat' dir='ltr'><strong><em>fuisse,</em></strong></span> <span class='ocrx_word' id='word_1_215' title='bbox 573 3071 742 3151; x_wconf 83' lang='lat' dir='ltr'><strong><em>quod</em></strong></span> <span class='ocrx_word' id='word_1_216' title='bbox 785 3092 917 3136; x_wconf 90' lang='lat' dir='ltr'><strong><em>non</em></strong></span> <span class='ocrx_word' id='word_1_217' title='bbox 962 3069 1292 3136; x_wconf 89' lang='lat' dir='ltr'><strong><em>videretur</em></strong></span> <span class='ocrx_word' id='word_1_218' title='bbox 1336 3092 1524 3154; x_wconf 88' lang='lat' dir='ltr'><strong><em>posse</em></strong></span> <span class='ocrx_word' id='word_1_219' title='bbox 1569 3072 1786 3137; x_wconf 91' lang='lat' dir='ltr'><strong><em>sedari</em></strong></span> <span class='ocrx_word' id='word_1_220' title='bbox 1832 3071 2043 3136; x_wconf 89' lang='lat' dir='ltr'><strong><em>eodem</em></strong></span> <span class='ocrx_word' id='word_1_221' title='bbox 2095 3071 2337 3137; x_wconf 85' lang='lat' dir='ltr'><strong><em>Ordine</em></strong></span> <span class='ocrx_word' id='word_1_222' title='bbox 2380 3093 2585 3138; x_wconf 92' lang='lat' dir='ltr'><strong><em>rema·</em></strong></span> 
     </span>
     <span class='ocr_line' id='line_1_29' title="bbox 281 3168 2584 3251; baseline -0 -18"><span class='ocrx_word' id='word_1_223' title='bbox 281 3172 500 3247; x_wconf 89' lang='lat' dir='ltr'><strong><em>nente,</em></strong></span> <span class='ocrx_word' id='word_1_224' title='bbox 561 3189 676 3232; x_wconf 91' lang='lat' dir='ltr'><strong><em>nec</em></strong></span> <span class='ocrx_word' id='word_1_225' title='bbox 719 3189 851 3232; x_wconf 90' lang='lat' dir='ltr'><strong><em>non</em></strong></span> <span class='ocrx_word' id='word_1_226' title='bbox 897 3172 957 3231; x_wconf 91' lang='lat' dir='ltr'><strong><em>et</em></strong></span> <span class='ocrx_word' id='word_1_227' title='bbox 997 3168 1149 3248; x_wconf 84' lang='lat' dir='ltr'><strong><em>fidei</em></strong></span> <span class='ocrx_word' id='word_1_228' title='bbox 1194 3173 1255 3232; x_wconf 90' lang='lat' dir='ltr'><strong><em>et</em></strong></span> <span class='ocrx_word' id='word_1_229' title='bbox 1298 3168 1676 3233; x_wconf 89' lang='lat' dir='ltr'><strong><em>animarum</em></strong></span> <span class='ocrx_word' id='word_1_230' title='bbox 1712 3168 2045 3251; x_wconf 90' lang='lat' dir='ltr'><strong><em>pericula,</em></strong></span> <span class='ocrx_word' id='word_1_231' title='bbox 2101 3172 2161 3232; x_wconf 92' lang='lat' dir='ltr'><strong><em>et</em></strong></span> <span class='ocrx_word' id='word_1_232' title='bbox 2208 3188 2399 3249; x_wconf 82' lang='lat' dir='ltr'><strong><em>quam</em></strong></span> <span class='ocrx_word' id='word_1_233' title='bbox 2443 3169 2584 3251; x_wconf 86' lang='lat' dir='ltr'><strong><em>plu--</em></strong></span> 
     </span>
     <span class='ocr_line' id='line_1_30' title="bbox 282 3264 2587 3347; baseline 0 -19"><span class='ocrx_word' id='word_1_234' title='bbox 282 3265 602 3330; x_wconf 86' lang='lat' dir='ltr'><strong><em>rimorum</em></strong></span> <span class='ocrx_word' id='word_1_235' title='bbox 660 3264 956 3347; x_wconf 86' lang='lat' dir='ltr'><strong><em>fratrum</em></strong></span> <span class='ocrx_word' id='word_1_236' title='bbox 1016 3264 1173 3329; x_wconf 90' lang='lat' dir='ltr'><strong><em>dicti</em></strong></span> <span class='ocrx_word' id='word_1_237' title='bbox 1240 3264 1508 3329; x_wconf 88' lang='lat' dir='ltr'><strong><em>Ordinis</em></strong></span> <span class='ocrx_word' id='word_1_238' title='bbox 1569 3264 1917 3329; x_wconf 78' lang='lat' dir='ltr'><strong><em>horribilia</em></strong></span> <span class='ocrx_word' id='word_1_239' title='bbox 1979 3264 2187 3329; x_wconf 84' lang='lat' dir='ltr'><strong><em>multa</em></strong></span> <span class='ocrx_word' id='word_1_240' title='bbox 2251 3265 2463 3346; x_wconf 83' lang='lat' dir='ltr'><strong><em>facta,</em></strong></span> <span class='ocrx_word' id='word_1_241' title='bbox 2527 3271 2587 3329; x_wconf 92' lang='lat' dir='ltr'><strong><em>et</em></strong></span> 
     </span>
     <span class='ocr_line' id='line_1_31' title="bbox 283 3360 2588 3443; baseline 0.001 -18"><span class='ocrx_word' id='word_1_242' title='bbox 283 3362 525 3427; x_wconf 85' lang='lat' dir='ltr'><strong><em>multas</em></strong></span> <span class='ocrx_word' id='word_1_243' title='bbox 592 3360 762 3424; x_wconf 88' lang='lat' dir='ltr'><strong><em>alias</em></strong></span> <span class='ocrx_word' id='word_1_244' title='bbox 821 3360 1109 3425; x_wconf 89' lang='lat' dir='ltr'><strong><em>rationes</em></strong></span> <span class='ocrx_word' id='word_1_245' title='bbox 1162 3361 1387 3443; x_wconf 79' lang='lat' dir='ltr'><strong><em>justas</em></strong></span> <span class='ocrx_word' id='word_1_246' title='bbox 1451 3367 1511 3425; x_wconf 91' lang='lat' dir='ltr'><strong><em>et</em></strong></span> <span class='ocrx_word' id='word_1_247' title='bbox 1579 3382 1841 3437; x_wconf 91' lang='lat' dir='ltr'><strong><em>causas,</em></strong></span> <span class='ocrx_word' id='word_1_248' title='bbox 1911 3381 2075 3442; x_wconf 80' lang='lat' dir='ltr'><strong><em>quae</em></strong></span> <span class='ocrx_word' id='word_1_249' title='bbox 2141 3365 2438 3425; x_wconf 88' lang='lat' dir='ltr'><strong><em>nostrum</em></strong></span> <span class='ocrx_word' id='word_1_250' title='bbox 2503 3362 2588 3427; x_wconf 90' lang='lat' dir='ltr'><strong><em>ad</em></strong></span> 
     </span>
     <span class='ocr_line' id='line_1_32' title="bbox 282 3456 2586 3540; baseline 0.001 -20"><span class='ocrx_word' id='word_1_251' title='bbox 282 3457 470 3539; x_wconf 86' lang='lat' dir='ltr'><strong><em>infra</em></strong></span> <span class='ocrx_word' id='word_1_252' title='bbox 536 3457 783 3539; x_wconf 88' lang='lat' dir='ltr'><strong><em>scripta</em></strong></span> <span class='ocrx_word' id='word_1_253' title='bbox 850 3477 1098 3521; x_wconf 91' lang='lat' dir='ltr'><strong><em>movere</em></strong></span> <span class='ocrx_word' id='word_1_254' title='bbox 1167 3458 1464 3522; x_wconf 88' lang='lat' dir='ltr'><strong><em>animum</em></strong></span> <span class='ocrx_word' id='word_1_255' title='bbox 1529 3456 2017 3523; x_wconf 82' lang='lat' dir='ltr'><strong><em>rationabiliter</em></strong></span> <span class='ocrx_word' id='word_1_256' title='bbox 2084 3461 2144 3521; x_wconf 95' lang='lat' dir='ltr'><strong><em>et</em></strong></span> <span class='ocrx_word' id='word_1_257' title='bbox 2215 3457 2419 3521; x_wconf 89' lang='lat' dir='ltr'><strong><em>debite</em></strong></span> <span class='ocrx_word' id='word_1_258' title='bbox 2469 3479 2586 3540; x_wconf 89' lang='lat' dir='ltr'><strong><em>po-</em></strong></span> 
     </span>
     <span class='ocr_line' id='line_1_33' title="bbox 285 3551 2588 3636; baseline 0.001 -19"><span class='ocrx_word' id='word_1_259' title='bbox 285 3557 589 3632; x_wconf 90' lang='lat' dir='ltr'><strong><em>tuerunt,·</em></strong></span> <span class='ocrx_word' id='word_1_260' title='bbox 636 3552 794 3634; x_wconf 80' lang='lat' dir='ltr'><strong><em>quia</em></strong></span> <span class='ocrx_word' id='word_1_261' title='bbox 840 3558 899 3616; x_wconf 88' lang='lat' dir='ltr'><strong><em>et</em></strong></span> <span class='ocrx_word' id='word_1_262' title='bbox 930 3554 1172 3636; x_wconf 81' lang='lat' dir='ltr'><strong><em>majori</em></strong></span> <span class='ocrx_word' id='word_1_263' title='bbox 1209 3553 1396 3635; x_wconf 90' lang='lat' dir='ltr'><strong><em>parti</em></strong></span> <span class='ocrx_word' id='word_1_264' title='bbox 1439 3554 1760 3619; x_wconf 88' lang='lat' dir='ltr'><strong><em>dictorum</em></strong></span> <span class='ocrx_word' id='word_1_265' title='bbox 1797 3551 2254 3619; x_wconf 89' lang='lat' dir='ltr'><strong><em>Cardinalium</em></strong></span> <span class='ocrx_word' id='word_1_266' title='bbox 2301 3558 2361 3617; x_wconf 91' lang='lat' dir='ltr'><strong><em>et</em></strong></span> <span class='ocrx_word' id='word_1_267' title='bbox 2401 3575 2588 3635; x_wconf 86' lang='lat' dir='ltr'><strong><em>prae-</em></strong></span> 
     </span>
     <span class='ocr_line' id='line_1_34' title="bbox 280 3648 2590 3733; baseline 0.001 -20"><span class='ocrx_word' id='word_1_268' title='bbox 280 3649 602 3715; x_wconf 89' lang='lat' dir='ltr'><strong><em>dictorum</em></strong></span> <span class='ocrx_word' id='word_1_269' title='bbox 655 3668 697 3713; x_wconf 90' lang='lat' dir='ltr'><strong><em>a</em></strong></span> <span class='ocrx_word' id='word_1_270' title='bbox 745 3654 873 3714; x_wconf 93' lang='lat' dir='ltr'><strong><em>toto</em></strong></span> <span class='ocrx_word' id='word_1_271' title='bbox 924 3648 1207 3715; x_wconf 85' lang='lat' dir='ltr'><strong><em>Concilio</em></strong></span> <span class='ocrx_word' id='word_1_272' title='bbox 1268 3649 1635 3730; x_wconf 88' lang='lat' dir='ltr'><strong><em>electorum,</em></strong></span> <span class='ocrx_word' id='word_1_273' title='bbox 1687 3651 1844 3733; x_wconf 87' lang='lat' dir='ltr'><strong><em>plus</em></strong></span> <span class='ocrx_word' id='word_1_274' title='bbox 1900 3670 2097 3732; x_wconf 79' lang='lat' dir='ltr'><strong><em>quam</em></strong></span> <span class='ocrx_word' id='word_1_275' title='bbox 2155 3656 2440 3731; x_wconf 82' lang='lat' dir='ltr'><strong><em>quatuor</em></strong></span> <span class='ocrx_word' id='word_1_276' title='bbox 2493 3652 2590 3715; x_wconf 89' lang='lat' dir='ltr'><strong><em>vel</em></strong></span> 
     </span>
     <span class='ocr_line' id='line_1_35' title="bbox 283 3745 2589 3830; baseline 0.001 -19"><span class='ocrx_word' id='word_1_277' title='bbox 283 3745 569 3827; x_wconf 79' lang='lat' dir='ltr'><strong><em>quinque</em></strong></span> <span class='ocrx_word' id='word_1_278' title='bbox 621 3746 932 3828; x_wconf 88' lang='lat' dir='ltr'><strong><em>partibus</em></strong></span> <span class='ocrx_word' id='word_1_279' title='bbox 994 3747 1390 3829; x_wconf 88' lang='lat' dir='ltr'><strong><em>eorumdem,</em></strong></span> <span class='ocrx_word' id='word_1_280' title='bbox 1464 3746 1674 3812; x_wconf 89' lang='lat' dir='ltr'><strong><em>visum</em></strong></span> <span class='ocrx_word' id='word_1_281' title='bbox 1738 3752 1832 3811; x_wconf 93' lang='lat' dir='ltr'><strong><em>est</em></strong></span> <span class='ocrx_word' id='word_1_282' title='bbox 1894 3746 2221 3811; x_wconf 88' lang='lat' dir='ltr'><strong><em>decentius</em></strong></span> <span class='ocrx_word' id='word_1_283' title='bbox 2289 3750 2351 3811; x_wconf 90' lang='lat' dir='ltr'><strong><em>et</em></strong></span> <span class='ocrx_word' id='word_1_284' title='bbox 2407 3768 2589 3830; x_wconf 78' lang='lat' dir='ltr'><strong><em>expe·</em></strong></span> 
     </span>
     <span class='ocr_line' id='line_1_36' title="bbox 283 3842 2590 3926; baseline 0.001 -20"><span class='ocrx_word' id='word_1_285' title='bbox 283 3843 571 3908; x_wconf 89' lang='lat' dir='ltr'><strong><em>dientius</em></strong></span> <span class='ocrx_word' id='word_1_286' title='bbox 615 3846 676 3907; x_wconf 90' lang='lat' dir='ltr'><strong><em>et</em></strong></span> <span class='ocrx_word' id='word_1_287' title='bbox 719 3842 954 3908; x_wconf 88' lang='lat' dir='ltr'><strong><em>utilius</em></strong></span> <span class='ocrx_word' id='word_1_288' title='bbox 1001 3864 1128 3926; x_wconf 87' lang='lat' dir='ltr'><strong><em>pro</em></strong></span> <span class='ocrx_word' id='word_1_289' title='bbox 1174 3843 1305 3907; x_wconf 91' lang='lat' dir='ltr'><strong><em>Dei</em></strong></span> <span class='ocrx_word' id='word_1_290' title='bbox 1351 3843 1589 3908; x_wconf 85' lang='lat' dir='ltr'><strong><em>honore</em></strong></span> <span class='ocrx_word' id='word_1_291' title='bbox 1633 3848 1694 3908; x_wconf 90' lang='lat' dir='ltr'><strong><em>et</em></strong></span> <span class='ocrx_word' id='word_1_292' title='bbox 1742 3864 1869 3925; x_wconf 88' lang='lat' dir='ltr'><strong><em>pro</em></strong></span> <span class='ocrx_word' id='word_1_293' title='bbox 1916 3842 2396 3909; x_wconf 87' lang='lat' dir='ltr'><strong><em>conservatione</em></strong></span> <span class='ocrx_word' id='word_1_294' title='bbox 2438 3845 2590 3925; x_wconf 85' lang='lat' dir='ltr'><strong><em>fidei</em></strong></span> 
     </span>
     <span class='ocr_line' id='line_1_37' title="bbox 285 3937 2589 4021; baseline 0.002 -18"><span class='ocrx_word' id='word_1_295' title='bbox 285 3937 684 4003; x_wconf 83' lang='lat' dir='ltr'><strong><em>christianae</em></strong></span> <span class='ocrx_word' id='word_1_296' title='bbox 742 3959 817 4003; x_wconf 88' lang='lat' dir='ltr'><strong><em>ac</em></strong></span> <span class='ocrx_word' id='word_1_297' title='bbox 875 3939 1161 4009; x_wconf 87' lang='lat' dir='ltr'><strong><em>subsidio</em></strong></span> <span class='ocrx_word' id='word_1_298' title='bbox 1217 3940 1456 4005; x_wconf 92' lang='lat' dir='ltr'><strong><em>Terrae</em></strong></span> <span class='ocrx_word' id='word_1_299' title='bbox 1511 3945 1800 4019; x_wconf 91' lang='lat' dir='ltr'><strong><em>sanctae,</em></strong></span> <span class='ocrx_word' id='word_1_300' title='bbox 1863 3939 2212 4021; x_wconf 82' lang='lat' dir='ltr'><strong><em>multisque</em></strong></span> <span class='ocrx_word' id='word_1_301' title='bbox 2270 3940 2422 4005; x_wconf 87' lang='lat' dir='ltr'><strong><em>aliis</em></strong></span> <span class='ocrx_word' id='word_1_302' title='bbox 2481 3962 2589 4007; x_wconf 91' lang='lat' dir='ltr'><strong><em>ra-</em></strong></span> 
     </span>
     <span class='ocr_line' id='line_1_38' title="bbox 284 4034 2591 4119; baseline 0.003 -22"><span class='ocrx_word' id='word_1_303' title='bbox 284 4034 574 4100; x_wconf 89' lang='lat' dir='ltr'><strong><em>tionibus</em></strong></span> <span class='ocrx_word' id='word_1_304' title='bbox 618 4034 883 4112; x_wconf 87' lang='lat' dir='ltr'><strong><em>validis,</em></strong></span> <span class='ocrx_word' id='word_1_305' title='bbox 938 4036 1325 4117; x_wconf 78' lang='lat' dir='ltr'><strong><em>sequendam</em></strong></span> <span class='ocrx_word' id='word_1_306' title='bbox 1368 4036 1512 4118; x_wconf 85' lang='lat' dir='ltr'><strong><em>fore</em></strong></span> <span class='ocrx_word' id='word_1_307' title='bbox 1555 4037 1782 4119; x_wconf 89' lang='lat' dir='ltr'><strong><em>potius</em></strong></span> <span class='ocrx_word' id='word_1_308' title='bbox 1826 4036 2002 4100; x_wconf 91' lang='lat' dir='ltr'><strong><em>viam</em></strong></span> <span class='ocrx_word' id='word_1_309' title='bbox 2048 4035 2485 4102; x_wconf 89' lang='lat' dir='ltr'><strong><em>ordinationis</em></strong></span> <span class='ocrx_word' id='word_1_310' title='bbox 2531 4043 2591 4103; x_wconf 92' lang='lat' dir='ltr'><strong><em>et</em></strong></span> 
     </span>
     <span class='ocr_line' id='line_1_39' title="bbox 272 4131 2589 4215; baseline 0.002 -20"><span class='ocrx_word' id='word_1_311' title='bbox 272 4131 675 4214; x_wconf 88' lang='lat' dir='ltr'><strong><em>provisionis</em></strong></span> <span class='ocrx_word' id='word_1_312' title='bbox 724 4131 907 4196; x_wconf 83' lang='lat' dir='ltr'><strong><em>Sedis</em></strong></span> <span class='ocrx_word' id='word_1_313' title='bbox 954 4131 1388 4215; x_wconf 85' lang='lat' dir='ltr'><strong><em>Apostolicae,</em></strong></span> <span class='ocrx_word' id='word_1_314' title='bbox 1452 4133 1757 4198; x_wconf 88' lang='lat' dir='ltr'><strong><em>Ordinem</em></strong></span> <span class='ocrx_word' id='word_1_315' title='bbox 1813 4152 1998 4215; x_wconf 90' lang='lat' dir='ltr'><strong><em>saepe</em></strong></span> <span class='ocrx_word' id='word_1_316' title='bbox 2050 4133 2268 4215; x_wconf 88' lang='lat' dir='ltr'><strong><em>fatum</em></strong></span> <span class='ocrx_word' id='word_1_317' title='bbox 2316 4134 2589 4200; x_wconf 90' lang='lat' dir='ltr'><strong><em>tollendo</em></strong></span> 
     </span>
    </p>
   </div>
   <div class='ocr_carea' id='block_1_3' title="bbox 383 4241 2380 4294">
    <p class='ocr_par' dir='ltr' id='par_1_10' title="bbox 383 4241 2380 4294">
     <span class='ocr_line' id='line_1_40' title="bbox 383 4241 2380 4294; baseline -0.002 -10"><span class='ocrx_word' id='word_1_318' title='bbox 383 4242 645 4294; x_wconf 76' lang='lat' dir='ltr'><strong><em>Jungmaun.</em></strong></span> <span class='ocrx_word' id='word_1_319' title='bbox 695 4243 1046 4285; x_wconf 76' lang='lat' dir='ltr'><strong><em>Dissertationes.</em></strong></span> <span class='ocrx_word' id='word_1_320' title='bbox 1086 4245 1206 4285; x_wconf 86' lang='lat' dir='ltr'><strong><em>Tom.</em></strong></span> <span class='ocrx_word' id='word_1_321' title='bbox 1238 4244 1318 4283; x_wconf 84' lang='lat' dir='ltr'><strong><em>VI.</em></strong></span> <span class='ocrx_word' id='word_1_322' title='bbox 2347 4241 2380 4291; x_wconf 87' lang='lat'>8</span> 
     </span>
    </p>
   </div>
  </div>
 </body>
</html>
