3281 5014
600 432 667 484 12
1175 430 1347 485 XXX.
1380 431 1465 486 De
1500 429 1833 486 Pontificatu
1868 429 2136 484 Bonifatii
2162 429 2321 486 VIII.

598 575 850 650 menta,
913 592 1028 637 nec
1085 570 1239 636 illae
1295 570 1596 653 fraudes,
1663 573 1735 633 ut
1791 569 2157 635 adversarii
2210 571 2599 638 asserebant.
2658 610 2745 619 —-
2805 575 2909 639 Ex

596 668 698 733 his
766 669 1150 754 colligimus,
1228 667 1630 732 Bonifatium
1705 672 1876 732 certe
1944 689 2076 732 non
2152 670 2383 733 acriter
2447 671 2615 753 apud
2683 671 2904 737 Coele-

596 766 839 831 stinum
901 766 1250 843 institisse,
1315 773 1391 830 ut
1451 765 1834 848 pontificatu
1896 763 2177 841 cederet,
2243 786 2363 829 nec
2417 767 2604 831 malis
2665 769 2905 833 fraudi-

595 861 715 927 bus
781 884 966 927 usum
1036 884 1197 928 esse.
1311 861 1610 926 Profecto
1686 865 1983 925 sanctum
2055 860 2261 925 virum
2336 863 2519 927 oneri
2590 866 2910 947 portando

594 980 727 1024 non
777 980 915 1024 esse
961 958 1258 1026 idoneum
1318 963 1385 1024 et
1434 959 1571 1042 ipse
1617 957 1987 1021 Bonifatius
2037 957 2322 1032 videbat3
2382 980 2460 1023 ex
2505 961 2710 1025 altera
2759 984 2905 1027 vero

594 1061 780 1139 parte
859 1056 1330 1122 abdicationem
1402 1056 1728 1121 insolitam
1806 1053 1988 1119 novis
2073 1054 2562 1121 difficultatibus
2634 1059 2905 1124 occasio·

594 1174 744 1217 nem
797 1153 1103 1236 praebere
1154 1175 1368 1236 posse,
1433 1173 1578 1216 eum
1643 1174 1775 1216 non
1838 1152 2099 1216 latebat.
2190 1152 2508 1236 Quidquid
2558 1175 2711 1220 vero
2770 1157 2904 1221 exi-

593 1250 897 1314 stimatur
950 1250 1205 1328 fecisse,
1264 1251 1398 1314 sive
1455 1250 1806 1315 consulerit
1856 1270 2001 1313 cum
2057 1248 2200 1313 aliis
2248 1248 2696 1315 cardinalibus
2743 1250 2903 1317 Coe-

592 1347 835 1411 lestino
894 1346 1470 1421 renuntiationem,
1536 1347 1670 1410 sive
1729 1346 2134 1421 dissuaserit,
2194 1345 2360 1410 nihil
2419 1347 2700 1411 inveniri
2761 1358 2902 1433 pot-

594 1447 723 1521 est,
785 1443 855 1508 in
919 1444 1153 1528 quibus
1205 1442 1460 1508 honesti
1523 1442 1646 1506 viri
1708 1443 2034 1507 tramitem
2098 1443 2219 1508 hac
2282 1444 2351 1507 in
2412 1465 2480 1508 re
2537 1442 2904 1511 Bonifatius

592 1539 948 1605 deseruisse
1007 1540 1278 1606 dicatur.
1350 1577 1434 1586 —
1498 1539 1743 1605 Postea
1805 1562 1959 1604 sane
2015 1539 2453 1604 Coelestinum
2510 1543 2902 1607 consuluisse

592 1636 1011 1702 Benedictum
1069 1635 1504 1714 Cardinalem,
1563 1660 1647 1702 an
1708 1641 1776 1701 et
1835 1659 1963 1721 qua
2021 1637 2273 1702 ratione
2329 1638 2533 1720 possit
2587 1638 2900 1718 abdicare,

592 1734 863 1799 tradunt
913 1734 1232 1816 historici3
1294 1737 1488 1818 atque
1544 1734 1731 1798 facile
1786 1732 2183 1809 conceditur,
2248 1733 2419 1798 hunc
2477 1735 2684 1801 virum
2732 1737 2902 1820 juris

593 1830 884 1895 canonici
938 1831 1391 1915 peritissimum
1439 1832 1703 1915 juvasse
1751 1828 2161 1906 Pontificem,
2218 1837 2292 1894 ut
2347 1853 2423 1895 ea
2478 1833 2730 1898 ratione
2788 1833 2899 1897 ab·

592 1926 975 1991 dicationem
1024 1928 1389 2011 perficeret,
1449 1949 1576 2012 qua
1628 1926 1825 1991 saluti
1872 1926 2193 1991 Ecclesiae
2239 1928 2627 2012 provideret,
2684 1951 2756 1994 ac
2798 1952 2901 2014 pe·

594 2024 812 2102 ricula,
859 2029 1174 2108 quantum
1222 2024 1364 2087 fieri
1409 2028 1683 2108 poterat,
1730 2023 2154 2107 praeveniret.

772 2190 876 2254 13.
924 2188 1265 2255 Accusatio
1311 2212 1528 2274 porro,
1574 2212 1701 2274 qua
1748 2187 1992 2254 Villani
2037 2190 2263 2271 refert,
2309 2188 2709 2255 Bonifatium
2756 2212 2900 2274 pro·

592 2287 1010 2352 missionibus
1075 2311 1113 2351 a
1156 2287 1386 2352 Oarolo
1446 2309 1595 2372 rege
1657 2287 2051 2364 obtinuisse,
2113 2292 2186 2352 ut
2238 2287 2492 2351 influxu
2551 2290 2689 2372 ejus
2749 2293 2901 2353 vota

260 2395 573 2501 Elffittiiztgaud
594 2382 1028 2449 Cardinalium
1089 2404 1205 2466 pro
1268 2382 1589 2468 dignitate
1650 2384 1981 2468 pontificia
2038 2381 2442 2468 obtineret,¹)
2512 2385 2687 2448 omni
2747 2386 2898 2450 fun-

594 2483 897 2568 damento
926 2484 1150 2560 caret,
1207 2486 1272 2545 et
1318 2479 1543 2560 solidis,
1591 2481 1991 2567 argumentis
2037 2481 2379 2564 refutatur.
2471 2470 2763 2560 Caroliss,
2811 2488 2903 2547 se-

595 2578 874 2643 cundum
941 2577 1385 2642 Ptolomaeum
1456 2577 1841 2657 Lucensem,
1917 2585 2230 2664 quantum
2307 2580 2523 2663 potuit
2602 2578 2903 2644 Coelesti-

590 2698 745 2740 num
812 2697 850 2739 a
915 2674 1399 2739 renuntiatione
1471 2697 1766 2740 amovere
1834 2676 2114 2753 studuit,
2192 2698 2266 2740 ac
2331 2675 2433 2739 die
2500 2672 2571 2739 6⁰
2631 2675 2900 2740 Decem-

591 2772 721 2837 bris
782 2771 1085 2835 solemnis
1138 2769 1362 2835 habita
1425 2777 1524 2836 est
1577 2772 1659 2837 ad
1702 2772 2076 2839 Pontificem
2136 2773 2483 2856 processi0,
2548 2772 2647 2836 cui
2705 2773 2900 2836 etiam

594 2869 1001 2933 Ptolomaeus
1064 2867 1379 2933 interfuit.
1494 2867 1706 2947 Unus,
1770 2870 2022 2944 scribit,
2085 2866 2417 2951 episcopus
2468 2867 2905 2950 processionis

581 2962 957 3047 praedictae
1020 2981 1062 3025 a
1119 2967 1341 3028 sancto
1400 2964 1718 3045 Pontifice
1778 2965 2185 3031 audientiam
2238 2964 2434 3047 petit,
2497 2963 2759 3045 loquens
2824 2963 2898 3029 in

581 3080 865 3145 persona
924 3058 1098 3142 reqis
1155 3065 1216 3124 et
1276 3061 1478 3127 totius
1530 3062 1720 3145 reqni
1776 3066 2096 3144 quantum
2155 3062 2241 3127 ad
2285 3061 2526 3127 clerum
2581 3066 2641 3126 et
2689 3081 2899 3143 popu-

592 3156 763 3236 lum,
819 3176 918 3221 me
964 3162 1338 3239 praesente,
1392 3158 1770 3242 supplicans
1824 3156 2159 3224 humiliter
2207 3157 2438 3239 eidem,
2495 3158 2629 3223 vice
2682 3162 2742 3222 et
2787 3178 2900 3222 no-

592 3252 764 3319 mine
809 3252 1100 3319 omnium
1146 3275 1348 3337 supra
1392 3255 1717 3323 dictorum
1761 3252 1929 3335 etc.²)
2022 3256 2259 3321 Decem
2317 3256 2541 3321 diebus
2595 3262 2738 3341 post
2782 3256 2898 3320 ab-

590 3352 974 3417 dicationem
1043 3351 1429 3432 Coelestini,
1506 3353 1880 3419 Cardinales
1948 3353 2247 3417 conclave
2315 3353 2620 3439 ingressi,
2696 3354 2902 3417 altera

589 3448 691 3513 die
739 3449 1078 3533 elegerunt
1122 3448 1528 3516 Bonifatium
1558 3450 1742 3517 VIII.
1823 3449 1894 3514 Id
1941 3449 2353 3516 Ptolomaeus
2397 3448 2670 3532 Neapoli
2716 3470 2900 3533 prae·

589 3567 739 3611 sens
808 3545 1028 3630 paucis
1096 3547 1307 3612 verbis
1374 3552 1624 3624 narrat;
1703 3548 1956 3613 nullum
2016 3570 2166 3612 vero
2230 3549 2308 3611 de
2370 3546 2901 3631 promissionibus

592 3641 820 3708 Carolo
859 3641 1045 3706 factis
1092 3644 1190 3707 vel
1236 3644 1314 3707 de
1358 3643 1608 3708 influxu
1665 3644 1834 3729 regis
1889 3646 1959 3709 in
2016 3645 2391 3709 electionem
2438 3644 2702 3708 verbum
2748 3643 2901 3707 scri·

591 3739 706 3804 bit.
835 3737 942 3803 Ad
1008 3737 1402 3818 electionem,
1478 3741 1730 3818 scribit,
1803 3738 2080 3805 alterius
2142 3739 2503 3823 procedunt
2559 3742 2902 3823 praesente

590 3855 738 3917 reye
787 3833 1016 3901 Carolo
1060 3835 1367 3918 Neapoli,
1423 3841 1485 3900 et
1538 3836 1612 3901 in
1667 3835 1897 3920 vigilia
1946 3836 2342 3903 Nativitatis
2387 3835 2775 3901 Dominicae
2826 3832 2902 3899 in

772 4073 811 4140 ι)
848 4073 1072 4138 villani,
1108 4073 1168 4125 L.
1196 4071 1353 4124 v111.
1392 4087 1436 4124 ο.
1478 4074 1525 4124 6.
1565 4087 1650 4138 ap.
1689 4073 1973 4138 iuratori,
2009 4077 2051 4127 t.
2089 4072 2245 4126 x111.

770 4151 817 4220 2)
856 4153 925 4205 H.
962 4152 1027 4205 E.
1066 4151 1127 4204 L.
1164 4150 1366 4204 XXIV.
1408 4167 1455 4204 c.
1492 4154 1575 4204 31.
