3281 5014
1195 467 1623 534 'templariorum
1661 471 1861 521 reatus.
2583 465 2684 517 139

372 610 851 772 Lugldlunensis,
930 611 1006 675 de
1074 609 1476 675 adolescente
1554 608 1759 672 nobili
1829 606 2156 685 Ber-lione,
2232 607 2365 671 filio
2439 604 2680 670 domini

363 709 449 772 de
579 709 710 772 ino.

546 880 653 943 53.
716 877 1179 943 Foedissimum
1234 880 1408 942 certe
1467 879 1567 939 est
1629 874 1787 938 illud
1849 875 2031 958 cujus
2085 873 2434 957 Templarii
2493 895 2679 939 accu-
2743 881 2968 924 Sodomiae

362 975 682 1040 sabantur
740 974 1064 1039 sodomiae
1121 972 1391 1054 crimen,
1453 971 1563 1036 sed
1626 969 2085 1036 advertendum
2147 977 2280 1046 est,
2345 969 2512 1054 apud
2568 992 2681 1054 pa-
2771 954 2792 983 ⁰
2833 957 2874 985 ¹¹¹

361 1092 573 1155 ganos
636 1071 940 1154 antiquos
1004 1066 1163 1133 illud
1226 1068 1456 1132 vitium
1517 1067 1701 1131 valde
1760 1089 2093 1133 commune
2158 1067 2382 1143 fuisse,
2449 1066 2547 1131 ita
2607 1072 2683 1132 nt

366 1168 476 1232 vix
529 1167 828 1232 illicitum
883 1166 1262 1249 haberetur3
1323 1169 1391 1228 et
1448 1168 1674 1230 nostro
1733 1169 2024 1249 tempore
2081 1164 2414 1248 ingentem
2470 1164 2681 1228 multi·

359 1259 667 1329 tudinem·
708 1260 1082 1328 Sinensium
1135 1260 1479 1347 gentilium
1537 1260 1742 1326 eidem
1797 1260 2052 1325 crimini
2097 1260 2377 1325 deditam
2423 1282 2589 1340 esse,
2643 1284 2682 1326 a

363 1360 785 1426 missionariis
840 1360 1138 1424 traditur.
1238 1358 1377 1423 Imo
1431 1358 1628 1422 etiam
1684 1357 1760 1422 de
1802 1356 2063 1422 effraeni
2125 1356 2431 1441 ejusmodi
2492 1358 2682 1421 luxu·

366 1458 498 1540 ria,
555 1459 655 1523 cui
702 1457 771 1520 in
819 1457 1070 1541 magnis
1117 1455 1485 1522 civitatibus
1530 1454 1652 1518 viri
1697 1454 1947 1518 nobiles
1996 1475 2253 1537 quoque
2298 1454 2499 1518 dediti
2539 1454 2681 1518 fue-

360 1554 531 1629 rint,
576 1553 814 1636 passim
861 1553 1233 1637 turpissima
1279 1551 1621 1616 recentiori
1668 1553 1886 1615 aetate
1931 1551 2139 1614 relata
2182 1550 2381 1615 fuere.
2469 1549 2681 1615 Medio
2740 1587 2752 1685 ι

364 1671 516 1715 vero
570 1672 725 1714 aevo
777 1649 937 1714 vitio
993 1650 1103 1714 illo
1166 1670 1297 1712 non
1351 1669 1586 1732 paucos
1638 1646 2014 1730 inquinatos
2070 1646 2301 1722 fuisse,
2365 1647 2555 1710 variis
2602 1668 2680 1710 ex

357 1745 766 1812 documentis
822 1743 1280 1834 colligitur.})ae
1325 1744 1423 1808 Ex
1481 1764 1777 1828 processu
1825 1748 2048 1807 tamen
2106 1743 2356 1808 eruitur
2399 1744 2680 1827 quidem,

365 1844 850 1926 permissionem
890 1842 1330 1926 impudicitiae
1382 1840 1636 1924 saepius
1680 1839 1897 1904 datam
1944 1840 2171 1915 fuisse,
2227 1839 2336 1904 sed
2390 1862 2522 1905 non
2571 1863 2681 1925 ap·

359 1944 577 2023 paret,
641 1940 869 2003 vitium
925 1939 1084 2002 illud
1144 1937 1325 2003 valde
1381 1938 1687 2021 frequens
1743 1936 1814 1999 in
1864 1935 1979 2000 illo
2040 1934 2280 2000 Ordine
2339 1937 2678 2003 exstitisse.

364 2071 451 2081 --
505 2035 727 2111 Quoad
784 2036 1064 2119 reliquos
1122 2036 1286 2099 ritus
1342 2034 1576 2117 impios
1632 2037 1699 2098 et
1756 2033 2220 2098 inverecundos
2273 2033 2680 2098 recolendum

356 2136 490 2208 est,
555 2131 952 2216 Templarios
1015 2132 1083 2196 in
1146 2130 1413 2196 Oriente
1477 2131 1750 2194 multum
1812 2151 1954 2194 cum
2020 2129 2384 2194 infidelibus
2442 2136 2508 2195 et
2569 2131 2682 2196 im-

356 2228 485 2311 piis
532 2229 722 2293 sectis
769 2228 1109 2293 haereticis
1154 2231 1564 2293 conversatos
1610 2247 1776 2307 esse,
1832 2232 1898 2291 et
1943 2226 2137 2291 etiam
2192 2227 2260 2290 in
2310 2226 2678 2309 Occidente,

360 2326 737 2407 praesertim
793 2325 863 2387 in
925 2322 1141 2390 Gallia
1202 2322 1606 2388 meridionali
1676 2323 1846 2388 unde
1904 2344 2092 2407 quam
2169 2322 2428 2406 plurimi
2492 2323 2678 2388 Tem·

363 2420 550 2503 plarii
608 2420 864 2485 oriundi
919 2427 1137 2499 erant,
1189 2424 1394 2486 sectas
1453 2426 1673 2503 turpes
1719 2418 2243 2483 Manichaeorum
2291 2419 2475 2483 valde
2527 2442 2678 2504 pro-

357 2522 628 2603 pagatas
701 2519 922 2584 fuisse.
1039 2519 1157 2585 His
1231 2519 1515 2584 solemne
1590 2523 1731 2581 erat
1797 2516 2021 2581 Jesum
2092 2537 2359 2601 negare,
2443 2516 2676 2602 quibus
2739 2526 2766 2609 ἦ

354 2615 566 2699 aliqui
614 2615 1005 2681 Satanielem
1067 2617 1263 2682 alium
1312 2615 1433 2679 Dei
1487 2614 1691 2678 filium
1741 2613 2240 2678 substituebant.
2329 2613 2501 2679 Hinc
2558 2615 2673 2678 im-

358 2712 497 2794 pios
543 2733 789 2777 errores
837 2734 910 2777 ac
954 2713 1119 2777 ritus
1166 2735 1205 2776 a
1251 2711 1635 2795 Templariis
1683 2714 2010 2793 susceptos
2056 2732 2219 2788 esse,
2264 2713 2446 2776 nullo
2489 2711 2674 2777 modo

356 2813 708 2892 repugnat.

536 2976 640 3040 54.
712 2974 1023 3041 Auctores
1092 2977 1252 3040 varii
1325 2981 1549 3041 nostra
1616 2980 1830 3039 aetate
1898 2997 2039 3039 eam
2105 2984 2675 3061 propugnaverunt
2695 2996 2764 3036 An
2781 2994 2894 3066 ogdo
2909 2996 3009 3038 hae·

354 3072 782 3150 sententiam,
845 3077 1055 3137 toturn
1115 3072 1422 3138 Ordinem
1469 3072 1721 3155 Templi
1778 3072 2023 3136 haeresi
2081 3073 2398 3137 infectum
2451 3073 2673 3156 fuisse,
2760 3060 2936 3099 mum·

362 3169 456 3232 ita
514 3176 586 3232 ut
649 3169 1074 3233 constitueret
1131 3172 1502 3235 societatem
1562 3170 1904 3234 sectarium
1965 3191 2111 3233 cum
2173 3171 2673 3254 organisatione‚

354 3264 701 3345 doctrinis,
757 3270 823 3330 et
862 3266 1128 3331 statutis
1182 3266 1463 3331 secretis.
1554 3264 1768 3330 Variis
1818 3266 2377 3331 dissertationibus
2421 3266 2553 3332 Jos.
2598 3267 2676 3333 de

356 3359 669 3426 Hammer
727 3362 998 3446 probare
1065 3367 1335 3428 conatus
1405 3368 1533 3439 est,
1600 3362 1917 3427 haeresim
1983 3363 2341 3447 gnosticam
2407 3363 2674 3449 Ophita-

360 3479 505 3521 rum
567 3459 637 3522 in
700 3458 811 3522 illo
854 3458 1094 3523 Ordine
1158 3480 1496 3543 regnasse,
1562 3459 1828 3542 ipseque
1892 3459 2248 3537 existimat,
2300 3461 2439 3544 jam
2496 3462 2675 3526 brevi

544 3709 585 3776 ¹)
650 3710 757 3763 Cfr.
821 3725 864 3763 e.
930 3725 984 3779 g.
1050 3710 1100 3763 S.
1162 3709 1317 3764 Petri
1379 3709 1629 3762 Damiani
1692 3708 2144 3772 Gomorrhamm:
2203 3713 2385 3766 Dante
2449 3713 2674 3781 Inferno

354 3804 403 3842 c.
448 3786 574 3843 XV.
627 3819 695 3825 ——
745 3789 967 3843 Fratres
1012 3790 1426 3843 Praedicatores
1475 3788 1875 3854 deliberarunt,
1925 3795 2104 3842 utrum
2155 3791 2474 3846 conveniret
2521 3809 2675 3860 prae·

354 3867 543 3922 dicare
582 3873 778 3921 contra
815 3868 1081 3936 ejusmodi
1117 3867 1288 3933 vitia,
1340 3883 1499 3934 quum
1539 3867 1686 3922 inter
1722 3866 2064 3923 Christianos
2102 3871 2237 3924 adeo
2279 3886 2336 3925 se
2377 3840 2758 4014 propagas-N

355 3951 512 4012 sent,
559 3963 628 4000 an
664 3962 794 4001 vero
845 3954 1069 4014 propter
1112 3948 1426 4001 scandalum
1473 3961 1657 4000 eorum
1704 3947 1899 4014 quibus
1946 3950 2131 4002 eadem
2168 3948 2310 4003 vitia
2358 3949 2556 4019 ignota
2593 3968 2674 4007 es·

358 4030 490 4079 sent
525 4025 907 4079 abstinendum
934 4028 1009 4080 sit
1037 4043 1070 4080 a
1098 4027 1519 4094 praedicatione.
1584 4026 1911 4079 Judicarunt
1936 4043 2112 4093 porro,
2149 4027 2514 4083 invehendum
2552 4046 2674 4085 esse

358 4103 576 4171 publice
611 4103 669 4156 in
706 4104 804 4158 illa
842 4104 1083 4159 crimina.
1158 4105 1225 4158 V.
1263 4105 1450 4173 Bayle‚
1492 4105 1729 4159 Diction.
1768 4105 1867 4159 Ed.
1907 4107 2252 4162 Amsterdam
2294 4111 2446 4162 1730.
2486 4109 2546 4163 Τ.
2576 4109 2669 4163 IV-

359 4198 412 4250 p.
451 4184 556 4236 652
593 4188 726 4236 nota
761 4182 831 4236 H.
