3281 5014
711 437 813 488 372
983 435 1207 489 XXXV.
1244 435 1327 524 De
1366 435 1570 489 Concil.
1607 435 1917 491 Basileensi
1956 452 2019 489 ac
2056 436 2122 490 de
2160 435 2377 503 Synodo
2415 436 2750 491 Florentino..

711 576 992 640 cundum
1061 577 1514 661 praescriptam
1582 577 1924 640 formulam
1991 578 2263 642 schisma
2328 580 2631 662 ejuravit,
2702 585 2768 642 et
2835 578 3025 643 fidem

712 673 1094 738 catholicam
1142 673 1489 757 professus,
1551 673 1824 737 solemni
1881 673 2068 737 modo
2124 674 2190 738 in
2250 676 2763 739 communionem
2810 674 3026 742 Eccle-

713 771 845 833 siae
911 775 1206 853 receptus
1279 769 1420 832 fuit.
1537 767 1782 832 Verum
1854 766 2157 833 Urbanus
2213 768 2290 832 V.
2363 771 2629 854 ejusque
2697 793 3028 836 successor

715 866 1063 950 Gregorius
1106 864 1229 929 XI.
1277 867 1520 930 frustra
1563 866 1929 930 excitarunt
1975 862 2291 949 principes
2337 866 2417 930 ad
2463 867 2724 931 ferenda
2767 866 3027 932 Graecis

711 963 970 1028 auxilia.
1060 962 1164 1027 Sic
1219 961 1411 1025 etiam
1459 964 1791 1045 negotium
1851 962 2108 1025 unionis
2162 984 2292 1026 non
2339 963 2699 1028 confectum
2746 969 2874 1039 est,
2931 966 3024 1048 ip·

712 1081 979 1144 sumque
1022 1060 1210 1124 triste
1260 1056 1620 1123 Occidentis
1674 1057 1946 1123 schisma
1989 1080 2228 1122 novum
2275 1059 2402 1124 fuit
2453 1061 2713 1124 unionis
2760 1061 3022 1144 impedi-

716 1162 1024 1221 mentum.
1119 1153 1475 1219 Videbatur
1534 1158 1752 1219 tamen
1817 1154 2110 1234 Manuel‚
2172 1156 2283 1239 qui
2328 1156 2519 1220 initio
2580 1158 2814 1221 saeculi
2880 1157 3024 1223 XV.

716 1252 1102 1317 Graecorum
1152 1251 1507 1335 Imperator
1555 1257 1720 1331 erat,
1772 1253 2075 1316 unionem
2125 1252 2514 1332 desiderare,
2565 1258 2632 1318 et
2675 1260 2822 1337 post
2867 1276 3025 1318 mor-

717 1358 850 1413 tem
895 1349 1094 1431 ipsius
1144 1346 1226 1430 (a.
1265 1345 1462 1428 1418)
1512 1349 1650 1432 ejus
1698 1349 1865 1412 filius
1911 1355 1974 1412 et
2023 1370 2348 1413 successor
2378 1350 2667 1415 Joannes
2706 1351 2780 1414 11.
2829 1352 3022 1415 etiam

717 1445 939 1529 majori
1004 1466 1141 1509 cum
1208 1445 1457 1509 fervore
1521 1445 1850 1529 negotium
1912 1445 2072 1508 illud
2138 1447 2473 1528 promovit.
2582 1445 2903 1512 Martinus
2948 1448 3027 1512 V.

717 1541 991 1607 Graecos
1036 1543 1337 1606 invitavit
1382 1541 1461 1621 (a.
1515 1540 1743 1621 1430),
1792 1544 1866 1603 ut
1912 1541 1988 1604 ad
2038 1541 2393 1606 Concilium
2439 1538 3024 1608 Basilea’esshaben-

715 1638 864 1703 dum
912 1639 1232 1713 venirent,
1283 1660 1356 1702 ac
1402 1645 1546 1722 post
1590 1644 1861 1701 mortem
1908 1637 2098 1722 hujus
2137 1638 2473 1704 Pontificis
2518 1643 2657 1726 ejus
2700 1663 3029 1706 successor

719 1734 1049 1817 Eugenius
1099 1733 1245 1811 IV.,
1305 1757 1501 1819 quum
1551 1734 1952 1825 Basileenses
1999 1736 2202 1820 magis
2248 1736 2575 1822 magisque
2619 1759 2686 1802 se
2733 1738 3026 1802 infensos

717 1831 1161 1908 ostenderent,
1211 1832 1496 1896 obtinuit
1542 1832 1623 1894 ab
1667 1830 2099 1913 Imperatore,
2155 1840 2231 1895 ut
2275 1855 2417 1897 cum
2463 1833 2770 1918 episcopis
2815 1835 3022 1900 orien-

717 1927 953 1991 talibus
1001 1929 1249 1991 veniret
1295 1927 1371 1990 ad
1421 1927 1779 2007 Concilium
1821 1927 2155 1993 Ferrariae
2203 1938 2620 1996 convocatum
2665 1934 2763 1996 vel
2811 1932 3028 2016 potius

719 2018 979 2087 Basiless
1014 2023 1428 2100 translatum,
1477 2023 1647 2107 quod
1693 2022 1841 2087 dein
1890 2023 2262 2089 Florentiae
2310 2027 2761 2092 continuatum
2809 2032 2923 2093 est.

429 2215 655 2319 Ῑὸξξζὲᾗξζθ
892 2217 994 2282 38.
1052 2215 1293 2299 Coepta
1345 2216 1548 2300 igitur
1599 2222 1699 2281 est
1755 2216 2063 2281 celebrari
2120 2217 2452 2281 Ferrariae
2499 2215 2792 2298 Synodns
2842 2237 3027 2281 oecu-

633 2306 643 2317 ’
718 2315 992 2393 menica,
1046 2314 1258 2377 soluta
1305 2314 1443 2396 jam
1488 2311 1877 2396 Basileensi,
1938 2336 2111 2379 anno
2174 2336 2211 2377 a
2257 2322 2446 2398 partu
2496 2314 2782 2398 virgineo
2835 2311 3027 2389 1438,

718 2410 1004 2495 praeside
1068 2409 1256 2473 beato
1309 2407 1574 2489 Njgolao
1633 2410 1985 2500 Albergato
2039 2412 2141 2475 tit.
2204 2415 2464 2476 sanctae
2520 2410 2739 2475 Crucis
2794 2411 2858 2473 in
2917 2409 3024 2474 Je-

718 2509 991 2574 rusalem
1039 2505 1362 2571 Cardinali
1409 2507 1804 2589 presbyterO.
1875 2507 1999 2573 Hic
2045 2507 2145 2578 die
2195 2507 2262 2571 8⁰
2309 2507 2600 2573 Januarii
2647 2510 2711 2572 in
2757 2507 3030 2572 ecclesia

720 2605 946 2689 majori
995 2604 1277 2687 quinque
1323 2603 1827 2688 archiepiscopos
1885 2610 1949 2667 et
1994 2605 2342 2669 octodecim
2395 2606 2720 2689 episcopos
2765 2626 3026 2688 congre-

715 2701 914 2786 gavit,
962 2706 1028 2764 et
1075 2701 1254 2765 lectis
1302 2699 1634 2765 Pontificis
1681 2702 1915 2765 litteris
1963 2700 2328 2774 declaravit,
2381 2700 2736 2766 Concilium
2767 2692 3030 2766 Basilea

717 2797 1104 2862 translatum
1163 2818 1299 2860 esse
1349 2796 1708 2861 Ferrariam
1760 2799 1839 2862 ad
1896 2798 2361 2880 procurandam
2409 2797 2794 2862 Graecorum
2847 2797 3024 2861 unio-

719 2916 865 2958 nem
941 2915 1082 2957 cum
1152 2890 1434 2957 Ecclesia
1508 2893 1820 2958 catholica
1892 2898 1957 2956 et
2024 2895 2397 2977 Apostolica
2462 2893 2653 2970 Sede3
2729 2895 3028 2977 idemque

716 2992 957 3055 factum
1012 2994 1112 3054 est
1166 2990 1234 3053 in
1290 2989 1571 3053 sessione
1617 2990 1840 3054 habita
1886 2992 1987 3055 die
2041 2988 2149 3054 10⁰
2195 2991 2477 3075 ejusdem
2522 2993 2776 3056 mensis.
2874 2992 3027 3056 Post

719 3108 949 3170 paucos
1016 3085 1151 3149 dies
1220 3092 1475 3169 praeter
1545 3086 1704 3150 alios
1767 3085 2126 3152 Ferrariam
2197 3081 2374 3151 venit
2435 3087 2765 3172 Eugenius
2824 3086 3027 3170 Papa.

722 3183 779 3248 Is
841 3205 981 3247 cum
1039 3181 1518 3260 CardinalibuS,
1581 3183 1883 3265 praelatis
1946 3191 2011 3249 et
2063 3185 2457 3262 doctoribus,
2521 3186 2738 3268 plures
2797 3182 3029 3247 habuit

718 3280 1279 3363 congregationes,
1354 3280 1422 3343 in
1483 3279 1716 3363 quibus
1772 3280 1849 3344 de
1902 3282 2151 3347 actibus
2213 3282 2676 3347 Basileensium
2744 3279 3032 3344 modeste

718 3382 987 3461 questus
1059 3380 1183 3454 est,
1259 3382 1325 3441 et
1389 3377 1711 3441 nonnulla
1779 3378 2154 3460 praesertim
2211 3379 2287 3443 de
2359 3378 2581 3443 ordine
2635 3377 2895 3441 sedendi
2954 3377 3024 3440 in

719 3474 1003 3540 Concilio
1034 3474 1410 3538 ‚constituit
1505 3473 1625 3537 Die
1686 3470 1794 3537 15⁰
1841 3473 2176 3540 Februarii
2221 3475 2549 3560 Eugenius
2595 3475 2864 3539 alteram
2920 3472 3028 3536 ha·

720 3571 861 3634 buit
906 3571 1270 3634 sessionem.
1367 3568 1444 3632 Ei
1490 3571 1934 3635 interfuerunt
1977 3574 2395 3656 septuaginta
2440 3571 2567 3636 duo
2612 3571 2917 3653 episcopi,
2962 3573 3028 3631 et

718 3669 884 3732 lecto
947 3667 1204 3731 decreto
1267 3663 1430 3730 Cum
1490 3666 1564 3732 in
1620 3687 1833 3746 εαονο,
1902 3669 2086 3740 irrita
2153 3668 2325 3733 dicta
2381 3673 2538 3732 sunt
2600 3689 2702 3745 ea,
2773 3688 2937 3750 quae
2991 3688 3034 3728 a

720 3763 1196 3828 Basileensibus
1259 3764 1326 3826 in
1376 3763 1654 3828 Romani
1700 3764 2032 3830 Pontificis
2089 3766 2393 3848 injuriam
2452 3764 2715 3836 fuerant
2772 3764 3030 3827 decreta

719 3866 831 3925 aut
885 3861 1411 3938 decernerentur,
1471 3870 1537 3924 et
1591 3860 1982 3927 declaratum
2039 3866 2163 3939 est,
2224 3883 2331 3925 eos
2387 3861 2498 3943 qui
2553 3860 2619 3924 in
2671 3860 3029 3925 Basileensi

578 3951 634 4023 Ἃ
718 3964 900 4022 coetu
960 3958 1483 4041 perseverabant,
1539 3958 1838 4023 incidisse
1894 3961 1958 4023 in
2022 3980 2261 4042 poenas
2319 3963 2385 4020 et
2442 3978 2738 4024 censuras
2795 3958 2862 4021 in
2918 3957 3033 4020 de-

719 4063 891 4121 creto
938 4056 1386 4121 translationis
1433 4054 1741 4122 Doctoris
1788 4055 2085 4139 ,qentium
2136 4075 2478 4138 expressas
2568 4054 2668 4117 Eo
2719 4058 3039 4137 tempore,

721 4152 815 4216 uti
887 4173 964 4215 ex
1027 4153 1234 4218 verbis
1302 4153 1577 4237 Eugenii
1645 4161 1851 4238 patet,
1920 4153 2275 4218 Cardinalis
2337 4149 2635 4214 Julianus
2703 4150 3036 4217 Caesarini
