3281 5014
1202 457 1285 510 De
1320 455 1564 530 Concilio
1602 456 1824 509 Pisano.
2565 457 2670 508 283

531 601 634 665 53.
685 599 1041 679 Caeterum,
1082 604 1157 662 ut
1189 597 1586 663 sententiam
1631 603 1921 662 nostram
1953 619 2399 681 proponamuS,
2444 596 2667 660 existi·
2687 609 2890 651 Pontifex
2926 621 2999 680 vq-

348 718 613 774 manus,
662 718 993 780 nunquam
1036 694 1419 759 Pontificem
1468 715 1715 769 verum,
1763 694 2053 777 quamvis
2098 701 2389 758 errantes
2436 690 2512 755 de
2558 713 2667 775 pa·
2712 670 2977 785 Ἲθὲξξξω

348 798 511 878 patu
560 795 698 878 ejus
743 792 1065 870 dubitent,
1112 814 1150 856 a
1197 790 1481 856 Concilio
1519 790 1797 873 judicari
1845 794 1910 854 et
1955 790 2188 874 deponi
2234 811 2438 874 posse.
2539 788 2667 852 Po·-
2727 857 2742 880 χ

349 897 557 955 testas
613 890 785 954 enim
838 888 1116 953 Romani
1163 886 1498 951 Pontificis
1555 890 1653 950 est
1710 886 2079 950 immediate
2130 908 2167 949 a
2228 886 2362 950 Deo
2415 887 2671 965 collata,
2727 869 2778 922 ’ἦ

354 1010 474 1051 nec
521 985 895 1051 Cardinales
948 993 1016 1050 et
1061 984 1357 1068 Episcopi
1403 983 1580 1066 Papa
1636 982 1972 1058 inferiores
2028 983 2346 1066 deponere
2396 985 2670 1066 possunt

356 1082 735 1148 Pontificem
790 1083 985 1146 etiam
1045 1081 1458 1148 criminosum
1507 1080 1605 1144 vel
1664 1078 1946 1144 dubium.
2008 1116 2095 1125 -—
2157 1078 2444 1143 Censent
2485 1077 2671 1143 theo·

355 1180 515 1264 logi,
579 1177 850 1262 Papam,
913 1179 969 1242 si
1026 1178 1211 1242 fieret
1272 1176 1569 1260 publicus
1626 1176 2015 1253 haereticus,
2080 1177 2180 1240 vel
2223 1174 2508 1240 Judaeus
2570 1174 2670 1238 vel

358 1274 746 1352 Saracenus,
806 1297 881 1339 eo
925 1276 1065 1358 ipso
1112 1297 1247 1339 non
1293 1275 1576 1338 retinere
1622 1277 2047 1357 potestatem,
2104 1273 2215 1338 sed
2259 1272 2547 1337 excidere
2593 1293 2672 1337 ex

356 1377 596 1458 papatu
653 1373 806 1456 quia
858 1394 993 1437 non
1039 1378 1138 1436 est
1195 1371 1470 1454 amplius
1528 1371 1885 1435 membrum
1934 1370 2273 1435 Ecclesiae.
2366 1368 2525 1435 Jure
2579 1372 2673 1433 ta·

355 1492 506 1534 men
550 1473 885 1553 putamuS,
942 1468 1449 1551 suppositionem
1507 1489 1644 1531 esse
1694 1467 2144 1550 impossibilem
2189 1468 2384 1550 juxta
2428 1465 2674 1549 sapien·

354 1573 488 1632 tem
543 1564 1012 1649 providentiam
1060 1563 1214 1640 Dei,
1271 1586 1400 1648 qua
1446 1563 1732 1628 Ecclesia
1785 1565 2053 1648 regitur.
2146 1563 2488 1627 Caeterum
2535 1565 2672 1626 stu·

350 1664 500 1727 duit
564 1660 816 1744 quidem
883 1660 1238 1725 Concilium
1303 1659 1608 1724 Pisanum
1675 1658 2052 1744 Gregorium
2118 1665 2184 1723 et
2246 1658 2671 1724 Benedictum

354 1759 661 1824 exhibere
716 1761 790 1821 ut
840 1756 1192 1821 haereticos
1242 1761 1307 1820 et
1361 1755 1802 1821 schismaticos
1858 1755 2178 1838 notoriOS‚
2228 1755 2515 1838 adeoque
2560 1777 2674 1838 per

357 1855 569 1920 Deum
623 1854 705 1917 ab
754 1853 1038 1917 Ecclesia
1097 1854 1443 1936 praecisos,
1507 1853 1617 1916 sed
1674 1875 1805 1916 non
1854 1857 1992 1916 erat
2048 1852 2238 1937 hujus
2298 1851 2673 1915 assertionis

351 1952 629 2017 solidum
677 1949 1191 2013 fundamentum.
1286 1949 1455 2013 Dein
1502 1971 1684 2013 suam
1733 1950 1932 2013 veluti
1979 1949 2189 2013 obiter
2234 1948 2675 2033 adjunxerunt

356 2049 831 2123 auctoritatem,
881 2069 1008 2131 qua
1054 2047 1212 2111 duos
1258 2046 1709 2131 competitores
1756 2046 2074 2130 dignitate
2122 2044 2471 2129 privarent.
2549 2042 2673 2108 Sed

357 2146 555 2211 talem
621 2145 1070 2208 auctoritatem
1145 2142 1426 2209 Concilio
1485 2143 1724 2208 Pisano
1793 2143 2165 2207 convenisse
2234 2142 2493 2226 probari
2560 2162 2674 2204 ne-

358 2244 523 2327 quit.
573 2277 664 2286 —
723 2240 818 2303 Ea
861 2240 1001 2322 ipsa
1045 2261 1197 2304 vero
1254 2245 1468 2305 aetate
1514 2240 1761 2304 firmam
1812 2240 2288 2322 persuasionem
2335 2239 2412 2303 de
2458 2239 2675 2303 valore

355 2346 615 2402 actuum
663 2336 931 2401 Concilii
968 2335 1193 2401 Pisani
1233 2337 1442 2420 quoad
1490 2336 1769 2400 schisma
1815 2357 1948 2399 non
1998 2335 2297 2418 adfuisse,
2346 2357 2425 2399 ex
2472 2335 2674 2418 pluri-

359 2436 480 2498 bus
523 2434 710 2498 factis
763 2433 1111 2519 colligitur.
1204 2432 1506 2510 Quamvis
1564 2434 1739 2497 enim
1794 2433 1863 2496 in
1915 2432 2036 2497 hoc
2082 2431 2370 2497 Concilio
2427 2433 2671 2496 consti-

355 2536 573 2596 tutum
623 2538 820 2608 esset,
877 2537 951 2594 ut
1001 2530 1154 2594 inde
1209 2531 1289 2594 ab
1334 2531 1446 2595 illo
1502 2535 1791 2614 tempore
1848 2535 2072 2598 contra
2129 2551 2238 2593 eos
2286 2529 2396 2613 qui
2444 2528 2674 2592 adhae-

356 2633 579 2692 rerent
610 2626 921 2711 Gregorio
965 2628 1064 2691 vel
1098 2626 1445 2692 Benedicto
1484 2628 1924 2711 inquireretur
1954 2630 2267 2708 tanquam
2314 2626 2673 2709 pertinaces

358 2725 429 2788 in
476 2724 838 2801 schismate,
887 2725 1306 2789 nihilominus
1351 2724 1542 2788 multi
1587 2725 1660 2788 in
1707 2724 2075 2789 obedientia
2120 2723 2379 2787 illorum
2425 2743 2675 2785 reman-

356 2826 615 2897 serunt,
670 2821 829 2905 quin
876 2820 1272 2886 haberentur
1327 2829 1401 2883 ut
1447 2820 1752 2885 formales
1800 2820 2105 2884 haeretici
2152 2824 2221 2884 et
2266 2818 2672 2892 schismatici,

359 2918 461 2982 vel
510 2923 690 2983 extra
744 2917 910 2982 viam
959 2919 1183 2983 salutis
1238 2918 1598 2982 constituti.
1692 2918 1909 3002 Atque
1956 2917 2311 2982 Concilium
2360 2916 2674 2981 Constan-

356 3013 588 3091 tiense,
637 3035 834 3097 quum
881 3014 1141 3097 quidam
1184 3036 1548 3097 processum
1579 3021 1806 3080 contra
1848 3015 2009 3079 istos
2057 3014 2480 3096 postularent,
2526 3012 2673 3075 huic

363 3111 660 3194 petitioni
716 3132 1003 3175 annuere
1051 3111 1284 3176 noluit.
1389 3110 1781 3175 Statuerunt
1837 3112 2029 3176 etiam
2075 3108 2309 3175 Patres
2356 3110 2673 3174 Constan-

358 3209 622 3283 tienses,
671 3229 941 3291 quorum
990 3206 1177 3271 multi
1221 3207 1484 3271 fuerant
1516 3205 1705 3284 Pisis,
1755 3212 1826 3271 ut
1872 3228 2093 3271 omnes
2130 3212 2263 3271 tres
2310 3207 2388 3270 de
2436 3210 2675 3291 papatu

358 3303 853 3378 contendenteS,
893 3304 944 3366 si
976 3308 1206 3386 sponte
1238 3303 1531 3367 abdicare
1562 3310 1957 3381 recusarent,
2006 3304 2085 3368 ad
2126 3305 2474 3369 cessionem
2507 3325 2674 3368 com-

362 3401 784 3487 pellerentur;
845 3399 1292 3465 Cardinalibus
1350 3401 1619 3465 duarum
1677 3400 2202 3466 Obedientiarum
2263 3400 2557 3485 Gregorii
2609 3405 2677 3464 et

363 3496 699 3561 Benedicti
746 3497 1186 3579 permiserunt
1235 3518 1603 3580 comparere
1663 3498 1732 3561 in
1781 3496 2041 3581 Synodo
2089 3518 2564 3580 cum-purpura
2611 3500 2676 3559 et

361 3594 726 3678 insignibus
773 3593 1228 3668 cardinalatus,
1268 3594 1614 3657 cessionem
1665 3593 1959 3679 Gregorii
2005 3604 2428 3678 spontaneam
2477 3593 2676 3656 admi-

359 3696 584 3756 serant
627 3712 701 3755 ac
749 3688 1113 3754 laudarunt.
1206 3689 1385 3766 Quod
1440 3698 1659 3755 autem
1708 3690 1935 3755 Patres
1982 3689 2516 3755 Constantienses
2565 3712 2675 3773 po-

363 3791 494 3852 tius
542 3786 822 3851 Joannis
865 3786 1132 3868 XXIII„
1175 3808 1370 3870 quam
1413 3786 1708 3872 Gregorii
1756 3792 1821 3851 et
1853 3786 2186 3852 Benedicti
2231 3792 2445 3871 partes
2489 3799 2675 3851 tene-

364 3889 530 3964 rent,
575 3883 725 3947 inde
757 3885 1001 3948 factum
1035 3892 1152 3967 est,
1200 3886 1370 3968 quod
1402 3906 1550 3968 pars
1589 3886 1867 3949 maxima
1902 3883 2194 3948 catholici
2231 3884 2401 3949 orbis
2432 3884 2676 3949 Joanni

361 3980 733 4058 obediebat,
800 3985 866 4044 et
929 3984 1066 4066 ejus
1125 3984 1275 4065 jura
1335 3985 1493 4045 tunc
1553 3983 1805 4065 potiora
1865 4002 2001 4046 esse
2056 3981 2460 4046 videbantur.
2561 3981 2677 4046 Pe-

365 4081 508 4141 trus
556 4076 965 4155 Alliacensis,
1018 4077 1377 4143 Cardinalis
1428 4078 1924 4154 CameracensiS,
1977 4079 2266 4162 quamvis
2311 4084 2514 4143 staret
2562 4102 2676 4162 pro

363 4173 622 4238 Joanne
682 4172 953 4253 XXIII„
1031 4174 1380 4239 Alexandri
1435 4198 1822 4251 successore,
1887 4175 2212 4258 professus
2273 4182 2494 4240 tamen
2555 4182 2675 4254 est,
