3281 5014
817 371 899 425 De
937 371 1174 426 decretis
1214 370 1486 426 Sessionis
1524 375 1752 439 quartae
1790 379 1849 429 et
1885 371 2125 439 quintae.
2526 376 2629 428 305

309 512 469 577 bari.
577 510 798 597 Usque
856 512 934 576 ad
992 514 1341 578 sessionem
1400 510 1838 577 duodecimam
1896 512 2183 578 Concilio
2242 515 2434 579 etiam
2491 515 2625 579 sola

310 606 519 673 adfuit
581 607 967 674 Obedientia
1019 609 1321 685 Joannis3
1387 609 1659 673 deerant
1722 610 1923 694 igitur
1986 610 2265 694 episcopi
2330 633 2406 675 ex
2469 611 2626 676 dua-

239 698 243 703 ’
310 707 430 771 bus
488 705 630 770 aliis
685 703 1085 770 Obedientiis
1144 704 1440 787 Gregorii
1492 702 1645 770 XII.
1706 713 1770 771 et
1821 705 2159 771 Benedicti
2204 704 2393 772 XIII.
2484 707 2625 772 Hae

310 803 473 867 duae
562 801 984 867 Obedientiae
1061 824 1364 887 magnam
1441 807 1664 867 tamen
1740 803 2229 868 constituebant
2304 803 2625 868 Ecclesiae

309 903 592 982 partem,
646 897 929 984 adeoque
976 900 1165 963 etiam
1215 921 1294 963 ex
1341 898 1459 964 hoc
1511 899 1721 982 capite
1766 903 2051 983 tempore
2097 901 2395 966 sessionis
2440 924 2624 984 quar·

308 1001 416 1060 tae
464 1001 532 1059 et
578 995 873 1079 quintae,
932 994 1227 1077 Synodns
1273 997 1397 1059 ista
1444 995 1852 1059 oecumenica
1903 1018 2035 1059 non
2063 1000 2239 1076 terat.
2299 1032 2374 1040 —
2421 997 2623 1073 Quam

310 1093 516 1156 multa
579 1113 731 1156 vero
786 1095 1050 1175 propter
1105 1092 1423 1156 influxum
1495 1091 1917 1176 quorumdam
1981 1092 2266 1157 virorum
2327 1094 2395 1156 in
2457 1093 2623 1158 Con-

309 1189 454 1253 cilio
489 1187 974 1253 Constantiensi
1015 1188 1245 1254 fierent
1289 1189 1459 1253 haud
1503 1188 1628 1252 rite
1668 1195 1734 1252 et
1779 1194 2008 1253 contra
2046 1188 2391 1273 juridicum
2440 1212 2623 1255 usum

309 1284 660 1364 Ecclesiae,
721 1285 1012 1368 superius
1065 1286 1200 1369 jam
1262 1286 1692 1369 exposuimus.
1794 1284 2001 1361 Quum
2062 1287 2236 1350 enim
2298 1309 2427 1351 non
2481 1292 2624 1351 tan-

308 1387 446 1445 tum
493 1381 802 1465 episcopi,
856 1381 967 1445 sed
1014 1383 1221 1446 multo
1276 1383 1490 1465 plures
1549 1382 1660 1446 alii
1708 1382 2124 1447 ecclesiastici
2182 1387 2246 1448 et
2296 1383 2441 1448 laici
2489 1384 2625 1448 suf-

308 1478 516 1562 fragia
574 1478 850 1553 ferrent,
922 1483 1200 1562 votaque
1256 1478 1565 1543 darentur
1626 1477 1972 1543 secundum
2027 1480 2356 1556 nat-iones,
2431 1482 2623 1545 etiam

309 1596 388 1637 ex
457 1575 577 1639 hoc
653 1575 863 1658 capite
931 1573 1161 1637 vitium
1241 1573 1559 1659 quoddam
1636 1576 1951 1660 originale
2028 1576 2251 1640 aderat
2328 1576 2625 1653 decretis,

309 1670 479 1753 quod
539 1671 800 1735 nonnisi
862 1693 977 1755 per
1044 1671 1599 1736 confirmationem
1664 1670 1944 1736 Romani
2005 1668 2340 1738 Pontificis
2406 1673 2625 1737 sanari

309 1770 585 1850 poterat.
676 1765 1023 1850 Speciatim
1082 1789 1234 1832 vero
1279 1768 1404 1832 ista
1459 1768 1746 1845 decreta,
1801 1768 1897 1832 uti
1944 1770 2013 1833 in
2061 1768 2342 1841 sessione
2392 1770 2625 1852 quinta

306 1864 715 1947 promulgata
780 1864 992 1940 fuere,
1067 1864 1326 1929 condita
1396 1870 1462 1928 et
1528 1864 1923 1948 proclamata
1989 1869 2143 1929 sunt
2214 1866 2625 1929 reclamanti-

308 1961 426 2023 bus
496 1958 933 2024 cardinalium
1005 1961 1276 2045 collegio
1347 1964 1412 2025 et
1479 1963 1649 2046 regis
1719 1961 1967 2027 Galliae
2033 1962 2421 2027 oratoribus
2537 1960 2625 2024 Et

308 2057 378 2120 in
441 2078 687 2121 camera
757 2064 1278 2140 paramentorum
1344 2063 1587 2141 septem
1652 2057 2029 2123 Cardinales
2095 2060 2207 2142 qui
2274 2057 2624 2138 adfuerunt

308 2153 603 2231 sessioni,
666 2153 816 2218 dum
873 2159 1154 2238 quatuor
1210 2155 1349 2232 alii,
1413 2153 1619 2237 (inter
1672 2176 1834 2239 quos
1888 2160 2028 2219 erat
2080 2154 2312 2219 Petrus
2371 2153 2448 2216 de
2503 2152 2621 2217 Al-

309 2247 532 2334 liaco)‚
605 2250 684 2313 ad
748 2272 886 2315 eam
947 2272 1082 2315 non
1145 2256 1489 2330 venerunt,
1563 2252 1905 2336 protestati
1978 2257 2135 2315 sunt
2201 2256 2355 2315 ante
2421 2250 2622 2332 ipsam

307 2347 657 2412 sessionem
704 2348 1019 2431 quintam,
1065 2370 1131 2412 se
1178 2347 1433 2433 quidem
1480 2349 1685 2414 ituros
1733 2370 1869 2413 esse
1914 2349 1990 2413 ad
2036 2349 2384 2412 sessionem
2433 2368 2625 2410 causa

310 2444 556 2509 vitandi
611 2443 893 2510 scandali
951 2450 1018 2509 et
1070 2445 1457 2524 schismatiS,
1518 2468 1653 2512 non
1707 2467 1857 2511 vero
1903 2446 2117 2511 animo
2177 2442 2622 2511 consentiendi

307 2542 387 2604 iis
432 2563 598 2625 quae
644 2541 980 2606 audierant
1035 2543 1103 2605 in
1155 2542 1268 2606 illa
1310 2564 1444 2608 esse
1495 2543 1863 2608 statuenda.
1957 2543 2236 2627 Ideoque
2292 2541 2620 2606 decretum

306 2638 614 2703 sessionis
673 2639 944 2723 quintae
1002 2660 1136 2704 non
1197 2641 1278 2704 ab
1338 2641 1555 2725 aliquo
1607 2639 1962 2718 Cardinali,
2019 2640 2130 2705 sed
2189 2641 2270 2704 ab
2325 2639 2621 2722 episcopo

310 2733 737 2799 Posnaniensi
782 2735 1018 2799 lectum
1065 2740 1180 2800 est.

485 2831 587 2896 26.
642 2830 919 2896 Decreta
964 2830 1110 2896 dein
1157 2833 1457 2898 sessionis
1503 2839 1771 2917 quartae
1818 2839 1885 2898 et
1940 2835 2207 2919 quintae
2257 2830 2442 2897 nulla
2485 2829 2617 2895 Ro-

307 2925 491 2991 mani
554 2924 893 3006 Pontificis
953 2927 1418 3017 approbatione
1487 2927 1768 2993 valorem
1830 2927 2114 3011 aliquem
2180 2928 2619 2996 obtinuerunt.

307 3022 458 3087 Non
523 3023 746 3111 exsistit
806 3014 1083 3107 proprieu
1114 3014 1358 3089 =dictum
1421 3025 1749 3090 decretum
1812 3048 1922 3090 seu
1986 3024 2177 3091 Bulla
2229 3025 2497 3090 Martini
2541 3023 2617 3088 V.

305 3141 497 3203 super
542 3121 1030 3186 confirmatione
1077 3121 1344 3188 Concilii
1393 3123 1940 3200 Constantiensis,
1998 3124 2105 3188 sed
2156 3124 2236 3187 ad
2291 3123 2623 3189 confirma-

305 3217 549 3281 tionem
614 3217 782 3282 hanc
841 3219 1154 3302 imprimis
1214 3221 1499 3303 pertinet
1559 3219 1905 3284 declaratio
1967 3220 2159 3284 oralis
2223 3218 2490 3284 Martini
2537 3216 2618 3282 V.

303 3313 372 3376 in
433 3314 718 3378 sessione
780 3316 1264 3399 quadragesima
1328 3316 1556 3400 quinta
1620 3338 1782 3400 quae
1845 3322 1985 3380 erat
2049 3316 2308 3392 ultima,
2375 3338 2442 3379 se
2508 3336 2620 3396 ap·

304 3409 574 3493 probare
623 3433 697 3474 ea
749 3435 915 3496 quae
959 3411 1034 3476 in
1079 3410 1375 3476 materiis
1416 3411 1568 3492 fidei
1614 3410 2054 3493 conciliariter
2109 3416 2363 3476 statuta
2410 3414 2619 3473 erant.

304 3506 445 3582 Qua
491 3511 822 3574 occasione
878 3510 989 3573 illa
1043 3498 1389 3574 declaratio
1437 3510 1610 3575 edita
1655 3511 1881 3588 fuerit,
1940 3511 2158 3593 paucis
2208 3510 2467 3594 juvabit
2514 3528 2620 3569 ex-

303 3626 563 3687 ponere.
674 3605 757 3670 In
824 3607 954 3670 fine
1016 3607 1282 3671 ultimae
1347 3607 1647 3672 sessionis
1712 3607 2070 3672 Cardinalis
2140 3605 2517 3688 Raynaldus
2583 3626 2620 3666 a

303 3699 367 3767 S.
419 3701 572 3768 Vito
636 3725 714 3767 ex
780 3703 1086 3768 mandato
1152 3703 1484 3768 Pontificis
1538 3705 1677 3787 jam
1738 3704 1934 3768 verba
2002 3701 2404 3768 demissionis
2470 3725 2619 3786 pro-

303 3800 578 3865 tulerat:
642 3798 945 3879 Domini,
1009 3799 1096 3864 ite
1152 3797 1227 3865 in
1281 3818 1470 3883 pace,
1540 3823 1613 3865 ac
1681 3800 1969 3866 Joannes
2033 3800 2363 3884 episcopus
2428 3798 2618 3865 Cata-

303 3896 527 3960 nensis
595 3918 959 3961 sermonem
1029 3903 1166 3962 erat
1232 3898 1541 3962 facturus.
1661 3897 1846 3962 Tunc
1913 3901 2334 3961 surrexerunt
2401 3902 2617 3963 orato-

304 4014 404 4056 res
468 3994 639 4077 regis
705 3993 1017 4059 Poloniae
1083 3999 1151 4059 et
1212 3996 1434 4078 magni
1499 3995 1674 4060 ducis
1738 3994 2156 4072 Lithuaniae,
2221 4015 2293 4058 ac
2358 3995 2618 4059 nomine

304 4088 707 4155 dominorum
780 4113 1039 4156 suorum
1116 4092 1636 4175 postulaverunt,
1713 4095 1786 4156 ut
1855 4092 2105 4155 libellus
2177 4089 2278 4154 Fr.
2344 4090 2616 4156 Joannis

2308 4192 2406 4246 20*

2665 2845 2801 2886 Deest
2823 2856 2925 2886 con-

2699 2905 2899 2948 firmatim
