3281 5014
677 436 777 487 118
1108 435 1325 489 ·ΧΧΧΙ.
1364 436 1444 489 De
1482 435 1779 490 abolitione
1818 437 2037 490 Ordinis
2078 437 2522 505 Templariorum.

672 576 1103 641 Continuator
1146 574 1449 640 Gulielmi
1497 576 1767 663 Nangii,
1825 578 2168 642 Chronista
2230 578 2295 643 S.
2346 578 2675 661 Dionysii,
2728 576 2977 642 Johan-

674 695 788 737 nes
833 696 870 736 a
914 670 977 737 S.
1006 672 1298 749 Victore,
1356 673 1766 738 Ptolomaeus
1824 674 2167 751 Lucensis,
2227 674 2597 740 Bernartius
2645 673 2976 759 Guidonis,

656 771 1030 834 Amalricus
1079 769 1436 853 Augerius,
1484 769 1789 836 Nicolaus
1837 770 2130 835 Rosellus
2178 772 2535 836 Cardinalis
2584 771 2977 854 ArragonuS,

681 866 1048 930 Albertinus
1091 865 1439 944 Mussatus,
1500 867 1879 932 Franciscus
1935 868 2283 952 Pippinus‚
2341 866 2638 931 Ferretus
2686 866 2980 930 Vicenti-

676 984 824 1037 nuS,
889 961 1165 1026 Thomas
1226 962 1677 1048 Walsingham
1735 970 1802 1028 et
1859 965 2168 1029 Albertus
2225 963 2559 1027 KrantiuS.
2678 960 2974 1042 Villani1)

669 1059 924 1142 quidem
997 1064 1061 1123 et
1128 1081 1204 1124 ex
1273 1061 1410 1143 ipso
1463 1060 1526 1125 S.
1584 1060 1990 1141 AntoninuS‚
2059 1060 2570 1145 Templariorum
2638 1061 2976 1124 interitum

583 1170 587 1174 ’
673 1156 887 1237 potius
943 1156 1248 1220 avaritiae
1306 1155 1589 1240 Philippi
1644 1158 1815 1242 regis
1870 1157 2265 1239 adscribunt3
2328 1157 2436 1220 sed
2468 1156 2979 1221 Villanirumo-

673 1274 773 1315 res
819 1251 1151 1335 populares
1195 1252 1314 1317 hac
1367 1253 1437 1316 in
1484 1276 1552 1318 re
1602 1259 1701 1327 (ut
1747 1255 2027 1337 saepius)
2080 1262 2336 1318 secutus
2384 1259 2508 1334 est,
2569 1254 2836 1336 ejusque
2881 1274 2979 1315 re-

674 1348 830 1412 latio
899 1349 1281 1413 auctoritate
1343 1354 1545 1426 caret,
1617 1373 1813 1434 quum
1878 1351 2086 1415 valida
2150 1351 2530 1414 documenta
2596 1358 2659 1412 et
2720 1349 2979 1431 plurimi

596 1488 602 1495 -
676 1446 962 1509 historici
1009 1444 1210 1509 eidem
1260 1452 1689 1529 opponantur.

851 1597 950 1660 36.
1017 1594 1233 1660 Etiam
1291 1604 1333 1659 α’
1385 1596 1598 1680 probis
1659 1596 1917 1661 familiis
1975 1596 2327 1676 nobilibus,
2382 1617 2649 1678 quarum
2697 1594 2980 1657 membra

672 1691 749 1755 ad
816 1690 1125 1756 Ordinem
1186 1692 1629 1775 pertinebant,
1692 1696 2202 1776 suppressionem
2268 1691 2776 1774 Templariorum
2837 1713 2980 1755 cum

670 1788 890 1852 dolore
954 1788 1210 1872 quidem
1275 1794 1623 1872 receptam,
1694 1789 1801 1853 sed
1858 1791 2099 1873 justam
2163 1790 2357 1853 fuisse
2418 1788 2733 1863 habitam,
2807 1788 2982 1857 inter

674 1886 800 1950 alia
863 1886 1124 1970 colliges
1189 1909 1266 1949 ex
1330 1885 1712 1951 documento
1777 1886 2141 1969 nuperrime
2204 1887 2271 1949 in
2334 1887 2537 1949 lucem
2604 1883 2792 1948 edito.
2904 1882 2976 1948 In

675 1987 1066 2045 testamento
1136 1982 1432 2046 videlicet
1498 1981 1845 2046 Bertrandi
1913 1983 1988 2046 de
2064 1982 2417 2055 PelliseriS,
2484 1980 2653 2064 quod
2723 1981 2980 2043 Auraici

672 2079 797 2160 (ap.
845 2077 1092 2160 Auray)
1139 2079 1240 2143 die
1291 2076 1401 2143 15⁰
1448 2079 1691 2162 Aprilis
1736 2101 1793 2146 a.
1844 2078 2009 2142 1329
2057 2077 2419 2142 confectum
2468 2083 2594 2152 est,
2646 2082 2712 2141 et
2757 2099 2981 2140 manu-

672 2174 980 2257 scriptum
1039 2179 1235 2258 atque
1295 2200 1331 2239 a
1387 2178 1643 2239 notario
1690 2177 2014 2239 firmatum
2061 2176 2126 2238 in
2175 2174 2375 2240 nobili
2423 2175 2669 2238 familia
2714 2174 2789 2237 de
2838 2172 2980 2237 Pel-

677 2271 852 2335 lisier
916 2281 1356 2355 conservatur,
1422 2272 1580 2336 haec
1642 2272 1947 2356 leguntur
2010 2270 2221 2355 quoad
2283 2273 2793 2355 suppressionem
2860 2268 2979 2334 Or·

676 2367 845 2431 dinis
891 2367 1434 2451 Templariorum,
1496 2370 1565 2432 in
1624 2391 1749 2452 quo
1811 2369 1937 2432 duo
1995 2368 2226 2432 fratres
2268 2366 2613 2432 Bertrandi
2673 2373 2738 2430 et
2794 2367 2979 2430 mult-i

679 2466 1023 2548 propinqui
1069 2464 1411 2551 degerant:
1474 2462 2031 2529 Vehementissime
2076 2468 2422 2528 commotus
2467 2462 2810 2546 stupenda,
2862 2461 2980 2525 mi·

679 2559 943 2625 serabili
1002 2566 1063 2624 et
1114 2582 1457 2643 nunquam
1517 2561 1683 2626 satis
1741 2561 2137 2643 deploranda
2198 2565 2367 2625 sorte
2424 2560 2657 2642 inclyti
2715 2564 2776 2623 et
2834 2558 2982 2623 cele-

677 2657 950 2722 berrimi
994 2657 1194 2741 hujus
1253 2657 1765 2741 Templariorum
1812 2657 2097 2722 militum
2147 2657 2439 2736 Ordinis,
2499 2677 2684 2738 quem
2716 2654 2980 2738 jamdiu

679 2753 754 2819 in
799 2753 1069 2819 sublime
1114 2755 1356 2820 elatum
1388 2756 1532 2820 ictu
1581 2755 1751 2819 oculi
1790 2753 2025 2836 paucis
2070 2754 2305 2819 abhinc
2350 2753 2547 2819 annis
2586 2752 2660 2818 in
2700 2752 2983 2835 profun-

673 2851 837 2915 dum
881 2851 1020 2915 vidi
1064 2851 1442 2931 demersum,
1487 2852 1883 2915 destructum
1930 2855 1990 2914 et
2029 2871 2062 2914 e
2093 2855 2428 2933 conspectu
2473 2849 2645 2914 orbis
2690 2848 2986 2913 universi

671 2947 940 3030 penitus
987 2947 1296 3028 ablatum,
1346 2948 1657 3030 quomodo
1710 2947 1784 3012 in
1817 2952 1997 3012 tanto
2030 2946 2398 3012 miserando
2430 2967 2585 3011 casa
2634 2950 2989 3027 temperare

381 3038 625 3151 flffitffajst
673 3065 725 3110 a
790 3044 1145 3127 lacrymis?
1210 3095 1224 3109 .
1284 3095 1298 3109 .
1363 3097 1375 3108 .
1438 3044 1630 3109 Heu!
1705 3044 1876 3108 Ordo
1935 3043 2044 3107 ille
2106 3047 2241 3107 tam
2295 3042 2578 3107 illustris
2632 3046 2691 3106 et
2743 3044 2986 3126 potens,

673 3161 869 3224 quem
912 3163 1044 3207 non
1091 3141 1615 3224 dediqnabantur
1656 3140 1986 3222 principes
2035 3139 2294 3219 saeculi,
2340 3139 2455 3221 qui
2498 3142 2714 3203 tantos
2756 3136 2986 3201 eduxe-

672 3243 792 3303 -rat
837 3237 1012 3303 viros
1023 3287 1040 3318 ,
1094 3243 1393 3303 strenuos
1438 3237 1706 3312 milites,
1756 3256 2104 3319 qenerosae
2148 3235 2509 3302 nobilitatis
2553 3234 2881 3317 refuyium
2926 3237 2988 3296 et

673 3334 1031 3414 aemilium,
1081 3334 1186 3400 cui
1233 3335 1512 3417 majores
1545 3338 1607 3398 et
1636 3332 1943 3398 authores
1984 3332 2110 3397 mei
2158 3336 2415 3397 tantum
2458 3331 2769 3396 debitores
2798 3331 2991 3393 erant

673 3437 744 3496 et
810 3431 1117 3510 devincti,
1188 3431 1295 3496 cui
1362 3434 1453 3495 tot
1527 3429 1865 3508 avunculi,
1947 3428 2314 3493 consobrini
2374 3433 2435 3492 et
2490 3430 2797 3510 parentes
2863 3423 2990 3488 mei

684 3527 1012 3593 Pelliserii
1052 3548 1165 3592 sea
1213 3526 1550 3592 Pellicarii
1595 3547 1708 3592 seu
1755 3525 1922 3590 Pelli
1915 3524 2103 3607 parii
2148 3523 2535 3600 servierant,
2582 3521 2761 3605 apud
2804 3541 2990 3604 quem

674 3624 1094 3690 adoleverant
1160 3628 1221 3687 et
1282 3623 1552 3688 virtutis
1625 3622 1882 3687 bellicae
1948 3625 2009 3685 et
2072 3620 2323 3702 gloriae
2393 3620 2567 3684 viam
2636 3617 2991 3701 amplexati

670 3722 952 3804 fuerant
1014 3725 1075 3784 et
1134 3720 1361 3798 secuti,
1427 3718 1547 3789 cai,
1594 3718 1736 3784 ideo
1799 3722 1932 3782 tam
1992 3716 2242 3782 strictis
2296 3715 2575 3781 vinculis
2640 3713 2993 3779 adstrictus

674 3839 892 3897 eram,
951 3816 1117 3881 heu!
1173 3815 1475 3881 horribili
1520 3819 1580 3879 et
1627 3814 1955 3895 hucusque
1999 3813 2301 3879 inaudito
2349 3813 2491 3895 fato
2527 3812 2677 3894 jam
2720 3810 2885 3893 fuit,
2932 3814 2994 3873 et

675 3913 967 3979 evanuit.
1060 3914 1393 3978 Praesens
1428 3911 1588 3977 mihi
1637 3911 1849 3976 adhuc
1894 3915 1987 3974 est
2032 3914 2092 3974 et
2137 3910 2264 3974 erit
2319 3929 2565 3991 semper
2607 3907 2840 3990 fatalis
2885 3906 2995 3970 ille

867 4170 907 4234 ¹)
949 4166 1144 4221 Istorie
1182 4164 1516 4229 Florentiae,
1553 4165 1612 4218 L.
1640 4164 1792 4217 VIII.
1829 4179 1872 4215 c.
1912 4165 1979 4214 92
2018 4169 2073 4216 et
2110 4161 2171 4215 L.
2212 4161 2306 4213 IX.
2352 4178 2394 4214 c.
2434 4162 2517 4213 22.
