3281 5014
620 408 727 459 216
1042 405 1272 459 XXXII.
1311 406 1393 462 De
1432 405 1790 462 Pontificibus
1827 405 2113 461 Avenione
2150 405 2513 460 commoratis.

805 547 905 610 71.
974 545 1070 611 Ex
1134 546 1233 611 his
1294 547 1494 632 igitur
1558 548 1879 631 sequitur,
1956 547 2277 613 Romanos
2334 546 2714 623 Pontifices,
2783 546 2930 610 dum

619 643 801 708 sedes
847 645 1235 727 episcopales
1281 643 1406 708 sibi
1452 651 1895 728 reservarunt,
1942 646 2087 729 jure
2142 666 2260 709 suo
2307 666 2452 709 usos
2514 666 2670 710 esse.
2759 642 2932 726 Ipso·

623 762 765 805 rum
830 740 1021 804 etiam
1089 744 1229 804 erat
1293 739 1664 824 dijudicare,
1739 746 1957 806 utrum
2028 763 2239 805 rerum
2308 741 2611 825 adjuncta
2680 745 2746 804 et
2810 738 2930 804 Ec·

620 837 855 903 clesiae
884 836 1135 901 utilitas
1170 837 1336 901 tales
1365 838 1832 902 reservationes
1867 837 2231 902 suaderent.
2302 836 2668 902 Universim
2713 844 2932 900 autem

618 933 744 997 dici
804 936 1045 1017 potest,
1113 932 1188 997 ad
1255 934 1724 999 reservationes
1779 935 1940 998 istas
1998 933 2318 999 faciendas
2378 934 2618 999 motiva
2678 932 2932 997 validis-

624 1030 786 1093 sima
832 1029 1055 1107 fuisse,
1113 1029 1283 1113 quod
1327 1028 1374 1094 ii
1420 1030 1654 1115 quibus
1699 1029 1956 1096 collatio
2012 1031 2278 1095 istarum
2328 1030 2733 1095 ecclesiarum
2772 1035 2930 1093 erat.

619 1126 956 1191 commissa
1022 1131 1343 1210 potestate
1409 1148 1526 1191 sua
1594 1128 1760 1191 male
1823 1130 2192 1204 uterentur,
2269 1127 2442 1211 leges
2509 1125 2932 1211 praescriptas

623 1244 756 1287 non
823 1226 1188 1301 servarent,
1267 1228 1332 1288 et
1391 1245 1609 1288 sacrae
1671 1225 2014 1289 electiones
2070 1224 2347 1307 partium
2411 1223 2672 1301 studiis,
2742 1224 2931 1286 simo-

623 1320 733 1383 nia
800 1319 1069 1403 aliisque
1139 1319 1445 1384 abusibus
1518 1321 2143 1404 contaminarentur3
2223 1321 2326 1386 vel
2397 1322 2546 1405 jure
2616 1342 2731 1385 suo
2804 1318 2932 1382 Ro-

623 1437 849 1480 manos
918 1414 1262 1481 Pontifices
1330 1438 1475 1481 usos
1544 1438 1705 1499 esse,
1774 1417 2028 1501 quando
2097 1440 2211 1502 pro
2276 1417 2652 1483 universalis
2713 1416 2932 1480 Eccle-

622 1511 754 1576 siae
801 1512 1360 1577 administratione
1415 1518 1528 1578 aut
1575 1535 1653 1576 ex
1715 1514 1855 1578 aliis
1897 1514 2388 1579 rationabilibus
2443 1514 2646 1579 causis
2702 1513 2764 1577 id
2822 1534 2933 1576 ex·-

626 1609 839 1692 pedire
878 1610 1278 1694 judicabant.

284 1758 589 1861 wffggfffissa
805 1759 907 1824 72.
969 1759 1071 1822 Ad
1132 1760 1258 1824 alia
1322 1756 1700 1842 beneficiost)
1766 1760 2188 1826 ecclesiastica
2254 1759 2427 1844 quod
2491 1763 2738 1843 spectat
2795 1761 2934 1843 jam

590 1850 932 1932 ‘diximus,
998 1856 1191 1920 etiam
1256 1855 1376 1922 hac
1437 1857 1508 1921 in
1569 1878 1638 1920 re
1690 1855 2033 1923 Pontifices
2096 1856 2421 1922 Romanos
2484 1878 2805 1921 summum
2868 1860 2934 1920 et

623 1952 975 2036 principale
1029 1954 1138 2036 jus
1200 1952 1467 2029 habere,
1532 1976 1605 2018 ac
1666 1953 1928 2037 proinde
1992 1954 2385 2037 provisiones
2444 1959 2509 2018 et
2559 1951 2934 2018 collationes

626 2048 1072 2113 beneficiorum
1121 2050 1693 2115 ecclesiasticorum
1734 2052 1883 2135 jure
1932 2071 2112 2133 posse
2161 2050 2284 2114 sibi
2330 2071 2678 2114 reservare.
2765 2046 2936 2112 Sunt

623 2144 880 2229 quidem
958 2146 1234 2230 episcopi
1304 2147 1573 2232 genuini
1651 2168 1723 2211 ac
1799 2147 2003 2211 nativi
2072 2148 2410 2211 collatores
2478 2146 2933 2210 beneficiorum

625 2242 1003 2306 inferiorum
1074 2243 1275 2307 relate
1336 2243 1416 2307 ad
1484 2243 1643 2308 alios
1704 2244 2064 2319 collatores,
2135 2252 2451 2327 quatenus
2507 2242 2576 2306 hi
2637 2242 2839 2307 solum
2897 2262 2931 2304 e

627 2339 962 2423 privilegio
1022 2340 1121 2403 vel
1179 2339 1674 2417 consuetudine,
1735 2341 1828 2404 illi
1887 2362 2035 2404 vero
2092 2341 2346 2423 proprio
2389 2341 2539 2424 jure
2596 2344 2661 2403 et
2707 2360 2783 2402 ex
2835 2337 2933 2401 of·

628 2435 768 2500 ficio
831 2436 1141 2501 beneficia
1202 2435 1572 2521 conferunt3
1637 2436 1750 2500 sed
1798 2436 1875 2500 ‘id
1935 2436 2197 2502 minime
2257 2435 2535 2500 excludit
2583 2437 2694 2520 jus
2756 2434 2932 2520 prin-

622 2534 826 2617 cipale
881 2533 1155 2599 Romani
1205 2532 1571 2611 PontificiS,
1634 2533 1742 2618 qui
1786 2536 1936 2618 jure
1993 2555 2109 2598 suo
2165 2535 2285 2598 hac
2341 2535 2407 2597 in
2464 2555 2532 2598 re
2583 2533 2932 2597 rectissime

628 2629 837 2694 utitur
890 2630 1021 2694 sive
1081 2630 1160 2693 ad
1212 2630 1654 2714 corrigendam
1710 2629 2200 2695 Ordinariorum
2257 2629 2599 2706 incuriam,
2664 2630 2796 2693 sive
2854 2627 2932 2691 ad

629 2726 1058 2810 procurandos
1125 2726 1402 2789 ecclesiis
1459 2727 1795 2791 ministros
1851 2726 2078 2811 dignos
2137 2732 2203 2790 et
2256 2722 2546 2802 idoneoS,
2605 2725 2686 2790 ad
2729 2747 2929 2789 remu·

629 2823 950 2888 nerandos
999 2823 1261 2887 clericos
1315 2822 1479 2887 bene
1530 2823 1824 2906 meritos,
1882 2822 1962 2886 ad
2009 2823 2354 2888 avertenda
2413 2824 2580 2888 mala
2625 2821 2784 2887 alias
2832 2842 2932 2885 ec-

621 2919 830 2985 clesiis
876 2919 1301 2984 imminentia.
1399 2920 1635 2984 Merito
1683 2918 1914 2984 Petrus
1961 2919 2037 2983 de
2082 2920 2331 2984 Alliaco
2379 2918 2754 2997 Cardinalis,
2802 2920 2930 3002 epi·

620 3038 849 3100 scopus
892 3016 1391 3095 Cameracensis,
1449 3017 1559 3101 qui
1606 3016 1823 3081 floruit
1868 3018 2133 3081 ineunte
2179 3017 2430 3081 saeculo
2474 3015 2605 3081 XV
2650 3022 2713 3081 et
2761 3021 2932 3081 certe

625 3116 695 3178 in
771 3113 1188 3178 defendendis
1253 3112 1560 3178 Romanis
1617 3112 2041 3178 Pontificibus
2107 3114 2365 3178 modum
2438 3135 2566 3179 non
2642 3114 2929 3187 excessit,

627 3212 782 3275 haec
828 3209 1083 3274 scribit:
1143 3208 1333 3292 Papa
1375 3209 1535 3292 jure
1576 3208 1800 3292 potuit
1844 3208 2288 3275 ordinationes
2329 3211 2655 3293 maj0rum
2709 3214 2769 3273 et
2814 3208 2931 3274 ele-

623 3306 950 3371 ctivarum
993 3305 1391 3390 diynitatum
1438 3327 1514 3371 ac
1562 3303 1932 3371 collationes
1976 3306 2259 3371 aliorum
2308 3304 2752 3387 beneficiorum
2806 3304 2932 3370 sibi

623 3408 686 3468 et
741 3401 1146 3486 Apostolieae
1204 3402 1356 3467 Secti
1414 3422 1778 3481 reservare,
1839 3401 1996 3483 quia
2054 3402 2209 3467 haec
2268 3401 2725 3484 antiquissimo
2772 3402 2932 3485 jure

621 3499 752 3565 sibi
810 3499 1260 3582 competebant.
1361 3499 1543 3563 Haec
1608 3499 1805 3564 etiam
1867 3520 1999 3565 non
2055 3498 2262 3564 solum
2317 3499 2477 3582 jure
2537 3498 2932 3565 universalis

807 3745 849 3813 ¹)
896 3744 978 3798 De
1027 3743 1240 3812 origine
1303 3742 1684 3798 beneficiorum
1734 3743 1972 3797 sufficiat
2016 3744 2151 3798 haee
2207 3743 2409 3798 citasse
2458 3759 2526 3798 ex
2574 3741 2810 3797 Baronio
2862 3743 2930 3796 ad

621 3841 672 3878 a.
714 3827 815 3878 502
852 3839 902 3876 n.
943 3826 1035 3877 36:
1086 3823 1250 3891 „Cum
1289 3822 1530 3876 solerent
1568 3821 1753 3876 clerici
1791 3823 1857 3875 ab
1893 3822 2128 3877 ecelesia
2174 3838 2272 3888 per
2309 3822 2618 3890 episcopum
2654 3821 2929 3875 mensibus

623 3903 861 3972 singulis
902 3903 1079 3957 victus
1120 3918 1284 3955 causa
1321 3901 1568 3955 meritam
1608 3901 1809 3969 stipem
1847 3900 2112 3967 accipere,
2152 3940 2163 3952 .
2207 3940 2220 3955 .
2259 3942 2271 3954 .
2312 3905 2505 3968 postea
2541 3914 2670 3954 vero
2708 3900 2930 3965 factum,

626 3993 688 4037 ut
725 3982 998 4050 aliquibus
1047 3997 1114 4036 ex
1163 3981 1245 4034 his
1285 3979 1549 4035 ecclesiae
1600 3978 1972 4046 possessiones
2020 3979 2194 4047 quoad
2242 3978 2492 4034 viverent
2540 3979 2607 4031 ab
2655 3979 2772 4046 ipso
2820 3979 2930 4046 epi-

621 4078 793 4128 scopo
832 4062 1282 4126 concederentur,
1328 4075 1464 4127 quae
1510 4057 1772 4114 beneficia
1818 4057 1925 4111 diei
1963 4065 2288 4124 coeperunt,
2335 4073 2396 4112 eo
2448 4059 2617 4126 quod,
2667 4064 2729 4111 ut
2764 4057 2931 4113 habet

620 4140 992 4208 SymmachuS,
1032 4140 1165 4194 bene
1202 4139 1415 4193 meritis
1453 4143 1667 4191 tantum
1705 4153 1770 4192 ea
1808 4137 2027 4192 concedi
2066 4136 2245 4191 licet.“
