3281 5014
1181 415 1531 470 Continuatio
1568 417 1769 471 luctae.
2413 423 2418 428 '
2523 422 2627 473 209

309 553 531 618 ximas
585 553 740 621 Kal.
796 554 1021 637 futuri
1075 555 1314 622 mensis
1372 555 1663 622 Octobris
1713 578 1835 640 pro
1891 558 2276 624 resumenda
2322 580 2624 641 prosecu-

297 649 488 715 tione
530 650 1081 718 reconciliationis
1113 653 1463 735 praefatae
1509 653 1864 719 terminum
1910 653 2222 721 duximus
2256 677 2626 739 proroqan-

312 745 489 826 dum,
537 796 551 811 .
600 797 614 812 .
660 795 676 812 .
721 752 1080 831 sperantes,
1143 748 1314 831 quod
1355 752 1429 815 tu
1475 749 1552 815 de
1594 751 1956 817 intentione
1994 756 2221 817 nostra
2266 752 2521 818 sincera
2568 757 2628 818 et

313 847 523 909 mente
583 844 881 910 benevola
936 843 1369 927 informatus,
1418 897 1431 909 .
1478 896 1493 911 .
1541 897 1555 911 .
1603 867 1801 931 super
1860 847 2382 915 reconciliatione
2430 868 2627 932 prae-

312 937 488 1005 dicta
534 940 912 1023 procederes
967 961 1173 1024 usque
1217 941 1305 1008 ad
1362 943 1999 1010 consummationem.
2089 946 2188 1010 Ex
2245 946 2344 1011 his
2388 948 2627 1012 litteris

310 1036 552 1102 inferre
595 1038 844 1120 licebit,
899 1040 1232 1105 obstacula
1277 1042 1590 1124 quaedam
1637 1043 1984 1107 occurrisse
2040 1044 2108 1106 in
2156 1045 2417 1127 negotio
2464 1044 2629 1109 circa

313 1134 715 1200 conditiones
760 1137 1332 1213 reconciliationis,
1391 1159 1466 1202 ac
1523 1139 1789 1203 nuntios
1844 1144 2184 1223 propterea
2229 1141 2629 1225 prorogatio-

313 1251 460 1294 nem
523 1232 919 1314 postulasse3
980 1234 1264 1317 potuisse
1322 1238 1540 1299 autem
1589 1234 1987 1300 Ludovicum
2043 1259 2178 1301 rem
2238 1236 2320 1301 ad
2377 1237 2627 1302 felicem

311 1326 506 1391 finem
550 1361 558 1398 f
570 1328 932 1411 perducere.
1046 1329 1392 1414 Propterea
1455 1353 1617 1416 quae
1680 1332 1915 1415 passim
1980 1333 2381 1412 referuntur,
2446 1356 2505 1399 v.
2564 1354 2625 1417 g.

311 1424 482 1507 quod
534 1423 925 1491 Benedictus
995 1448 1137 1491 cum
1205 1428 1505 1511 lacrymis
1573 1429 1826 1493 nuntiis
1893 1429 2155 1505 dixerit,
2231 1450 2301 1493 se
2370 1433 2633 1513 propter

308 1541 524 1605 regem
561 1520 956 1587 Francorum
1003 1523 1475 1589 absolutionem
1525 1523 1849 1589 Ludovico
1888 1525 2203 1608 impertiri
2248 1546 2381 1589 11011
2429 1547 2630 1609 posse,

309 1617 547 1682 fabulis
595 1620 1014 1684 adscribenda
1057 1624 1232 1685 sunt.

486 1715 589 1782 63.
637 1715 791 1780 Mox
839 1720 1052 1781 autem
1089 1716 1449 1781 Ludovicus
1499 1717 1872 1781 inconstans
1905 1717 2120 1781 animo
2165 1738 2339 1800 spem
2375 1739 2631 1781 omnem
2661 1726 2833 1769 Effeotu
2858 1726 2948 1767 fru-

309 1813 846 1878 reconciliationis
905 1813 1188 1897 abrupit.
1291 1812 1535 1877 Contra
1590 1812 1906 1896 promissa
1969 1812 2141 1877 enim
2204 1835 2440 1878 nomen
2498 1812 2629 1877 Im·
2701 1791 2907 1831 struatur.

308 1909 623 1993 peratoris
696 1911 931 1975 iterum
1003 1909 1369 1993 usurpavit,
1456 1910 1681 1974 foedus
1751 1914 1979 1974 contra
2047 1908 2409 1993 Philippum
2482 1911 2633 1976 iniit

309 2027 448 2070 cum
515 2006 841 2084 Eduardo,
899 2007 1027 2071 imo
1087 2012 1245 2071 tunc
1306 2005 1568 2089 Imperii
1631 2006 1941 2071 vicarium
1995 2007 2061 2070 in
2124 2005 2473 2071 Germania
2529 2009 2631 2072 in-

310 2101 526 2165 feriori
592 2103 957 2180 constituit,
1025 2124 1099 2167 ac
1158 2103 1548 2187 generatim,
1611 2106 1687 2167 ut
1748 2111 1973 2185 antea,
2036 2103 2278 2166 infelici
2345 2124 2632 2187 progres-

308 2220 412 2263 sus
484 2203 584 2263 est
645 2200 764 2264 via.
873 2199 1231 2276 Referunt,
1300 2198 1365 2262 id
1426 2220 1571 2262 eum
1632 2198 1887 2279 fecisse,
1957 2200 2266 2283 quoniam
2334 2199 2633 2264 taedebat

307 2295 516 2377 ipsum
584 2297 893 2380 protracti
957 2297 1266 2362 continuo
1339 2294 1880 2359 reconciliationis
1948 2295 2227 2377 negotii,
2299 2296 2408 2359 sed
2482 2296 2632 2360 inde

306 2412 465 2455 sane
520 2393 702 2456 nulla
766 2395 1094 2458 excusatio
1155 2391 1358 2457 solida
1412 2392 1545 2475 peti
1599 2396 1847 2475 potest;
1911 2392 1965 2455 si
2020 2413 2171 2456 vero
2233 2390 2619 2457 Benedictus

308 2488 549 2574 aliquid
607 2489 775 2554 forte
840 2490 1070 2556 detulit
1130 2488 1456 2554 desideriis
1520 2487 1829 2572 Philippi,
1892 2488 2105 2573 gravis
2161 2493 2378 2554 tamen
2441 2512 2621 2555 accu-

306 2587 472 2650 satio
532 2586 603 2651 in
660 2609 806 2651 eum
861 2588 1017 2651 ferri
1074 2587 1322 2672 nequit.
1370 2622 1458 2631 —
1491 2582 1834 2650 Venerunt
1890 2585 2142 2669 quidem
2208 2588 2405 2651 etiam
2454 2610 2627 2651 anno

314 2684 482 2748 1338
530 2684 749 2749 nuntii
808 2705 885 2749 ex
934 2683 1279 2748 Germania
1337 2683 1416 2748 ad
1480 2683 1694 2747 aulam
1740 2682 2294 2758 Avenionensem,
2355 2688 2426 2748 ut
2485 2706 2632 2748 eau-

307 2801 445 2844 sam
504 2778 811 2845 Ludovici
880 2786 1270 2858 tractarent,
1342 2779 1450 2844 sed
1518 2779 1600 2843 ad
1664 2779 1937 2862 speciem
2009 2781 2223 2863 potius
2288 2783 2355 2844 et
2417 2779 2634 2844 fucum

308 2875 699 2957 faciendum,
769 2901 961 2964 quam
1013 2884 1089 2943 ut
1143 2879 1309 2943 serio
1365 2876 1696 2961 negotium
1752 2878 1927 2959 pacis
1985 2877 2386 2960 perficerent.
2508 2875 2635 2942 Ob·

308 2975 552 3039 stacula
614 2996 764 3040 vero
833 2975 1369 3042 reconciliationis
1435 2973 1630 3038 variis
1703 2974 2041 3038 eventibus
2102 2995 2296 3057 quam
2358 2973 2635 3038 maxime

308 3075 501 3135 aucta
546 3076 720 3137 sunt.
815 3070 1036 3137 Mense
1081 3072 1256 3138 Julio
1302 3071 1607 3137 videlicet
1665 3074 1913 3153 septem
1965 3070 2088 3134 viri
2130 3069 2468 3148 electoreS,
2525 3092 2636 3134 ex-

307 3168 493 3250 cepto
553 3167 810 3233 Joanne
869 3166 1185 3244 BohemO,
1247 3172 1642 3233 conventum
1705 3165 1986 3230 Rhensis
2049 3166 2450 3250 habuerunt,
2514 3166 2634 3230 ibi·-

309 3286 432 3349 que
485 3269 763 3350 urgente
821 3260 1176 3342 Ludovico‚
1238 3264 1622 3331 documento
1684 3263 1857 3327 edito
1913 3262 2429 3340 declaraverunt,
2488 3284 2634 3328 eum

309 3362 422 3444 qui
470 3383 508 3425 a
554 3363 795 3447 majore
842 3362 1190 3439 electorum
1248 3367 1432 3445 parte
1482 3360 1686 3425 fuerit
1740 3361 2012 3436 electus,
2071 3358 2438 3424 habendum
2496 3381 2635 3423 esse

309 3465 382 3522 ut
440 3473 653 3541 regem
714 3458 1077 3523 Romanum
1139 3459 1523 3542 legitimum.
1642 3455 1784 3520 Hac
1848 3457 2099 3520 ratione
2170 3455 2633 3540 obligationem

312 3555 645 3620 electionis
707 3556 1034 3619 unanimis
1095 3556 1530 3630 sustulerunt,
1592 3558 1660 3617 et
1721 3553 2034 3617 minorem
2096 3557 2374 3636 partem,
2436 3557 2509 3615 ut
2569 3574 2635 3615 se

311 3653 541 3736 majori
601 3652 980 3736 subjiceret,
1042 3651 1561 3724 adstrinxerunt;
1625 3650 1817 3713 simul
1879 3649 2107 3730 etiam,
2167 3671 2362 3733 quum
2427 3646 2633 3731 legiti-

312 3769 490 3813 mum
552 3770 767 3834 regem
836 3749 1125 3813 dicerent
1194 3756 1343 3812 ante
1412 3746 1745 3812 Pontificis
1815 3745 2398 3823 confirmationem,
2468 3745 2635 3810 hanc

310 3845 508 3910 veluti
566 3866 1098 3929 supervacaneam
1160 3847 1606 3928 seposuerunt.
1709 3831 1855 3907 Jam
1919 3864 2069 3908 vero
2137 3843 2405 3918 electus,
2477 3843 2635 3926 quia

311 3946 540 4028 postea
595 3941 1067 4026 promovendus
1122 3944 1263 4005 erat
1315 3941 1382 4005 in
1436 3939 1897 4024 Imperatorem
1963 3962 2041 4003 ex
2097 3939 2429 4023 principiis
2472 3940 2637 4023 juris

308 4042 378 4104 in
437 4038 763 4103 Decretali
815 4036 1250 4102 Venerabilem
1302 4036 1706 4114 constitutiS,
1772 4042 1838 4100 et
1899 4057 1978 4100 ex
2035 4037 2233 4118 longa
2294 4040 2633 4100 consuetu-

310 4136 491 4214 dine,
551 4158 663 4203 rex
731 4136 1057 4220 legitimus
1120 4157 1249 4199 non
1314 4134 1675 4199 habebatur
1738 4137 1890 4197 ante
1949 4155 2219 4198 examen
2280 4137 2345 4197 et
2404 4132 2633 4197 confir-

2289 4236 2385 4287 14*
