3281 5014
1107 437 1190 491 De
1229 437 1543 491 schismatis
1580 437 1934 492 incrementO.
2574 441 2679 493 265

537 578 644 642 31.
693 576 1039 642 Chronista
1087 600 1237 642 vero
1285 576 1348 642 S.
1398 578 1687 661 Dionysii
1737 581 1830 643 ita
1875 580 2129 644 scribit:
2180 580 2523 658 „Quamvis
2558 579 2679 645 Ec-

350 673 588 750 clesia,
644 673 847 738 libera
892 696 1127 757 sponsa
1172 672 1441 757 Christi,
1501 675 1591 739 sic
1636 681 1974 758 cogeretur
2027 677 2147 740 sub
2200 676 2513 740 ambobus
2561 677 2681 739 mi-

351 770 725 834 serabiliter
770 772 1095 848 ancillari,
1158 772 1430 855 quisque
1492 777 1711 836 tamen
1768 775 2015 855 partem
2072 772 2476 836 obedientiae
2528 795 2681 838 suae

354 887 495 930 -non
538 866 952 931 uniformiter
1005 868 1290 952 regebat.
1383 867 1553 933 Nam
1611 869 1915 932 immunis
1960 869 2079 932 sub
2130 868 2395 933 Urbano
2442 891 2480 932 a
2521 869 2683 933 deci-

360 963 482 1026 mis
528 985 829 1040 manenS,
887 964 954 1027 in
1002 965 1512 1047 promotionibus
1557 966 1877 1049 majorum
1922 964 2315 1048 dignitatum
2362 966 2559 1029 titulo
2605 963 2683 1030 de

358 1059 675 1123 electione
738 1060 941 1124 libere
1001 1061 1334 1139 utebatur,
1398 1067 1465 1126 et
1529 1061 1608 1124 ad
1673 1060 2079 1125 dioecesanos
2146 1065 2213 1125 et
2275 1062 2682 1126 ecclesiarum

355 1160 673 1238 patronos
734 1157 1191 1222 devolvebatur
1243 1158 1536 1234 collati0,
1598 1158 1849 1241 quoties
1880 1227 1884 1233 ,
1912 1158 2219 1222 beneficia
2277 1164 2342 1221 et
2395 1158 2683 1241 dignita·

358 1256 458 1316 tes
519 1273 743 1316 vacare
805 1254 1261 1336 contingebat3
1325 1255 1507 1338 cujus
1565 1256 1658 1318 rei
1712 1256 1832 1319 sub
1887 1253 2219 1319 Clemente
2282 1255 2480 1320 fiebat
2520 1269 2685 1319 ‘con-

349 1348 667 1427 trarium,
727 1354 794 1413 et
839 1371 1063 1414 revera
1109 1350 1178 1414 in
1225 1351 1632 1415 infinitorum
1689 1350 2151 1435 praejudicium
2201 1356 2268 1416 et
2312 1372 2681 1436 gravamen.

363 1444 682 1528 Equidem
739 1445 1049 1529 permissu
1113 1444 1421 1512 Franciae
1477 1447 1648 1531 regis
1710 1453 1777 1510 et
1834 1469 2195 1530 procerum,
2255 1449 2435 1511 velut
2494 1449 2683 1513 liber-

349 1542 517 1605 tatis
565 1545 632 1606 et
678 1543 1083 1607 ecclesiarum
1131 1543 1318 1625 regni
1363 1543 1710 1608 vehemens
1754 1544 2167 1627 impugnator
2213 1565 2430 1608 earum
2487 1546 2683 1628 patri-

361 1639 582 1703 monia
637 1639 870 1703 crebris
925 1639 1185 1704 decimis
1230 1643 1297 1703 et
1358 1662 1556 1723 usque
1604 1639 1685 1703 ad
1746 1660 2109 1722 supremam
2164 1641 2677 1705 exinanitionem

348 1735 597 1801 statuit
655 1741 966 1817 atterere,
1029 1741 1104 1801 ut
1157 1736 1249 1800 sic
1306 1757 1454 1800 aere
1511 1736 1723 1813 alieno
1780 1736 1923 1800 loca
1970 1736 2362 1800 venerabilia
2405 1743 2680 1821 gravata

357 1853 557 1915 supra
613 1855 866 1897 suarum
911 1834 1078 1898 vires
1135 1833 1628 1911 obventionum,
1690 1832 1933 1916 papalis
1994 1853 2243 1897 camera
2289 1854 2480 1917 opum
2533 1856 2678 1899 coa-

347 1930 633 1993 cervatis
680 1931 947 1994 cumulis
994 1930 1330 1995 ditaretur.
1388 1965 1476 1975 —
1533 1928 1777 1993 Eadem
1820 1929 2148 1993 occasione
2195 1930 2292 1993 sui
2337 1931 2502 1995 sacri
2548 1930 2681 1994 col-

361 2025 515 2109 legii
561 2027 836 2111 triginta
891 2049 1004 2092 sex
1053 2027 1486 2092 Cardinalium
1544 2031 2016 2110 procuratores,
2071 2026 2261 2091 bullis
2319 2028 2683 2111 apostolicis

355 2122 630 2198 muniti,
675 2123 1125 2189 insidiantium
1171 2146 1346 2189 more
1391 2123 1629 2207 ubique
1676 2123 2202 2199 sciscitabantur,
2258 2123 2313 2187 si
2357 2125 2428 2188 in
2473 2124 2683 2189 cathe-

347 2219 647 2283 -dralibus
704 2221 805 2284 vel
863 2221 1220 2305 collegiatis
1282 2220 1564 2285 ecclesiis
1627 2220 1842 2303 aliqua
1902 2219 2214 2283 beneficia
2270 2220 2567 2303 pinguia,
2626 2222 2683 2284 si

356 2316 429 2380 in
478 2315 754 2382 abbatiis
800 2318 1121 2399 prioratus
1154 2318 1644 2392 conventuales,
1693 2315 1905 2381 officia
1936 2316 2323 2393 claustralia,
2372 2318 2475 2380 vel
2521 2317 2681 2381 alic-

352 2413 470 2477 ubi
523 2413 745 2479 domus
803 2414 1152 2497 hospitales
1211 2418 1427 2479 essent
1470 2414 1758 2497 ingentis
1822 2413 2085 2488 valoris,
2142 2433 2309 2496 quae
2357 2420 2681 2491 vacarent,

361 2515 436 2574 ut
496 2532 644 2574 mox
712 2511 1118 2577 dominorum
1184 2513 1446 2577 nomine
1507 2515 1952 2593 acceptarent,
2015 2509 2077 2571 id
2128 2510 2525 2575 solummodo
2586 2533 2682 2575 re-

350 2607 722 2692 quirenteS,
796 2614 1112 2692 quantum
1181 2609 1486 2673 valebant
1554 2607 1621 2670 in
1693 2606 2025 2690 portatis.“
2144 2603 2470 2671 Describit
2535 2607 2680 2671 dein

356 2704 679 2787 quomodo
741 2703 1038 2769 Clemens
1098 2706 1315 2769 omnia
1368 2705 1792 2768 reservaverit
1851 2703 2189 2778 beneficia,
2250 2724 2417 2786 quae
2465 2703 2683 2769 Cardi-

362 2801 621 2865 nalibus
667 2801 984 2866 tradebat.
1076 2802 1168 2869 Et
1215 2802 1457 2886 pergit:
1526 2800 1825 2879 „Quoties
1875 2799 1957 2863 ab
2002 2799 2121 2863 hac
2166 2802 2306 2865 luce
2352 2802 2681 2885 episcopos

363 2895 675 2961 Franciae
734 2899 1011 2980 migrare
1068 2898 1518 2982 contingebat,
1577 2918 1725 2961 mox
1782 2917 1861 2959 ex
1923 2895 2137 2979 papali
2194 2919 2447 2962 camera
2491 2898 2683 2962 colle-

349 2997 572 3058 ctores
634 2998 703 3058 et
761 2995 1252 3060 subcollectores
1312 2993 1772 3077 procedebant,
1838 2993 1946 3076 qui
2008 2993 2271 3057 mobilia
2325 3015 2440 3075 per
2500 3016 2682 3058 suam

356 3089 743 3155 industriam
807 3091 1152 3174 acquisita,
1210 3113 1374 3174 quae
1426 3090 1507 3154 ad
1567 3089 1874 3153 haeredes
1931 3094 1999 3154 et
2060 3094 2427 3154 executores
2484 3095 2683 3155 testa-

362 3191 730 3252 mentorum
777 3186 1326 3272 dignoscebantur
1371 3186 1727 3269 pertinere,
1773 3189 1839 3250 et
1885 3184 2055 3249 unde
2100 3184 2390 3249 aedificia
2441 3187 2686 3269 episco-

364 3288 636 3367 patuum
683 3285 1048 3367 potuissent
1100 3282 1417 3365 reparari,
1474 3282 1732 3347 nemine
1790 3281 2269 3345 contradicente
2327 3282 2683 3365 rapiebant,

354 3383 435 3443 et
495 3380 607 3464 qui
667 3385 1013 3462 praetextu
1075 3379 1545 3463 arreragiorum
1611 3400 1691 3441 ex
1752 3378 2010 3442 decimis
2074 3380 2140 3441 et
2190 3378 2471 3442 servitiis
2527 3400 2690 3443 non-

351 3477 513 3541 dum
575 3477 833 3561 integre
903 3476 1247 3559 persolutis
1309 3475 1825 3558 provenientium
1894 3480 2084 3538 tanta
2152 3474 2390 3538 damna
2460 3474 2689 3538 infere-

366 3573 586 3637 bant.“
691 3570 940 3638 Similia
1004 3572 1215 3656 quoad
1278 3571 1572 3636 abbatias
1635 3572 1775 3635 fieri
1845 3571 2162 3635 solebant.
2232 3607 2317 3616 ——
2389 3570 2528 3649 „Ex
2589 3572 2688 3636 his

353 3692 522 3734 sane
570 3671 968 3734 novitatibus
1018 3663 1382 3733 adinventis
1423 3668 1948 3732 inconvenientia
2002 3668 2281 3751 plurima
2325 3667 2686 3748 sequeban-

359 3773 492 3832 -tur,
597 3766 768 3831 Nam
827 3789 1009 3830 mens
1067 3776 1134 3830 et
1190 3765 1471 3829 intentio
1532 3786 1758 3848 regum
1826 3758 1893 3829 et
1955 3768 2349 3829 caeterorum
2395 3765 2688 3830 ecclesia-

358 3886 509 3928 rum
575 3863 985 3928 fundatorum
1044 3863 1507 3935 frustrabatur;
1573 3861 1814 3944 ubique
1878 3860 2288 3945 negligenter
2353 3856 2491 3926 Deo
2554 3884 2690 3926 ser-

366 3961 697 4038 viebatur,
767 3959 1182 4024 minuebatur
1252 3958 1525 4023 fidelium
1597 3957 1884 4041 devotio,
1956 3957 2351 4022 vacuabatur
2414 3979 2686 4043 regnum

358 4057 686 4140 pecuniiS,
754 4056 943 4120 multi
1005 4056 1123 4120 viri
1193 4056 1601 4121 ecclesiastici
1662 4076 1775 4137 per
1832 4054 2143 4118 mundum
2207 4059 2518 4137 vagantes
2578 4076 2689 4137 pe-

365 4154 560 4219 nuria
604 4157 883 4219 maxima
940 4153 1427 4236 premebantur;
1488 4152 1670 4235 regni
1729 4151 1920 4215 etiam
1968 4151 2207 4226 studia,
2269 4173 2434 4235 quae
2482 4173 2691 4234 quon-

2750 1746 2949 1789 Conditio

2721 1808 2863 1849 tristis
2893 1807 2988 1850 Cle-

2715 1870 2871 1911 mentis
2889 1869 2996 1914 VII.
