3281 5014
1107 424 1189 478 De
1225 423 1390 478 Bulla
1435 423 1612 478 Unam
1647 423 1915 478 Sanctccmz.
2591 427 2664 479 55

351 564 509 630 haec
554 565 750 629 verba
781 565 986 630 solum
1037 565 1117 629 ad
1163 566 1571 648 spiritualem
1599 566 1882 650 gladium
1926 565 2391 649 protegendum
2437 565 2664 633 referri

350 658 728 745 possunt31)
775 665 1110 744 praeterea
1148 661 1437 744 symbolo
1485 667 1549 727 et
1580 663 1838 727 nomine
1882 662 2080 772 gladii
2128 661 2498 746 temporalis
2526 685 2661 745 non

349 758 557 822 solum
618 758 1021 845 significatur
1079 762 1393 841 potestas
1429 760 1714 823 coactiva
1775 760 2163 842 principum
2234 759 2345 823 sed
2413 759 2661 842 signifi-

348 862 538 917 catur
597 854 956 938 generatim
1020 853 1380 949 auctoritas
1400 857 1502 953 et
1542 854 1930 955 jurisdictio
1989 853 2374 939 temporalis.
2490 855 2660 920 Hinc

346 961 705 1026 censerem,
773 949 1069 1034 pressiori
1122 936 1368 1015 adhuc
1394 941 1585 1015 sensu
1650 975 1688 1015 a
1751 950 2081 1018 Bonifatio
2125 951 2306 1016 VIII.
2371 952 2522 1034 dici,
2587 953 2656 1015 in

351 1046 636 1112 Ecclesia
682 1051 749 1110 et
803 1047 872 1111 in
920 1048 1055 1129 ejus
1108 1051 1428 1131 potestate
1483 1071 1619 1114 esse
1666 1049 1952 1133 gladium
2003 1050 2442 1131 temporalem.
2534 1050 2662 1112 As-

348 1144 506 1208 serit
551 1144 825 1219 scilicet,
889 1148 1065 1207 certo
1121 1143 1391 1227 quodam
1451 1167 1648 1210 sensu
1697 1146 2048 1211 Ecclesiam
2093 1144 2325 1210 habere
2376 1146 2659 1230 gladium

348 1241 775 1322 materialem,
840 1262 983 1304 eum
1034 1238 1367 1322 pertinere
1428 1242 1508 1305 ad
1565 1264 1726 1306 eam.
1828 1242 1893 1307 S.
1942 1241 2338 1316 Bernardus,
2399 1263 2477 1306 ex
2532 1260 2664 1324 quo

347 1337 545 1400 verba
604 1337 717 1400 illa
774 1337 1110 1418 desumpta
1164 1341 1342 1414 sunt,
1411 1339 1605 1403 etiam
1669 1339 1891 1403 scribit
1951 1338 2029 1402 ad
2089 1338 2453 1423 Eugenium
2509 1337 2662 1401 III.:

359 1431 543 1497 Taus
590 1452 740 1513 erqo
785 1436 844 1495 et
889 1431 1027 1513 ipse
1071 1431 1349 1515 (gladius
1380 1436 1782 1518 materialis),
1830 1439 1940 1499 tuo
1982 1433 2271 1516 forsitan
2308 1438 2498 1513 nutu,
2543 1431 2669 1497 etsi

349 1549 482 1593 non
530 1532 647 1592 tua
692 1548 896 1593 mana
950 1527 1413 1611 evayinandas.
1463 1579 1476 1592 .
1524 1579 1537 1592 .
1586 1581 1599 1594 .
1660 1530 1935 1613 Uterque
1992 1551 2141 1613 erqo
2186 1529 2542 1609 Ecclesiae,
2602 1533 2664 1593 et

347 1623 722 1707 spiritualis
761 1624 1026 1708 yladias
1072 1628 1132 1690 et
1176 1625 1567 1706 materialis,
1626 1627 1736 1691 sed
1779 1627 1839 1691 is
1885 1627 2137 1708 quidem
2175 1648 2302 1708 pro
2347 1625 2662 1707 Ecclesia,

347 1722 457 1786 ille
503 1742 652 1787 vero
696 1721 777 1786 ab
822 1721 1115 1787 Ecclesia
1161 1722 1552 1787 exercendas
1603 1728 1713 1787 est.
1721 1722 1774 1809 ²)
1869 1726 1947 1789 In
1998 1723 2224 1788 Glossa
2278 1724 2358 1787 ad
2405 1723 2661 1789 Consti-

347 1820 669 1885 tutionem
749 1817 958 1884 Unam
1026 1823 1321 1883 sanctam
1381 1819 1693 1886 habetur:
1768 1822 1868 1885 Ad
1933 1844 2068 1886 voc.
2116 1819 2330 1898 „Nam
2396 1821 2663 1913 dicenti-

350 1917 537 1982 bus“:
598 1915 841 1982 Probat
889 1915 1059 1997 quod
1103 1914 1398 1994 dixerat,·
1451 1915 1561 1980 sed
1603 1917 1866 1983 dixerat
1910 1918 2071 1982 duos
2116 1869 2373 2000 ⁹yladios
2425 1908 2500 1981 in
2535 1907 2663 1981 Ec-

350 2011 546 2076 clesia
589 2016 650 2076 et
695 2032 798 2076 eos
845 2033 976 2076 esse
1030 2011 1103 2076 in
1150 2015 1468 2119 potestate
1514 2012 1879 2079 Ecclesiae:
1931 2019 1991 2078 et
2049 2014 2209 2095 qaia
2263 2034 2392 2078 non
2448 2013 2661 2079 eodem

349 2108 535 2174 modo
579 2108 695 2173 isti
734 2108 945 2192 yladii
990 2113 1147 2175 sant
1189 2107 1266 2173 in
1304 2112 1618 2189 potestate
1663 2110 2017 2188 Ecclesiae,
2071 2131 2184 2174 nec
2230 2110 2440 2174 eodem
2478 2109 2665 2174 modo

338 2204 680 2288 pertinent
724 2205 810 2270 ad
854 2226 1046 2270 asam
1093 2198 1448 2283 Ecclesiae,
1494 2205 1635 2271 ideo
1678 2207 1812 2272 tria
1853 2208 2047 2290 facit,
2107 2206 2265 2288 qaia
2300 2205 2519 2289 primo
2565 2205 2659 2270 di·

350 2301 468 2381 cit,
518 2302 681 2367 daos
728 2306 986 2367 tantam
1032 2323 1164 2367 6336
1203 2301 1457 2384 qladios
1505 2302 1578 2368 in
1627 2302 1935 2369 Ecclesia.
2027 2303 2319 2369 Secundo
2366 2302 2661 2380 ostendit,

350 2419 454 2464 eos
507 2400 727 2465 ambos
782 2419 913 2464 esse
966 2400 1040 2464 in
1095 2402 1405 2481 potestate
1449 2399 1792 2465 Ecclesiae.
1894 2400 2111 2465 Tertio
2157 2399 2471 2479 declarat,
2528 2419 2660 2464 non

350 2497 560 2563 eodem
606 2499 788 2563 modo
835 2519 938 2563 eos
982 2497 1054 2562 in
1089 2500 1410 2581 potestate
1449 2496 1796 2577 Ecclesiae,
1842 2498 1952 2562 sed
1995 2497 2272 2563 alterum
2319 2496 2404 2561 ad
2449 2517 2666 2569 usum,

350 2595 627 2660 alterum
689 2595 776 2659 ad
822 2594 1217 2682 patientiam
1268 2603 1330 2661 et
1382 2603 1635 2664 nutum.
1700 2647 1713 2660 .
1762 2647 1775 2660 .
1823 2646 1838 2660 .
1887 2594 2171 2676 Liquide
2220 2598 2428 2677 patet,
2494 2593 2666 2675 qaod

343 2692 621 2774 qladias.
659 2690 1026 2757 materialis
1070 2696 1165 2756 est
1208 2693 1395 2760 Petri
1440 2699 1501 2759 et
1534 2693 1609 2758 in
1646 2697 1966 2776 potestate
2009 2691 2226 2755 Petri:
2276 2710 2667 2772 consequens

351 2792 446 2853 est
489 2788 729 2870 iqitur,
778 2789 947 2870 qaod
991 2792 1262 2871 aterque
1306 2791 1570 2874 yladius
1614 2789 1703 2854 sit
1748 2787 2074 2854 Ecclesiae
2133 2792 2193 2851 et
2235 2787 2309 2851 in
2345 2791 2668 2870 potestate

350 2884 751 2967 Ecclesiae.³)
852 2886 1160 2970 Aegidius
1228 2888 1561 2953 Romanus
1625 2889 1896 2971 pariter:
1965 2884 2156 2965 Quod.
2212 2884 2381 2949 decet
2444 2883 2663 2947 Eccle-
2765 2897 2768 2898 ’

351 2982 520 3046 siam
591 2981 825 3046 habere
895 2983 1297 3048 materialem
1360 2984 1688 3066 yladiam,
1767 3004 1898 3049 no‘n
1967 2982 2055 3047 ad
2129 3001 2322 3046 asam
2398 2980 2507 3044 sed
2576 2979 2666 3043 ad

351 3083 617 3156 nutam,
678 3083 740 3143 et
799 3079 968 3160 quod
1029 3079 1122 3144 sic
1180 3080 1411 3145 habere
1460 3080 1632 3146 ham
1682 3080 1980 3163 yladium
2037 3083 2131 3142 est
2183 3076 2455 3159 majoris
2503 3096 2661 3159 per-

346 3174 653 3257 fectionis
719 3179 780 3239 et
853 3175 1261 3242 eaecellentiae
1326 3176 1688 3260 potioris.⁴)
1805 3176 1996 3242 Hisce
2074 3176 2313 3259 aliquid
2390 3175 2665 3258 amplius

336 3273 556 3356 jgitur
602 3273 948 3356 significari
996 3275 1527 3352 existimaverim,
1560 3296 1754 3359 quam
1800 3273 1865 3338 id
1914 3277 2188 3353 tantum,
2232 3271 2403 3356 quod
2449 3275 2668 3335 aucto-¹

534 3523 574 3592 ¹)
612 3523 936 3594 christophe
991 3526 1048 3578 in
1102 3542 1265 3595 opere
1323 3543 1444 3583 suo:
1500 3526 1749 3582 Histoire
1806 3528 1872 3582 de
1919 3527 1976 3579 la
2022 3527 2271 3592 Papaute
2319 3525 2561 3594 pendant
2609 3524 2665 3579 le

350 3601 508 3658 ΧῙΧῙο
544 3602 736 3670 siecle,
783 3604 866 3658 ita
903 3606 1078 3659 vertit
1125 3607 1294 3660 verba
1342 3607 1550 3661 bullae:
1607 3607 1719 3674 „La
1763 3607 1951 3673 parole
2002 3605 2363 3673 evangelique
2400 3619 2533 3657 nous
2570 3619 2664 3671 ap-

348 3684 522 3751 prend
558 3682 691 3749 qu’il
726 3699 763 3750 y
800 3699 833 3736 a
871 3684 1012 3736 deux
1050 3684 1269 3753 glaives
1307 3701 1377 3738 au
1417 3686 1630 3740 service
1669 3685 1736 3739 de
1772 3683 2031 3755 l’Eglise:
2076 3684 2130 3737 le
2176 3682 2363 3752 glaive
2409 3681 2664 3751 spirituel

350 3770 417 3817 et‘
444 3761 498 3815 le
551 3761 738 3830 glaive
785 3764 1065 3830 temporel.
1148 3764 1227 3818 Le
1274 3764 1507 3838 premier
1553 3764 1676 3818 doit
1710 3767 1827 3819 etre
1879 3763 2125 3832 employa
2165 3778 2264 3829 par
2298 3762 2572 3830 I’Eglise,
2606 3762 2664 3816 le

350 3840 554 3896 second
600 3856 739 3908 pour
784 3840 1067 3909 I’Eglise.“
1143 3843 1237 3896 Ita
1282 3842 1638 3904 difficultates
1687 3843 1938 3898 vitantur
1985 3848 2044 3898 et
2079 3857 2271 3908 sensus
2317 3841 2665 3908 explanatur,

348 3920 599 3974 attamen
637 3919 847 3988 aliquid
883 3920 1116 3986 amplius
1153 3937 1428 3977 censerem
1467 3922 1524 3975 in
1560 3922 1743 3977 verbis
1782 3919 2209 3976 Constitutionis
2248 3920 2528 3974 contineri.

528 3997 571 4065 ²)
609 3999 692 4054 De
731 3998 931 4053 consid.
969 3999 1030 4052 L.
1066 3999 1163 4053 IV.
1203 4017 1247 4055 c.
1285 4003 1333 4068 3.

532 4077 722 4147 3)(Οΐῖτ.
759 4094 844 4146 ap.
883 4077 1105 4132 Molitor
1139 4080 1175 4133 l.
1214 4097 1257 4134 c.
1296 4097 1348 4148 p.
1387 4082 1471 4133 91.
1511 4088 1648 4138 nota
1683 4084 1730 4133 5.
1778 4127 1783 4135 .

529 4157 571 4225 ⁴)
609 4157 692 4212 De
728 4157 938 4211 EccleS.
980 4164 1091 4225 pot.
1130 4158 1188 4214 L.
1226 4158 1268 4213 Ι.
1313 4176 1357 4212 c.
1396 4176 1446 4227 p.
1609 4218 1613 4222 ,
