<?xml version="1.0" encoding="UTF-8"?>
<!DOCTYPE html PUBLIC "-//W3C//DTD XHTML 1.0 Transitional//EN"
    "http://www.w3.org/TR/xhtml1/DTD/xhtml1-transitional.dtd">
<html xmlns="http://www.w3.org/1999/xhtml" xml:lang="en" lang="en">
 <head>
  <title>
</title>
<meta http-equiv="Content-Type" content="text/html;charset=utf-8" />
  <meta name='ocr-system' content='tesseract 3.04.00' />
  <meta name='ocr-capabilities' content='ocr_page ocr_carea ocr_par ocr_line ocrx_word'/>
</head>
<body>
  <div class='ocr_page' id='page_1' title='image "./dissertationess05junggoog_0233.png"; bbox 0 0 3281 5014; ppageno 0'>
   <div class='ocr_carea' id='block_1_1' title="bbox 796 462 2612 530">
    <p class='ocr_par' dir='ltr' id='par_1_1' title="bbox 796 462 2612 530">
     <span class='ocr_line' id='line_1_1' title="bbox 796 462 2612 530; baseline -0.002 -12"><span class='ocrx_word' id='word_1_1' title='bbox 796 465 879 520; x_wconf 91' lang='lat' dir='ltr'>De</span> <span class='ocrx_word' id='word_1_2' title='bbox 918 463 1425 530; x_wconf 74' lang='lat' dir='ltr'>ReservationibuS‚</span> <span class='ocrx_word' id='word_1_3' title='bbox 1463 463 1721 526; x_wconf 74' lang='lat' dir='ltr'>Amatis,</span> <span class='ocrx_word' id='word_1_4' title='bbox 1757 462 2114 518; x_wconf 89' lang='lat' dir='ltr'>Commendis.</span> <span class='ocrx_word' id='word_1_5' title='bbox 2509 463 2612 514; x_wconf 87' lang='grc'>227</span> 
     </span>
    </p>
   </div>
   <div class='ocr_carea' id='block_1_2' title="bbox 279 601 2695 3588">
    <p class='ocr_par' dir='ltr' id='par_1_2' title="bbox 279 601 2695 3588">
     <span class='ocr_line' id='line_1_2' title="bbox 293 601 2613 689; baseline -0.002 -17"><span class='ocrx_word' id='word_1_6' title='bbox 293 610 467 674; x_wconf 88' lang='lat' dir='ltr'>bona</span> <span class='ocrx_word' id='word_1_7' title='bbox 526 607 883 684; x_wconf 80' lang='lat' dir='ltr'>Ecclesiae,</span> <span class='ocrx_word' id='word_1_8' title='bbox 952 605 1280 689; x_wconf 80' lang='lat' dir='ltr'>colligitur</span> <span class='ocrx_word' id='word_1_9' title='bbox 1333 627 1409 669; x_wconf 85' lang='lat' dir='ltr'>ex</span> <span class='ocrx_word' id='word_1_10' title='bbox 1469 606 1579 682; x_wconf 79' lang='lat' dir='ltr'>iis,</span> <span class='ocrx_word' id='word_1_11' title='bbox 1652 627 1817 689; x_wconf 90' lang='lat' dir='ltr'>quae</span> <span class='ocrx_word' id='word_1_12' title='bbox 1879 610 2149 689; x_wconf 87' lang='lat' dir='ltr'>egerunt</span> <span class='ocrx_word' id='word_1_13' title='bbox 2211 607 2353 667; x_wconf 92' lang='lat' dir='ltr'>tum</span> <span class='ocrx_word' id='word_1_14' title='bbox 2413 601 2613 667; x_wconf 90' lang='lat' dir='ltr'>Inno-</span> 
     </span>
     <span class='ocr_line' id='line_1_3' title="bbox 294 697 2613 785; baseline -0.003 -15"><span class='ocrx_word' id='word_1_15' title='bbox 294 705 545 770; x_wconf 76' lang='lat' dir='ltr'>centius</span> <span class='ocrx_word' id='word_1_16' title='bbox 593 702 705 768; x_wconf 89' lang='lat' dir='ltr'>VI.</span> <span class='ocrx_word' id='word_1_17' title='bbox 761 708 905 767; x_wconf 90' lang='lat' dir='ltr'>tum</span> <span class='ocrx_word' id='word_1_18' title='bbox 974 700 1239 766; x_wconf 84' lang='lat' dir='ltr'>Carolus</span> <span class='ocrx_word' id='word_1_19' title='bbox 1306 701 1418 767; x_wconf 91' lang='lat' dir='ltr'>IV.</span> <span class='ocrx_word' id='word_1_20' title='bbox 1496 724 1609 785; x_wconf 89' lang='lat' dir='ltr'>pro</span> <span class='ocrx_word' id='word_1_21' title='bbox 1685 701 2145 765; x_wconf 78' lang='lat' dir='ltr'>reformatione</span> <span class='ocrx_word' id='word_1_22' title='bbox 2220 699 2393 765; x_wconf 89' lang='lat' dir='ltr'>cleri.</span> <span class='ocrx_word' id='word_1_23' title='bbox 2488 697 2613 763; x_wconf 92' lang='lat' dir='ltr'>Ur-</span> 
     </span>
     <span class='ocr_line' id='line_1_4' title="bbox 293 795 2614 887; baseline -0.003 -21"><span class='ocrx_word' id='word_1_24' title='bbox 293 806 520 887; x_wconf 82' lang='lat' dir='ltr'>gentes</span> <span class='ocrx_word' id='word_1_25' title='bbox 580 799 833 884; x_wconf 82' lang='lat' dir='ltr'>scripsit</span> <span class='ocrx_word' id='word_1_26' title='bbox 885 799 1310 864; x_wconf 88' lang='lat' dir='ltr'>Innocentius</span> <span class='ocrx_word' id='word_1_27' title='bbox 1370 821 1545 863; x_wconf 85' lang='lat' dir='ltr'>anno</span> <span class='ocrx_word' id='word_1_28' title='bbox 1612 799 1777 863; x_wconf 85' lang='lat'>1359</span> <span class='ocrx_word' id='word_1_29' title='bbox 1840 798 2094 862; x_wconf 79' lang='lat' dir='ltr'>litteras</span> <span class='ocrx_word' id='word_1_30' title='bbox 2155 796 2235 859; x_wconf 89' lang='lat' dir='ltr'>ad</span> <span class='ocrx_word' id='word_1_31' title='bbox 2298 795 2614 879; x_wconf 88' lang='lat' dir='ltr'>archiepi-</span> 
     </span>
     <span class='ocr_line' id='line_1_5' title="bbox 293 893 2612 982; baseline -0 -20"><span class='ocrx_word' id='word_1_32' title='bbox 293 920 515 982; x_wconf 85' lang='lat' dir='ltr'>scopos</span> <span class='ocrx_word' id='word_1_33' title='bbox 542 896 1024 982; x_wconf 81' lang='lat' dir='ltr'>Moguntinum‚</span> <span class='ocrx_word' id='word_1_34' title='bbox 1072 894 1523 960; x_wconf 89' lang='lat' dir='ltr'>Coloniensem</span> <span class='ocrx_word' id='word_1_35' title='bbox 1556 900 1620 959; x_wconf 87' lang='lat' dir='ltr'>et</span> <span class='ocrx_word' id='word_1_36' title='bbox 1667 895 1846 971; x_wconf 84' lang='lat' dir='ltr'>alios,</span> <span class='ocrx_word' id='word_1_37' title='bbox 1895 894 2123 979; x_wconf 90' lang='lat' dir='ltr'>quibus</span> <span class='ocrx_word' id='word_1_38' title='bbox 2173 893 2612 977; x_wconf 74' lang='lat' dir='ltr'>conqueritur,</span> 
     </span>
     <span class='ocr_line' id='line_1_6' title="bbox 294 985 2610 1075; baseline -0.003 -15"><span class='ocrx_word' id='word_1_39' title='bbox 294 991 465 1075; x_wconf 79' lang='lat' dir='ltr'>quod</span> <span class='ocrx_word' id='word_1_40' title='bbox 523 990 857 1071; x_wconf 84' lang='lat' dir='ltr'>nonnulli,</span> <span class='ocrx_word' id='word_1_41' title='bbox 922 989 1053 1055; x_wconf 85' lang='lat' dir='ltr'>solo</span> <span class='ocrx_word' id='word_1_42' title='bbox 1119 989 1422 1056; x_wconf 84' lang='lat' dir='ltr'>vocabulo</span> <span class='ocrx_word' id='word_1_43' title='bbox 1487 985 1815 1055; x_wconf 72' lang='lat' dir='ltr'>clerici&#39;et</span> <span class='ocrx_word' id='word_1_44' title='bbox 1880 987 2342 1055; x_wconf 84' lang='lat' dir='ltr'>ecclesiasticae</span> <span class='ocrx_word' id='word_1_45' title='bbox 2388 1009 2610 1070; x_wconf 89' lang='lat' dir='ltr'>perso-</span> 
     </span>
     <span class='ocr_line' id='line_1_7' title="bbox 293 1084 2611 1171; baseline -0.002 -16"><span class='ocrx_word' id='word_1_46' title='bbox 293 1109 435 1171; x_wconf 88' lang='lat' dir='ltr'>nae,</span> <span class='ocrx_word' id='word_1_47' title='bbox 481 1109 614 1156; x_wconf 90' lang='lat' dir='ltr'>non</span> <span class='ocrx_word' id='word_1_48' title='bbox 652 1088 861 1153; x_wconf 84' lang='lat' dir='ltr'>solum</span> <span class='ocrx_word' id='word_1_49' title='bbox 906 1086 982 1152; x_wconf 90' lang='lat' dir='ltr'>in</span> <span class='ocrx_word' id='word_1_50' title='bbox 1026 1086 1391 1152; x_wconf 87' lang='lat' dir='ltr'>minoribus</span> <span class='ocrx_word' id='word_1_51' title='bbox 1429 1087 1751 1171; x_wconf 74' lang='lat' dir='ltr'>yradibus</span> <span class='ocrx_word' id='word_1_52' title='bbox 1782 1086 2213 1165; x_wconf 51' lang='lat' dir='ltr'>consistentes</span> <span class='ocrx_word' id='word_1_53' title='bbox 2260 1084 2371 1150; x_wconf 93' lang='lat' dir='ltr'>sed</span> <span class='ocrx_word' id='word_1_54' title='bbox 2414 1084 2611 1151; x_wconf 87' lang='lat' dir='ltr'>etiam</span> 
     </span>
     <span class='ocr_line' id='line_1_8' title="bbox 295 1181 2609 1269; baseline -0.002 -18"><span class='ocrx_word' id='word_1_55' title='bbox 295 1184 383 1251; x_wconf 90' lang='lat' dir='ltr'>ad</span> <span class='ocrx_word' id='word_1_56' title='bbox 419 1181 772 1269; x_wconf 69' lang='lat' dir='ltr'>fastiqizcm</span> <span class='ocrx_word' id='word_1_57' title='bbox 806 1182 1156 1268; x_wconf 72' lang='lat' dir='ltr'>diynitatis</span> <span class='ocrx_word' id='word_1_58' title='bbox 1192 1183 1556 1267; x_wconf 82' lang='lat' dir='ltr'>pastoralis</span> <span class='ocrx_word' id='word_1_59' title='bbox 1601 1182 1816 1263; x_wconf 86' lang='lat' dir='ltr'>evecti,</span> <span class='ocrx_word' id='word_1_60' title='bbox 1866 1235 1880 1249; x_wconf 92' lang='lat'><strong>.</strong></span> <span class='ocrx_word' id='word_1_61' title='bbox 1928 1232 1942 1248; x_wconf 90' lang='lat'><strong>.</strong></span> <span class='ocrx_word' id='word_1_62' title='bbox 1989 1232 2004 1248; x_wconf 89' lang='lat'><strong>.</strong></span> <span class='ocrx_word' id='word_1_63' title='bbox 2055 1181 2412 1266; x_wconf 88' lang='lat' dir='ltr'>effraenato</span> <span class='ocrx_word' id='word_1_64' title='bbox 2457 1203 2609 1264; x_wconf 80' lang='lat' dir='ltr'>quo·</span> 
     </span>
     <span class='ocr_line' id='line_1_9' title="bbox 293 1278 2610 1367; baseline -0.002 -19"><span class='ocrx_word' id='word_1_65' title='bbox 293 1283 443 1348; x_wconf 86' lang='lat' dir='ltr'>dam</span> <span class='ocrx_word' id='word_1_66' title='bbox 502 1280 764 1347; x_wconf 86' lang='lat' dir='ltr'>vivendi</span> <span class='ocrx_word' id='word_1_67' title='bbox 808 1301 984 1345; x_wconf 88' lang='lat' dir='ltr'>more</span> <span class='ocrx_word' id='word_1_68' title='bbox 1029 1279 1289 1346; x_wconf 88' lang='lat' dir='ltr'>libitum</span> <span class='ocrx_word' id='word_1_69' title='bbox 1332 1302 1457 1362; x_wconf 85' lang='lat' dir='ltr'>pro</span> <span class='ocrx_word' id='word_1_70' title='bbox 1516 1279 1781 1346; x_wconf 86' lang='lat' dir='ltr'>licentia</span> <span class='ocrx_word' id='word_1_71' title='bbox 1838 1278 2163 1367; x_wconf 77' lang='lat' dir='ltr'>capientes</span> <span class='ocrx_word' id='word_1_72' title='bbox 2216 1284 2278 1344; x_wconf 88' lang='lat' dir='ltr'>et</span> <span class='ocrx_word' id='word_1_73' title='bbox 2313 1300 2437 1362; x_wconf 88' lang='lat' dir='ltr'>per</span> <span class='ocrx_word' id='word_1_74' title='bbox 2481 1280 2610 1345; x_wconf 87' lang='lat' dir='ltr'>dis-</span> 
     </span>
     <span class='ocr_line' id='line_1_10' title="bbox 293 1374 2609 1459; baseline -0.001 -15"><span class='ocrx_word' id='word_1_75' title='bbox 293 1377 637 1445; x_wconf 79' lang='lat' dir='ltr'>solutionis</span> <span class='ocrx_word' id='word_1_76' title='bbox 712 1375 1062 1443; x_wconf 72' lang='lat' dir='ltr'>lubricum&#39;</span> <span class='ocrx_word' id='word_1_77' title='bbox 1110 1376 1251 1442; x_wconf 89' lang='lat' dir='ltr'>sine</span> <span class='ocrx_word' id='word_1_78' title='bbox 1326 1375 1459 1443; x_wconf 86' lang='lat' dir='ltr'>ullo</span> <span class='ocrx_word' id='word_1_79' title='bbox 1524 1374 1809 1443; x_wconf 82' lang='lat' dir='ltr'>rationis</span> <span class='ocrx_word' id='word_1_80' title='bbox 1881 1375 2155 1459; x_wconf 88' lang='lat' dir='ltr'>imperio</span> <span class='ocrx_word' id='word_1_81' title='bbox 2217 1375 2609 1459; x_wconf 72' lang='lat' dir='ltr'>qradienteS,</span> 
     </span>
     <span class='ocr_line' id='line_1_11' title="bbox 291 1471 2610 1560; baseline -0.002 -18"><span class='ocrx_word' id='word_1_82' title='bbox 291 1475 578 1560; x_wconf 72' lang='lat' dir='ltr'>neylecta</span> <span class='ocrx_word' id='word_1_83' title='bbox 641 1473 962 1540; x_wconf 82' lang='lat' dir='ltr'>clericalis</span> <span class='ocrx_word' id='word_1_84' title='bbox 1023 1472 1380 1538; x_wconf 87' lang='lat' dir='ltr'>honestatis</span> <span class='ocrx_word' id='word_1_85' title='bbox 1447 1472 1860 1539; x_wconf 84' lang='lat' dir='ltr'>observantia</span> <span class='ocrx_word' id='word_1_86' title='bbox 1920 1476 1981 1537; x_wconf 90' lang='lat' dir='ltr'>et</span> <span class='ocrx_word' id='word_1_87' title='bbox 2035 1471 2364 1555; x_wconf 60' lang='lat' dir='ltr'>gravitate</span> <span class='ocrx_word' id='word_1_88' title='bbox 2426 1473 2610 1538; x_wconf 84' lang='lat' dir='ltr'>eccle·</span> 
     </span>
     <span class='ocr_line' id='line_1_12' title="bbox 290 1568 2614 1653; baseline -0.001 -15"><span class='ocrx_word' id='word_1_89' title='bbox 290 1572 594 1639; x_wconf 88' lang='lat' dir='ltr'>siasticae</span> <span class='ocrx_word' id='word_1_90' title='bbox 654 1570 938 1636; x_wconf 88' lang='lat' dir='ltr'>rationis</span> <span class='ocrx_word' id='word_1_91' title='bbox 1000 1569 1279 1653; x_wconf 85' lang='lat' dir='ltr'>abjecta,</span> <span class='ocrx_word' id='word_1_92' title='bbox 1342 1569 1544 1635; x_wconf 89' lang='lat' dir='ltr'>vitam</span> <span class='ocrx_word' id='word_1_93' title='bbox 1606 1591 1796 1635; x_wconf 90' lang='lat' dir='ltr'>suam</span> <span class='ocrx_word' id='word_1_94' title='bbox 1853 1570 1992 1634; x_wconf 90' lang='lat' dir='ltr'>Deo</span> <span class='ocrx_word' id='word_1_95' title='bbox 2048 1574 2110 1633; x_wconf 87' lang='lat' dir='ltr'>et</span> <span class='ocrx_word' id='word_1_96' title='bbox 2170 1568 2614 1635; x_wconf 84' lang='lat' dir='ltr'>ecclesiasticis</span> 
     </span>
     <span class='ocr_line' id='line_1_13' title="bbox 291 1664 2611 1754; baseline -0.001 -19"><span class='ocrx_word' id='word_1_97' title='bbox 291 1664 625 1752; x_wconf 77' lang='lat' dir='ltr'>mysteriis</span> <span class='ocrx_word' id='word_1_98' title='bbox 689 1667 1050 1732; x_wconf 81' lang='lat' dir='ltr'>dedicatam</span> <span class='ocrx_word' id='word_1_99' title='bbox 1115 1665 1500 1748; x_wconf 80' lang='lat' dir='ltr'>quibusdam</span> <span class='ocrx_word' id='word_1_100' title='bbox 1561 1665 2008 1754; x_wconf 73' lang='lat' dir='ltr'>saecularibus</span> <span class='ocrx_word' id='word_1_101' title='bbox 2070 1665 2322 1731; x_wconf 87' lang='lat' dir='ltr'>actibus</span> <span class='ocrx_word' id='word_1_102' title='bbox 2384 1670 2611 1732; x_wconf 89' lang='lat' dir='ltr'>contra</span> 
     </span>
     <span class='ocr_line' id='line_1_14' title="bbox 291 1760 2609 1846; baseline -0.002 -15"><span class='ocrx_word' id='word_1_103' title='bbox 291 1785 629 1832; x_wconf 87' lang='lat' dir='ltr'>sacrorum</span> <span class='ocrx_word' id='word_1_104' title='bbox 676 1783 998 1829; x_wconf 85' lang='lat' dir='ltr'>canonum</span> <span class='ocrx_word' id='word_1_105' title='bbox 1044 1760 1522 1846; x_wconf 76' lang='lat' dir='ltr'>prohibitiones</span> <span class='ocrx_word' id='word_1_106' title='bbox 1575 1762 1967 1843; x_wconf 82' lang='lat' dir='ltr'>immiscent,</span> <span class='ocrx_word' id='word_1_107' title='bbox 2026 1763 2098 1828; x_wconf 90' lang='lat' dir='ltr'>in</span> <span class='ocrx_word' id='word_1_108' title='bbox 2151 1761 2350 1846; x_wconf 84' lang='lat' dir='ltr'>ludis,</span> <span class='ocrx_word' id='word_1_109' title='bbox 2413 1762 2609 1827; x_wconf 86' lang='lat' dir='ltr'>hosti-</span> 
     </span>
     <span class='ocr_line' id='line_1_15' title="bbox 292 1857 2608 1943; baseline -0.001 -16"><span class='ocrx_word' id='word_1_110' title='bbox 292 1861 522 1943; x_wconf 86' lang='lat' dir='ltr'>ludiis‚</span> <span class='ocrx_word' id='word_1_111' title='bbox 580 1858 1043 1927; x_wconf 81' lang='lat' dir='ltr'>torneamentis</span> <span class='ocrx_word' id='word_1_112' title='bbox 1087 1862 1149 1923; x_wconf 88' lang='lat' dir='ltr'>et</span> <span class='ocrx_word' id='word_1_113' title='bbox 1195 1858 1349 1923; x_wconf 84' lang='lat' dir='ltr'>aliis</span> <span class='ocrx_word' id='word_1_114' title='bbox 1395 1857 1798 1924; x_wconf 84' lang='lat' dir='ltr'>militaribus</span> <span class='ocrx_word' id='word_1_115' title='bbox 1843 1863 1904 1924; x_wconf 89' lang='lat' dir='ltr'>et</span> <span class='ocrx_word' id='word_1_116' title='bbox 1938 1857 2295 1943; x_wconf 74' lang='lat' dir='ltr'>prohibitis</span> <span class='ocrx_word' id='word_1_117' title='bbox 2341 1859 2608 1941; x_wconf 86' lang='lat' dir='ltr'>actibus,</span> 
     </span>
     <span class='ocr_line' id='line_1_16' title="bbox 291 1954 2608 2040; baseline -0.003 -14"><span class='ocrx_word' id='word_1_118' title='bbox 291 1980 541 2026; x_wconf 87' lang='lat' dir='ltr'>necnon</span> <span class='ocrx_word' id='word_1_119' title='bbox 585 1958 661 2023; x_wconf 89' lang='lat' dir='ltr'>in</span> <span class='ocrx_word' id='word_1_120' title='bbox 706 1955 1071 2040; x_wconf 84' lang='lat' dir='ltr'>deferendis</span> <span class='ocrx_word' id='word_1_121' title='bbox 1122 1954 1515 2021; x_wconf 87' lang='lat' dir='ltr'>vestimentis</span> <span class='ocrx_word' id='word_1_122' title='bbox 1566 1956 1992 2040; x_wconf 80' lang='lat' dir='ltr'>futellaribus</span> <span class='ocrx_word' id='word_1_123' title='bbox 2045 1961 2104 2022; x_wconf 90' lang='lat' dir='ltr'>et</span> <span class='ocrx_word' id='word_1_124' title='bbox 2150 1955 2304 2021; x_wconf 85' lang='lat' dir='ltr'>aliis</span> <span class='ocrx_word' id='word_1_125' title='bbox 2347 1955 2608 2039; x_wconf 80' lang='lat' dir='ltr'>quibus-</span> 
     </span>
     <span class='ocr_line' id='line_1_17' title="bbox 290 2051 2608 2139; baseline -0.001 -18"><span class='ocrx_word' id='word_1_126' title='bbox 290 2056 444 2123; x_wconf 89' lang='lat' dir='ltr'>dam</span> <span class='ocrx_word' id='word_1_127' title='bbox 508 2075 549 2120; x_wconf 91' lang='lat' dir='ltr'>a</span> <span class='ocrx_word' id='word_1_128' title='bbox 597 2055 760 2139; x_wconf 83' lang='lat' dir='ltr'>jure</span> <span class='ocrx_word' id='word_1_129' title='bbox 820 2051 1176 2136; x_wconf 78' lang='lat' dir='ltr'>prohibitis</span> <span class='ocrx_word' id='word_1_130' title='bbox 1240 2051 1643 2119; x_wconf 85' lang='lat' dir='ltr'>ornamentis</span> <span class='ocrx_word' id='word_1_131' title='bbox 1710 2052 2148 2137; x_wconf 83' lang='lat' dir='ltr'>dilapidantes</span> <span class='ocrx_word' id='word_1_132' title='bbox 2218 2052 2382 2119; x_wconf 91' lang='lat' dir='ltr'>bona</span> <span class='ocrx_word' id='word_1_133' title='bbox 2442 2074 2608 2136; x_wconf 88' lang='lat' dir='ltr'>pau-</span> 
     </span>
     <span class='ocr_line' id='line_1_18' title="bbox 279 2148 2611 2237; baseline -0.002 -18"><span class='ocrx_word' id='word_1_134' title='bbox 279 2173 518 2237; x_wconf 85' lang='lat' dir='ltr'>perum</span> <span class='ocrx_word' id='word_1_135' title='bbox 579 2155 641 2216; x_wconf 87' lang='lat' dir='ltr'>et</span> <span class='ocrx_word' id='word_1_136' title='bbox 686 2149 1168 2235; x_wconf 83' lang='lat' dir='ltr'>patrimonium</span> <span class='ocrx_word' id='word_1_137' title='bbox 1226 2149 1387 2214; x_wconf 88' lang='lat' dir='ltr'>Jesu</span> <span class='ocrx_word' id='word_1_138' title='bbox 1438 2148 1696 2215; x_wconf 83' lang='lat' dir='ltr'>Christi</span> <span class='ocrx_word' id='word_1_139' title='bbox 1750 2150 1825 2215; x_wconf 89' lang='lat' dir='ltr'>in</span> <span class='ocrx_word' id='word_1_140' title='bbox 1873 2150 2004 2216; x_wconf 88' lang='lat' dir='ltr'>Dei</span> <span class='ocrx_word' id='word_1_141' title='bbox 2062 2150 2401 2233; x_wconf 83' lang='lat' dir='ltr'>offensam,</span> <span class='ocrx_word' id='word_1_142' title='bbox 2456 2172 2611 2233; x_wconf 88' lang='lat' dir='ltr'>pro·</span> 
     </span>
     <span class='ocr_line' id='line_1_19' title="bbox 279 2245 2608 2333; baseline -0.001 -18"><span class='ocrx_word' id='word_1_143' title='bbox 279 2247 477 2333; x_wconf 86' lang='lat' dir='ltr'>priae</span> <span class='ocrx_word' id='word_1_144' title='bbox 540 2246 777 2314; x_wconf 81' lang='lat' dir='ltr'>salutis</span> <span class='ocrx_word' id='word_1_145' title='bbox 837 2245 1250 2329; x_wconf 81' lang='lat' dir='ltr'>dispendium</span> <span class='ocrx_word' id='word_1_146' title='bbox 1318 2250 1380 2310; x_wconf 92' lang='lat' dir='ltr'>et</span> <span class='ocrx_word' id='word_1_147' title='bbox 1430 2246 1878 2329; x_wconf 86' lang='lat' dir='ltr'>perniciosum</span> <span class='ocrx_word' id='word_1_148' title='bbox 1936 2245 2169 2329; x_wconf 83' lang='lat' dir='ltr'>populi</span> <span class='ocrx_word' id='word_1_149' title='bbox 2239 2246 2401 2312; x_wconf 85' lang='lat' dir='ltr'>talia</span> <span class='ocrx_word' id='word_1_150' title='bbox 2465 2267 2608 2313; x_wconf 89' lang='lat' dir='ltr'>con·</span> 
     </span>
     <span class='ocr_line' id='line_1_20' title="bbox 290 2342 2608 2430; baseline -0.001 -19"><span class='ocrx_word' id='word_1_151' title='bbox 290 2343 625 2430; x_wconf 84' lang='lat' dir='ltr'>spicientis</span> <span class='ocrx_word' id='word_1_152' title='bbox 685 2342 1120 2427; x_wconf 76' lang='lat' dir='ltr'>exemplum.¹)</span> <span class='ocrx_word' id='word_1_153' title='bbox 1222 2342 1483 2408; x_wconf 87' lang='lat' dir='ltr'>Carolus</span> <span class='ocrx_word' id='word_1_154' title='bbox 1531 2342 1645 2409; x_wconf 93' lang='lat' dir='ltr'>IV.</span> <span class='ocrx_word' id='word_1_155' title='bbox 1707 2345 1843 2428; x_wconf 90' lang='lat' dir='ltr'>ipse</span> <span class='ocrx_word' id='word_1_156' title='bbox 1907 2346 2189 2409; x_wconf 80' lang='lat' dir='ltr'>minatus</span> <span class='ocrx_word' id='word_1_157' title='bbox 2259 2349 2360 2407; x_wconf 88' lang='lat' dir='ltr'>est</span> <span class='ocrx_word' id='word_1_158' title='bbox 2423 2367 2608 2409; x_wconf 89' lang='lat' dir='ltr'>occu-</span> 
     </span>
     <span class='ocr_line' id='line_1_21' title="bbox 290 2441 2607 2529; baseline -0.003 -18"><span class='ocrx_word' id='word_1_159' title='bbox 290 2466 443 2529; x_wconf 88' lang='lat' dir='ltr'>pare</span> <span class='ocrx_word' id='word_1_160' title='bbox 504 2443 676 2507; x_wconf 91' lang='lat' dir='ltr'>bona</span> <span class='ocrx_word' id='word_1_161' title='bbox 736 2441 1143 2520; x_wconf 89' lang='lat' dir='ltr'>clericorum,</span> <span class='ocrx_word' id='word_1_162' title='bbox 1209 2446 1284 2505; x_wconf 87' lang='lat' dir='ltr'>ut</span> <span class='ocrx_word' id='word_1_163' title='bbox 1330 2463 1434 2506; x_wconf 87' lang='lat' dir='ltr'>eos</span> <span class='ocrx_word' id='word_1_164' title='bbox 1492 2448 1750 2526; x_wconf 86' lang='lat' dir='ltr'>cogeret</span> <span class='ocrx_word' id='word_1_165' title='bbox 1808 2442 2008 2505; x_wconf 88' lang='lat' dir='ltr'>vitam</span> <span class='ocrx_word' id='word_1_166' title='bbox 2068 2444 2352 2514; x_wconf 80' lang='lat' dir='ltr'>mutare3</span> <span class='ocrx_word' id='word_1_167' title='bbox 2416 2450 2484 2506; x_wconf 87' lang='lat' dir='ltr'>et</span> <span class='ocrx_word' id='word_1_168' title='bbox 2537 2442 2607 2505; x_wconf 91' lang='lat' dir='ltr'>in</span> 
     </span>
     <span class='ocr_line' id='line_1_22' title="bbox 287 2538 2601 2624; baseline -0.002 -18"><span class='ocrx_word' id='word_1_169' title='bbox 287 2541 504 2606; x_wconf 82' lang='lat' dir='ltr'>diaeta</span> <span class='ocrx_word' id='word_1_170' title='bbox 547 2538 935 2624; x_wconf 83' lang='lat' dir='ltr'>Moguntina</span> <span class='ocrx_word' id='word_1_171' title='bbox 993 2561 1052 2604; x_wconf 88' lang='lat' dir='ltr'>a.</span> <span class='ocrx_word' id='word_1_172' title='bbox 1103 2539 1269 2602; x_wconf 85' lang='lat'>1359</span> <span class='ocrx_word' id='word_1_173' title='bbox 1319 2538 1733 2604; x_wconf 83' lang='lat' dir='ltr'>vehementer</span> <span class='ocrx_word' id='word_1_174' title='bbox 1788 2543 2176 2622; x_wconf 83' lang='lat' dir='ltr'>conquestus</span> <span class='ocrx_word' id='word_1_175' title='bbox 2235 2546 2335 2602; x_wconf 88' lang='lat' dir='ltr'>est</span> <span class='ocrx_word' id='word_1_176' title='bbox 2393 2560 2601 2603; x_wconf 91' lang='lat' dir='ltr'>coram</span> 
     </span>
     <span class='ocr_line' id='line_1_23' title="bbox 289 2632 2695 2719; baseline -0.001 -18"><span class='ocrx_word' id='word_1_177' title='bbox 289 2637 527 2702; x_wconf 90' lang='lat' dir='ltr'>nuntio</span> <span class='ocrx_word' id='word_1_178' title='bbox 588 2635 918 2701; x_wconf 89' lang='lat' dir='ltr'>Pontificis</span> <span class='ocrx_word' id='word_1_179' title='bbox 989 2635 1067 2699; x_wconf 91' lang='lat' dir='ltr'>de</span> <span class='ocrx_word' id='word_1_180' title='bbox 1133 2635 1416 2699; x_wconf 89' lang='lat' dir='ltr'>moribus</span> <span class='ocrx_word' id='word_1_181' title='bbox 1482 2637 1635 2700; x_wconf 89' lang='lat' dir='ltr'>cleri</span> <span class='ocrx_word' id='word_1_182' title='bbox 1707 2646 1772 2700; x_wconf 92' lang='lat' dir='ltr'>et</span> <span class='ocrx_word' id='word_1_183' title='bbox 1842 2635 2042 2700; x_wconf 88' lang='lat' dir='ltr'>nimia</span> <span class='ocrx_word' id='word_1_184' title='bbox 2109 2632 2239 2719; x_wconf 91' lang='lat' dir='ltr'>(uti</span> <span class='ocrx_word' id='word_1_185' title='bbox 2307 2633 2607 2719; x_wconf 87' lang='lat' dir='ltr'>putabat)</span> <span class='ocrx_word' id='word_1_186' title='bbox 2690 2696 2695 2699; x_wconf 76' lang='grc'>,</span> 
     </span>
     <span class='ocr_line' id='line_1_24' title="bbox 290 2731 2608 2816; baseline -0.001 -18"><span class='ocrx_word' id='word_1_187' title='bbox 290 2732 625 2798; x_wconf 90' lang='lat' dir='ltr'>Pontificis</span> <span class='ocrx_word' id='word_1_188' title='bbox 693 2754 872 2796; x_wconf 89' lang='lat' dir='ltr'>mora</span> <span class='ocrx_word' id='word_1_189' title='bbox 941 2732 1022 2796; x_wconf 87' lang='lat' dir='ltr'>ad</span> <span class='ocrx_word' id='word_1_190' title='bbox 1093 2753 1241 2795; x_wconf 89' lang='lat' dir='ltr'>eum</span> <span class='ocrx_word' id='word_1_191' title='bbox 1310 2732 1809 2797; x_wconf 86' lang='lat' dir='ltr'>reformandum.</span> <span class='ocrx_word' id='word_1_192' title='bbox 1921 2731 2269 2816; x_wconf 86' lang='lat' dir='ltr'>Praecipue</span> <span class='ocrx_word' id='word_1_193' title='bbox 2330 2754 2608 2816; x_wconf 91' lang='lat' dir='ltr'>conque-</span> 
     </span>
     <span class='ocr_line' id='line_1_25' title="bbox 287 2828 2608 2913; baseline -0 -19"><span class='ocrx_word' id='word_1_194' title='bbox 287 2829 555 2894; x_wconf 85' lang='lat' dir='ltr'>rebatur</span> <span class='ocrx_word' id='word_1_195' title='bbox 622 2828 699 2893; x_wconf 89' lang='lat' dir='ltr'>de</span> <span class='ocrx_word' id='word_1_196' title='bbox 770 2829 1122 2892; x_wconf 87' lang='lat' dir='ltr'>effraenato</span> <span class='ocrx_word' id='word_1_197' title='bbox 1183 2829 1714 2893; x_wconf 83' lang='lat' dir='ltr'>vestimentorum</span> <span class='ocrx_word' id='word_1_198' title='bbox 1783 2830 1977 2905; x_wconf 86' lang='lat' dir='ltr'>luxu,</span> <span class='ocrx_word' id='word_1_199' title='bbox 2052 2834 2248 2913; x_wconf 88' lang='lat' dir='ltr'>atque</span> <span class='ocrx_word' id='word_1_200' title='bbox 2308 2830 2433 2894; x_wconf 89' lang='lat' dir='ltr'>sibi</span> <span class='ocrx_word' id='word_1_201' title='bbox 2496 2831 2608 2894; x_wconf 88' lang='lat' dir='ltr'>im·</span> 
     </span>
     <span class='ocr_line' id='line_1_26' title="bbox 287 2923 2606 3010; baseline -0.001 -19"><span class='ocrx_word' id='word_1_202' title='bbox 287 2947 538 3010; x_wconf 90' lang='lat' dir='ltr'>ponens</span> <span class='ocrx_word' id='word_1_203' title='bbox 594 2925 729 3008; x_wconf 89' lang='lat' dir='ltr'>ipse</span> <span class='ocrx_word' id='word_1_204' title='bbox 794 2923 1072 2987; x_wconf 88' lang='lat' dir='ltr'>biretum</span> <span class='ocrx_word' id='word_1_205' title='bbox 1132 2925 1502 3007; x_wconf 82' lang='lat' dir='ltr'>galerumve</span> <span class='ocrx_word' id='word_1_206' title='bbox 1549 2923 1838 2989; x_wconf 89' lang='lat' dir='ltr'>Cunonis</span> <span class='ocrx_word' id='word_1_207' title='bbox 1894 2925 1970 2989; x_wconf 88' lang='lat' dir='ltr'>de</span> <span class='ocrx_word' id='word_1_208' title='bbox 2027 2924 2443 2990; x_wconf 85' lang='lat' dir='ltr'>Falkenstein</span> <span class='ocrx_word' id='word_1_209' title='bbox 2502 2948 2606 2989; x_wconf 85' lang='lat' dir='ltr'>ea-</span> 
     </span>
     <span class='ocr_line' id='line_1_27' title="bbox 286 3020 2585 3105; baseline -0.002 -17"><span class='ocrx_word' id='word_1_210' title='bbox 286 3022 504 3088; x_wconf 89' lang='lat' dir='ltr'>nonici</span> <span class='ocrx_word' id='word_1_211' title='bbox 571 3020 976 3105; x_wconf 84' lang='lat' dir='ltr'>Moguntini‚</span> <span class='ocrx_word' id='word_1_212' title='bbox 1048 3021 1216 3103; x_wconf 89' lang='lat' dir='ltr'>quod</span> <span class='ocrx_word' id='word_1_213' title='bbox 1285 3041 1441 3084; x_wconf 90' lang='lat' dir='ltr'>auro</span> <span class='ocrx_word' id='word_1_214' title='bbox 1507 3024 1649 3084; x_wconf 83' lang='lat' dir='ltr'>er-at</span> <span class='ocrx_word' id='word_1_215' title='bbox 1708 3021 2218 3103; x_wconf 88' lang='lat' dir='ltr'>splendidissime</span> <span class='ocrx_word' id='word_1_216' title='bbox 2286 3026 2585 3086; x_wconf 87' lang='lat' dir='ltr'>ornatum</span> 
     </span>
     <span class='ocr_line' id='line_1_28' title="bbox 289 3112 2605 3200; baseline 0 -17"><span class='ocrx_word' id='word_1_217' title='bbox 289 3119 699 3183; x_wconf 85' lang='lat' dir='ltr'>exclamavit:</span> <span class='ocrx_word' id='word_1_218' title='bbox 777 3115 887 3180; x_wconf 89' lang='lat' dir='ltr'>An</span> <span class='ocrx_word' id='word_1_219' title='bbox 962 3112 1237 3197; x_wconf 80' lang='lat' dir='ltr'>equitem</span> <span class='ocrx_word' id='word_1_220' title='bbox 1305 3114 1436 3180; x_wconf 89' lang='lat' dir='ltr'>ista</span> <span class='ocrx_word' id='word_1_221' title='bbox 1514 3115 1860 3181; x_wconf 83' lang='lat' dir='ltr'>ostendunt</span> <span class='ocrx_word' id='word_1_222' title='bbox 1926 3116 2024 3181; x_wconf 83' lang='lat' dir='ltr'>vel</span> <span class='ocrx_word' id='word_1_223' title='bbox 2096 3117 2485 3183; x_wconf 86' lang='lat' dir='ltr'>sacerdotem</span> <span class='ocrx_word' id='word_1_224' title='bbox 2503 3117 2538 3182; x_wconf 72' lang='lat'>‚9</span> <span class='ocrx_word' id='word_1_225' title='bbox 2557 3117 2605 3200; x_wconf 77' lang='grc'>2)</span> 
     </span>
     <span class='ocr_line' id='line_1_29' title="bbox 292 3210 2606 3301; baseline 0 -22"><span class='ocrx_word' id='word_1_226' title='bbox 292 3214 445 3279; x_wconf 86' lang='lat' dir='ltr'>Post</span> <span class='ocrx_word' id='word_1_227' title='bbox 513 3214 765 3278; x_wconf 86' lang='lat' dir='ltr'>litteras</span> <span class='ocrx_word' id='word_1_228' title='bbox 834 3210 1058 3277; x_wconf 75' lang='lat' dir='ltr'>ta&#39;men</span> <span class='ocrx_word' id='word_1_229' title='bbox 1133 3212 1465 3277; x_wconf 85' lang='lat' dir='ltr'>Pontificis</span> <span class='ocrx_word' id='word_1_230' title='bbox 1533 3214 1880 3297; x_wconf 82' lang='lat' dir='ltr'>acquievit,</span> <span class='ocrx_word' id='word_1_231' title='bbox 1949 3218 2016 3278; x_wconf 89' lang='lat' dir='ltr'>et</span> <span class='ocrx_word' id='word_1_232' title='bbox 2080 3213 2399 3280; x_wconf 83' lang='lat' dir='ltr'>Ecclesiae</span> <span class='ocrx_word' id='word_1_233' title='bbox 2452 3218 2606 3301; x_wconf 90' lang='lat' dir='ltr'>jura</span> 
     </span>
     <span class='ocr_line' id='line_1_30' title="bbox 288 3307 2605 3395; baseline 0.002 -22"><span class='ocrx_word' id='word_1_234' title='bbox 288 3311 494 3376; x_wconf 88' lang='lat' dir='ltr'>tuitus</span> <span class='ocrx_word' id='word_1_235' title='bbox 530 3315 628 3375; x_wconf 86' lang='lat' dir='ltr'>e&#39;st</span> <span class='ocrx_word' id='word_1_236' title='bbox 669 3322 736 3373; x_wconf 90' lang='lat' dir='ltr'>et</span> <span class='ocrx_word' id='word_1_237' title='bbox 772 3310 1195 3375; x_wconf 88' lang='lat' dir='ltr'>confirmavit.</span> <span class='ocrx_word' id='word_1_238' title='bbox 1278 3307 1402 3372; x_wconf 84' lang='lat' dir='ltr'>Sed</span> <span class='ocrx_word' id='word_1_239' title='bbox 1443 3331 1646 3393; x_wconf 91' lang='lat' dir='ltr'>quum</span> <span class='ocrx_word' id='word_1_240' title='bbox 1685 3310 1913 3374; x_wconf 89' lang='lat' dir='ltr'>talium</span> <span class='ocrx_word' id='word_1_241' title='bbox 1952 3311 2399 3375; x_wconf 88' lang='lat' dir='ltr'>canonicorum</span> <span class='ocrx_word' id='word_1_242' title='bbox 2431 3335 2605 3395; x_wconf 91' lang='lat' dir='ltr'>prae·</span> 
     </span>
     <span class='ocr_line' id='line_1_31' title="bbox 284 3405 2604 3490; baseline 0.001 -20"><span class='ocrx_word' id='word_1_243' title='bbox 284 3408 642 3472; x_wconf 88' lang='lat' dir='ltr'>latorumve</span> <span class='ocrx_word' id='word_1_244' title='bbox 702 3406 1139 3490; x_wconf 87' lang='lat' dir='ltr'>querimoniae</span> <span class='ocrx_word' id='word_1_245' title='bbox 1196 3405 1499 3470; x_wconf 86' lang='lat' dir='ltr'>feruntur</span> <span class='ocrx_word' id='word_1_246' title='bbox 1554 3406 1630 3470; x_wconf 89' lang='lat' dir='ltr'>de</span> <span class='ocrx_word' id='word_1_247' title='bbox 1689 3406 1949 3470; x_wconf 89' lang='lat' dir='ltr'>tributis</span> <span class='ocrx_word' id='word_1_248' title='bbox 2012 3405 2302 3471; x_wconf 83' lang='lat' dir='ltr'>Pontifici</span> <span class='ocrx_word' id='word_1_249' title='bbox 2363 3410 2604 3473; x_wconf 87' lang='lat' dir='ltr'>solven-</span> 
     </span>
     <span class='ocr_line' id='line_1_32' title="bbox 287 3500 2606 3588; baseline 0.001 -22"><span class='ocrx_word' id='word_1_250' title='bbox 287 3503 413 3581; x_wconf 87' lang='lat' dir='ltr'>dis,</span> <span class='ocrx_word' id='word_1_251' title='bbox 475 3509 649 3568; x_wconf 84' lang='lat' dir='ltr'>certe</span> <span class='ocrx_word' id='word_1_252' title='bbox 697 3503 913 3588; x_wconf 85' lang='lat' dir='ltr'>magni</span> <span class='ocrx_word' id='word_1_253' title='bbox 960 3526 1095 3567; x_wconf 90' lang='lat' dir='ltr'>non</span> <span class='ocrx_word' id='word_1_254' title='bbox 1142 3506 1298 3566; x_wconf 83' lang='lat' dir='ltr'>sunt</span> <span class='ocrx_word' id='word_1_255' title='bbox 1346 3501 1677 3567; x_wconf 85' lang='lat' dir='ltr'>habendae</span> <span class='ocrx_word' id='word_1_256' title='bbox 1726 3500 2141 3580; x_wconf 49' lang='lat' dir='ltr'>momentiff).</span> <span class='ocrx_word' id='word_1_257' title='bbox 2205 3503 2606 3568; x_wconf 85' lang='lat' dir='ltr'>Constabant</span> 
     </span>
    </p>
   </div>
   <div class='ocr_carea' id='block_1_3' title="bbox 288 3689 708 3697">
    <p class='ocr_par' dir='ltr' id='par_1_3' title="bbox 288 3689 708 3697">
     <span class='ocr_line' id='line_1_33' title="bbox 288 3689 708 3697; baseline 0 1317"><span class='ocrx_word' id='word_1_258' title='bbox 288 3689 708 3697; x_wconf 95' lang='lat' dir='ltr'> </span> 
     </span>
    </p>
   </div>
   <div class='ocr_carea' id='block_1_4' title="bbox 281 3788 2603 4251">
    <p class='ocr_par' dir='ltr' id='par_1_4' title="bbox 468 3788 1302 3856">
     <span class='ocr_line' id='line_1_34' title="bbox 468 3788 1302 3856; baseline -0.001 -14"><span class='ocrx_word' id='word_1_259' title='bbox 468 3788 511 3852; x_wconf 83' lang='lat'>¹)</span> <span class='ocrx_word' id='word_1_260' title='bbox 550 3788 821 3856; x_wconf 84' lang='lat' dir='ltr'>Raynald.</span> <span class='ocrx_word' id='word_1_261' title='bbox 858 3804 906 3842; x_wconf 85' lang='lat' dir='ltr'>a.</span> <span class='ocrx_word' id='word_1_262' title='bbox 948 3789 1083 3841; x_wconf 84' lang='lat'>1359</span> <span class='ocrx_word' id='word_1_263' title='bbox 1123 3805 1177 3841; x_wconf 91' lang='lat' dir='ltr'>n.</span> <span class='ocrx_word' id='word_1_264' title='bbox 1221 3791 1302 3841; x_wconf 93' lang='grc'>12.</span> 
     </span>
    </p>

    <p class='ocr_par' dir='ltr' id='par_1_5' title="bbox 467 3866 1318 3937">
     <span class='ocr_line' id='line_1_35' title="bbox 467 3866 1318 3937; baseline 0 -17"><span class='ocrx_word' id='word_1_265' title='bbox 467 3866 508 3933; x_wconf 82' lang='lat'>²)</span> <span class='ocrx_word' id='word_1_266' title='bbox 547 3867 613 3921; x_wconf 88' lang='lat' dir='ltr'>V.</span> <span class='ocrx_word' id='word_1_267' title='bbox 651 3866 844 3921; x_wconf 85' lang='lat' dir='ltr'>Hefele</span> <span class='ocrx_word' id='word_1_268' title='bbox 883 3866 947 3920; x_wconf 91' lang='lat' dir='ltr'>B.</span> <span class='ocrx_word' id='word_1_269' title='bbox 976 3867 1072 3920; x_wconf 89' lang='lat' dir='ltr'>VI.</span> <span class='ocrx_word' id='word_1_270' title='bbox 1109 3867 1157 3937; x_wconf 66' lang='grc' dir='ltr'>ξ.</span> <span class='ocrx_word' id='word_1_271' title='bbox 1198 3870 1318 3921; x_wconf 90' lang='grc'><strong>710.</strong></span> 
     </span>
    </p>

    <p class='ocr_par' dir='ltr' id='par_1_6' title="bbox 281 3943 2603 4251">
     <span class='ocr_line' id='line_1_36' title="bbox 467 3943 2603 4017; baseline 0.001 -19"><span class='ocrx_word' id='word_1_272' title='bbox 467 3943 511 4014; x_wconf 80' lang='lat'>³)</span> <span class='ocrx_word' id='word_1_273' title='bbox 550 3946 948 4000; x_wconf 89' lang='lat' dir='ltr'>Documentum</span> <span class='ocrx_word' id='word_1_274' title='bbox 1001 3953 1250 4014; x_wconf 87' lang='lat' dir='ltr'>superest</span> <span class='ocrx_word' id='word_1_275' title='bbox 1297 3945 1426 4000; x_wconf 89' lang='lat' dir='ltr'>anni</span> <span class='ocrx_word' id='word_1_276' title='bbox 1486 3947 1616 3999; x_wconf 85' lang='grc'><strong>1372</strong></span> <span class='ocrx_word' id='word_1_277' title='bbox 1672 3948 1816 4013; x_wconf 91' lang='lat' dir='ltr'>quod</span> <span class='ocrx_word' id='word_1_278' title='bbox 1864 3946 2205 4003; x_wconf 85' lang='lat' dir='ltr'>inscribitur:</span> <span class='ocrx_word' id='word_1_279' title='bbox 2266 3948 2442 4017; x_wconf 87' lang='lat' dir='ltr'>„Unio</span> <span class='ocrx_word' id='word_1_280' title='bbox 2490 3950 2603 4004; x_wconf 85' lang='lat' dir='ltr'>Mo-</span> 
     </span>
     <span class='ocr_line' id='line_1_37' title="bbox 284 4022 2603 4095; baseline 0.002 -17"><span class='ocrx_word' id='word_1_281' title='bbox 284 4022 506 4092; x_wconf 86' lang='lat' dir='ltr'>guntini</span> <span class='ocrx_word' id='word_1_282' title='bbox 545 4024 689 4079; x_wconf 86' lang='lat' dir='ltr'>Cleri</span> <span class='ocrx_word' id='word_1_283' title='bbox 729 4029 924 4079; x_wconf 89' lang='lat' dir='ltr'>contra</span> <span class='ocrx_word' id='word_1_284' title='bbox 961 4025 1273 4079; x_wconf 85' lang='lat' dir='ltr'>exactiones</span> <span class='ocrx_word' id='word_1_285' title='bbox 1308 4025 1548 4093; x_wconf 80' lang='lat' dir='ltr'>papales,</span> <span class='ocrx_word' id='word_1_286' title='bbox 1596 4055 1665 4062; x_wconf 85' lang='lat'>—-</span> <span class='ocrx_word' id='word_1_287' title='bbox 1712 4025 1962 4092; x_wconf 85' lang='lat' dir='ltr'>Qualiter</span> <span class='ocrx_word' id='word_1_288' title='bbox 1999 4027 2301 4095; x_wconf 84' lang='lat' dir='ltr'>Gregorius</span> <span class='ocrx_word' id='word_1_289' title='bbox 2340 4028 2603 4082; x_wconf 87' lang='lat' dir='ltr'>decimam</span> 
     </span>
     <span class='ocr_line' id='line_1_38' title="bbox 283 4102 2601 4174; baseline 0.001 -17"><span class='ocrx_word' id='word_1_290' title='bbox 283 4102 521 4157; x_wconf 87' lang='lat' dir='ltr'>omnium</span> <span class='ocrx_word' id='word_1_291' title='bbox 559 4103 866 4160; x_wconf 84' lang='lat' dir='ltr'>ecclesiast.</span> <span class='ocrx_word' id='word_1_292' title='bbox 903 4103 1206 4171; x_wconf 85' lang='lat' dir='ltr'>fructuum,</span> <span class='ocrx_word' id='word_1_293' title='bbox 1251 4104 1559 4159; x_wconf 86' lang='lat' dir='ltr'>reddituum</span> <span class='ocrx_word' id='word_1_294' title='bbox 1609 4114 1667 4158; x_wconf 87' lang='lat' dir='ltr'>et</span> <span class='ocrx_word' id='word_1_295' title='bbox 1703 4110 2065 4172; x_wconf 89' lang='lat' dir='ltr'>proventuum</span> <span class='ocrx_word' id='word_1_296' title='bbox 2109 4108 2417 4174; x_wconf 84' lang='lat' dir='ltr'>praesentis</span> <span class='ocrx_word' id='word_1_297' title='bbox 2455 4108 2601 4174; x_wconf 87' lang='lat' dir='ltr'>anni,</span> 
     </span>
     <span class='ocr_line' id='line_1_39' title="bbox 281 4182 2601 4251; baseline 0.001 -14"><span class='ocrx_word' id='word_1_298' title='bbox 281 4198 381 4250; x_wconf 85' lang='lat' dir='ltr'>per</span> <span class='ocrx_word' id='word_1_299' title='bbox 425 4182 760 4249; x_wconf 87' lang='lat' dir='ltr'>provinciam</span> <span class='ocrx_word' id='word_1_300' title='bbox 812 4183 1060 4251; x_wconf 85' lang='lat' dir='ltr'>Mogunt.</span> <span class='ocrx_word' id='word_1_301' title='bbox 1122 4189 1176 4238; x_wconf 90' lang='lat' dir='ltr'>et</span> <span class='ocrx_word' id='word_1_302' title='bbox 1224 4184 1513 4238; x_wconf 81' lang='lat' dir='ltr'>nonnullas</span> <span class='ocrx_word' id='word_1_303' title='bbox 1556 4183 1695 4237; x_wconf 88' lang='lat' dir='ltr'>alias</span> <span class='ocrx_word' id='word_1_304' title='bbox 1745 4184 2058 4251; x_wconf 87' lang='lat' dir='ltr'>provincias</span> <span class='ocrx_word' id='word_1_305' title='bbox 2100 4186 2455 4240; x_wconf 84' lang='lat' dir='ltr'>Alemanniae</span> <span class='ocrx_word' id='word_1_306' title='bbox 2508 4186 2601 4239; x_wconf 89' lang='lat' dir='ltr'>du-</span> 
     </span>
    </p>
   </div>
  </div>
 </body>
</html>
