3281 5014
396 569 604 613 Narratio

407 634 588 676 Villanii
595 666 604 675 .

676 435 747 487 80
1132 433 1334 488 XXXI.
1371 435 1454 488 De
1491 432 1793 489 abolitione
1828 432 2048 488 Ordinis
2084 433 2535 502 Templariorum.

718 574 731 592 ⁶
852 575 916 640 4.
978 575 1097 639 Ille
1158 575 1452 657 vjdelieet
1511 575 1761 653 scribit,
1830 580 1977 659 post
2037 567 2326 665 long-amu
2357 574 2794 641 Cardinalium
2858 577 2992 640 dis·

675 670 1040 737 sensionem
1081 672 1325 736 deoimo
1380 682 1598 736 mense
1645 672 1820 736 inter
1862 687 1969 735 eos
2013 672 2419 754 convenisse3
2473 677 2547 738 ut
2596 693 2745 756 pars
2791 672 2990 739 Italo-

676 769 818 831 rum
865 767 1234 852 designaret
1287 772 1421 833 tres
1468 767 1693 833 Gallos
1739 789 1899 852 quos
1953 768 2033 831 ad
2086 760 2532 852 pontificatum
2582 770 2847 835 idoneos·
2881 772 2990 855 ‘ju-

677 863 938 941 dicaret‚
987 886 1066 931 ex
1113 864 1213 929 his
1256 881 1407 930 vero
1453 883 1599 949 pars
1647 864 1883 940 altera,
1931 862 2162 948 nempe
2209 865 2569 943 Gallorum,
2616 866 2794 930 intra
2838 876 2989 950 qua*

676 961 980 1045 draginta
1026 961 1161 1026 dies
1208 961 1403 1028 unum
1450 962 1755 1047 eligeret,
1800 963 1907 1046 qui
1957 962 2042 1027 ab
2088 962 2387 1028 omnibus
2438 968 2751 1046 tanquam
2796 979 2990 1027 eano-

676 1058 820 1121 nioe
867 1058 1106 1122 electus
1153 1058 1520 1123 haberetur.
1613 1058 1764 1124 Itali
1811 1058 1980 1123 hanc
2038 1059 2542 1142 propositionem
2586 1065 2990 1143 acceperunt,

676 1151 1082 1218 intendentes
1143 1153 1314 1219 tales
1363 1173 1719 1233 assumere,
1781 1153 1909 1235 qui
1968 1153 2252 1235 fuissent
2312 1153 2509 1219 amici
2568 1153 2722 1219 olim
2784 1154 2989 1219 Boni·-

673 1247 835 1331 fatii
892 1253 952 1314 et
1007 1250 1148 1333 reqi
1193 1249 1524 1316 Franciae
1572 1269 1821 1333 parum
1875 1249 2108 1333 affecti.
2212 1250 2733 1335 Designaverunt
2788 1239 2992 1337 igitur
3047 1241 3055 1248 ’

677 1351 815 1411 tres
855 1348 1210 1432 episcopm,
1260 1348 1433 1413 inter
1476 1361 1635 1433 quos
1681 1353 1822 1412 erat
1866 1347 2265 1412 Bertrandus
2312 1346 2829 1431 Burdigalensis‚
2876 1345 2991 1429 qui

678 1446 935 1509 creatus
977 1442 1218 1525 fuerat
1279 1441 1800 1526 archiepiscopus
1861 1462 1903 1507 a
1960 1442 2307 1525 Bonifatio
2361 1442 2578 1551 Papa,
2646 1463 2761 1508 nec
2819 1442 2991 1525 reqis

679 1537 931 1604 amicus
979 1544 1251 1622 propter
1304 1538 1586 1623 offensas
1636 1539 1855 1621 factas
1906 1538 2049 1604 suis
2092 1538 2592 1623 consanquineis
2646 1539 2722 1605 in
2768 1538 2989 1605 Vasco-

677 1634 795 1701 nia
820 1656 966 1718 per
1031 1635 1366 1702 dominum
1439 1634 1747 1713 Carolum
1792 1635 2223 1704 Vaksianum
2335 1636 2564 1704 Altera
2609 1660 2766 1724 pars
2824 1639 2989 1702 velo-

677 1733 927 1797 cissime
971 1734 1108 1818 regi
1140 1727 1438 1818 Philippo
1480 1733 1812 1798 intimavit
1856 1734 2215 1819 negotium
2264 1737 2329 1798 et
2373 1724 2533 1814 quia
2574 1727 2764 1797 illum
2810 1710 2989 1799 Bur·

679 1827 1090 1911 diqalensem,
1140 1849 1326 1911 quem
1364 1834 1757 1912 procuraret
1787 1828 2209 1894 reconciliare
2238 1826 2365 1893 sibi
2409 1833 2470 1894 et
2514 1828 2798 1895 amicum
2824 1829 2991 1910 fieri,

678 1924 739 1989 si
783 1923 910 1989 sibi
956 1925 1245 2008 placeret
1282 1926 1543 2008 Papam
1601 1926 1930 2008 facerent:
1984 1946 2171 2008 quem
2231 1946 2378 1990 cum
2422 1930 2684 1994 nossent.
2726 1925 2992 1991 avidum

680 2019 961 2087 honoris
992 2026 1053 2087 et
1092 2022 1372 2105 gloriae,
1429 2027 1508 2087 ut
1551 2022 1924 2101 Vasconem‚
1980 2026 2042 2087 et
2087 2021 2174 2088 ad
2215 2021 2442 2089 omnia
2480 2022 2866 2110 fteaeibilem,
2917 2026 2994 2092 ut

677 2116 797 2182 illa
856 2122 1351 2201 consequeretur
1411 2119 1762 2201 sperabant
1828 2117 2026 2201 facile
2082 2117 2521 2186 inducendum
2585 2120 2674 2185 ad
2719 2139 2993 2188 >omnem

671 2217 932 2297 partem
994 2219 1055 2279 et
1104 2214 1471 2281 ‘amicitiam
1534 2215 2047 2282 contrahendam
2104 2236 2250 2280 cum
2310 2236 2456 2298 reqe
2515 2215 2871 2295 franciae,
2932 2218 2995 2281 et.

678 2310 868 2376 illum
924 2311 1236 2395 adoptata
1291 2312 1761 2378 eaeauditurum
1776 2361 1794 2391 ,
1853 2311 2024 2378 sicut
2081 2312 2181 2376 rei
2226 2312 2639 2395 postmodum
2687 2311 2997 2396 probavit

678 2412 958 2473 eventus.
1054 2410 1192 2474 Rex
1237 2411 1440 2496 igitur
1483 2410 1719 2475 litteris
1762 2410 2040 2493 acceptis
2083 2410 2393 2475 invitavit
2447 2410 2989 2495 arehiepiscopum

678 2505 761 2569 ad
812 2506 1202 2590 colloquium
1261 2509 1332 2572 in
1387 2506 1670 2572 Abbatia
1721 2504 1787 2573 S.
1833 2506 1875 2573 J
1878 2506 2118 2572 oannie
2159 2506 2482 2592 d'Angely
2540 2507 2612 2573 in
2669 2504 2991 2573 santonia
3075 2518 3082 2523 “

678 2601 1116 2688 (Saintonge).
1218 2602 1317 2670 Ibi
1376 2602 1711 2688 Philippus
1770 2604 1981 2669 verbis
2042 2603 2461 2689 placabilibus
2523 2627 2670 2669 eum
2731 2603 2992 2671 induxit

678 2701 1161 2766 reooneiliatum
1206 2701 1443 2766 habere
1493 2701 1789 2767 Carolum
1823 2700 2266 2782 Valesiannm‚
2307 2705 2378 2765 et
2419 2700 2567 2767 dein
2611 2701 2807 2766 dixit:
2852 2699 2992 2769 Do-

472 2834 523 2881 >c
638 2783 855 2877 §mine
900 2795 1401 2880 archiepiscope,
1461 2797 1630 2863 scias
1674 2797 1751 2864 in
1803 2795 2111 2862 manibus
2164 2795 2325 2862 meis
2377 2816 2510 2861 esse
2551 2795 2871 2879 positum,
2930 2800 2992 2860 te

675 2885 893 2975 facere
929 2905 1117 2975 posse
1160 2892 1542 2974 Pontificem
1585 2911 1954 2972 summum;
2011 2892 2349 2958 ostendens
2392 2892 2452 2958 ei
2496 2892 2752 2959 litteras
2795 2913 2994 2976 super

586 3042 619 3081 ν
679 2988 795 3054 hoc
842 2988 1219 3056 destinatas.
1311 2991 1388 3057 Si
1439 2990 1660 3075 ⁴iyitur
1702 2990 1832 3069 vis,
1897 2993 1975 3056 ut
2017 2988 2264 3071 faciam
2312 2993 2374 3054 te
2424 3009 2768 3056 summum·
2796 2986 2990 3055 Anti-

680 3084 914 3166 etitem,
953 3087 1093 3152 volo
1137 3088 1485 3169 promittas
1521 3086 1687 3152 mihi
1724 3085 2058 3152 concedere
2104 3089 2312 3153 certas
2350 3087 2629 3169 qratias,
2672 3105 2839 3168 quas
2880 3106 2993 3168 po·

679 3181 952 3249 stuhbo.
1047 3183 1297 3263 Quibus
1344 3185 1637 3269 (litteris)
1685 3181 1991 3267 perlectis
2046 3180 2566 3265 archiepiscopus
2621 3182 2721 3248 ait
2777 3186 2994 3264 stupe·

675 3278 900 3361 factus
939 3299 1022 3344 ex
1073 3301 1146 3345 re
1189 3280 1372 3362 ipsa:
1429 3279 1741 3359 Domine,
1807 3278 1898 3345 mi
1942 3299 2088 3357 rex,
2146 3278 2357 3358 video,
2412 3278 2585 3360 quod
2638 3278 2850 3361 mayis
2891 3297 2996 3343 me

679 3374 929 3459 diliffis,
993 3397 1190 3458 quam
1246 3376 1457 3443 alium
1513 3396 1973 3459 quemcumque
2026 3374 2101 3440 in
2156 3373 2425 3452 mimdo,
2489 3378 2569 3439 et
2607 3374 2773 3441 bona
2827 3373 2995 3440 mihi

551 3479 664 3573 f
679 3471 919 3536 tribuis
970 3493 1098 3554 pro
1158 3472 1382 3538 malis:
1448 3473 1705 3540 demum
1760 3471 2019 3539 noveris
2079 3474 2269 3537 tuum
2322 3491 2455 3536 esse
2503 3471 2997 3554 praecipereet

680 3589 893 3634 meum
922 3568 1192 3648 obedire,
1240 3590 1385 3636 sum
1414 3569 1590 3635 enim
1627 3569 1720 3634 ad
1754 3567 1976 3635 omnia
2015 3567 2387 3649 exequenda
2419 3572 2725 3650 paratus.
2811 3569 2997 3634 Tunc

679 3685 800 3730 rex
845 3664 1179 3730 osculatus
1227 3671 1322 3731 est
1379 3686 1543 3732 eum.
1634 3666 1815 3731 Istae
1875 3669 2057 3744 sunt,
2118 3664 2243 3741 ait,
2305 3663 2566 3747 =cratiae
2622 3685 2786 3747 quas
2840 3686 2883 3731 a
2933 3670 2997 3729 te

680 3760 963 3844 requiro.
1057 3761 1291 3828 Prima
1335 3767 1464 3843 est,
1521 3767 1597 3828 ut
1637 3783 1754 3827 me
1772 3761 2057 3846 perfecte
2109 3758 2480 3826 reconcilies
2523 3759 2851 3826 Ecclesiae
2888 3781 2997 3826 sa-

681 3862 1080 3938 crosanctae,
1138 3859 1498 3927 relamando
1544 3864 1606 3923 et
1651 3858 1926 3932 veniam,
1954 3856 2169 3923 dando
2221 3857 2298 3922 de
2340 3857 2673 3939 adjutorio
2722 3857 2875 3923 dato
2918 3858 2997 3924 in

681 3957 959 4036 captura
1003 3954 1343 4038 Bonifatii
1388 3956 1626 4040 Papae.
1722 3953 2021 4022 Secunda
2076 3959 2197 4034 est,
2255 3958 2333 4018 ut
2388 3974 2695 4020 censuras
2747 3975 2996 4021 excom·

680 4049 1150 4117 municationis
1208 4072 1506 4118 amoveas
1561 4057 1789 4118 contra
1845 4071 1944 4116 me
2002 4055 2064 4116 et
2108 4071 2407 4134 sequaces
2459 4071 2628 4115 meos
2675 4052 2996 4135 prolatas.

690 4145 915 4214 Tertia
945 4153 1057 4228 est,
1105 4148 1275 4232 quod
1305 4147 1471 4214 mihi
1518 4148 1824 4214 concedas
1853 4167 2070 4213 omnes
2098 4146 2380 4212 decimas
2408 4146 2598 4229 reqni
2631 4164 2758 4232 per
2801 4148 2997 4236 quin-
