3281 5014
820 392 902 445 De
940 391 1179 446 decretis
1220 390 1487 445 Sessionis
1525 396 1755 459 quartae
1794 396 1849 445 et
1888 390 2127 458 quintae.
2527 392 2630 443 315

318 557 549 601 norum
608 534 1017 617 praecipuum
1076 539 1174 597 est
1228 538 1701 617 argumentum.
1760 570 1845 577 —
1908 532 2031 597 Sed
2092 538 2241 616 apta
2302 533 2630 615 responsio
2657 545 2754 597 Exi)
2771 544 2959 586 auditur.

319 632 508 697 obvia
573 635 701 706 est,
774 630 826 693 si
898 630 977 693 ad
1049 652 1264 694 rerum
1331 629 1635 714 adjuncta
1702 629 2082 693 attenditur.
2196 630 2271 694 In
2344 628 2631 693 Concilio

319 729 562 794 Pisano
617 729 754 811 jam
819 728 1208 791 studuerant
1277 725 1355 788 ad
1425 726 1922 792 exstinctionem
1990 726 2349 791 schismatis
2413 749 2631 809 perve-

322 827 494 901 nire,
562 826 669 888 sed
742 824 1005 887 effectus
1075 845 1206 887 non
1276 827 1417 887 erat
1484 823 1812 887 obtentus.
1933 822 2013 887 In
2085 824 2374 887 eumdem
2444 824 2639 887 finem

322 923 471 986 dein
536 920 892 985 Concilium
958 919 1459 983 Constantiense
1525 925 1985 1003 congregatum
2054 920 2202 984 fuit.
2313 920 2437 985 Sed
2501 923 2645 1003 post

319 1020 670 1083 discessum
736 1016 1010 1082 Joannis
1075 1016 1478 1081 continuatio
1544 1015 1812 1081 Concilii
1882 1017 1949 1080 in
2018 1017 2355 1083 discrimen
2422 1021 2647 1081 vocata

324 1122 455 1192 est,
505 1119 570 1177 et
615 1119 906 1196 tempore
953 1113 1253 1177 sessionis
1302 1113 1567 1195 quintae
1614 1114 1967 1178 multorum
2017 1115 2265 1178 animos
2313 1135 2647 1197 praeoccu-

321 1212 518 1295 pabat
580 1210 804 1286 timor,
867 1230 948 1273 ne
1013 1208 1308 1293 Synodus
1369 1209 1826 1274 dissolveretur
1888 1214 1956 1274 et
2013 1212 2349 1294 negotium
2411 1211 2649 1274 exstin-

321 1308 558 1392 guendi
616 1306 977 1371 schismatis
1035 1306 1207 1370 haud
1255 1306 1333 1369 ad
1397 1306 1639 1369 exitum
1698 1306 2136 1372 deduceretur.
2231 1307 2402 1372 Hinc
2452 1307 2648 1371 verba

322 1406 467 1480 illa,
535 1401 735 1484 hujus
795 1420 1020 1465 sacrae
1083 1400 1336 1483 Synodi
1393 1405 1452 1465 et
1510 1401 1972 1484 cujuscumque
2033 1401 2307 1468 alterius
2374 1401 2648 1468 Concilii

317 1498 646 1583 qeneralis
711 1497 994 1580 legitime
1048 1497 1452 1581 conyreyati,
1520 1502 1751 1564 merito
1814 1522 1942 1564 non
2007 1501 2433 1584 intelligenda
2492 1505 2648 1564 sunt

325 1598 671 1662 universim
746 1596 823 1660 de
892 1618 1298 1680 quocumque
1369 1596 1657 1660 Concilio
1727 1597 2015 1679 generali
2094 1618 2497 1680 quacumque
2572 1597 2648 1661 de

324 1716 517 1759 causa
578 1697 962 1768 convocatO,
1032 1692 1142 1757 sed
1206 1692 1545 1756 referenda
1605 1701 1761 1755 sunt
1826 1693 1906 1756 ad
1970 1694 2409 1777 quodcumque
2474 1693 2645 1758 aliud

323 1789 681 1855 Concilium
742 1790 1072 1872 generale,
1135 1788 1304 1872 quod
1367 1790 1533 1853 forte
1596 1788 1674 1851 ad
1737 1789 1851 1853 illa
1912 1792 2205 1873 negotia,
2259 1812 2423 1873 quae
2478 1789 2643 1854 Con-

324 1888 684 1951 stantiense
743 1886 1153 1969 spectabant,
1221 1884 1562 1948 tractanda
1619 1884 1824 1949 adhuc
1879 1887 2399 1969 congregandum
2462 1895 2647 1961 esset,

326 1983 602 2047 maxime
648 1987 862 2045 autem
926 2003 1040 2064 pro
1096 1981 1563 2063 exstirpatione
1611 1981 1783 2044 illius
1832 1982 2213 2046 schismatis,
2305 1982 2447 2047 Hoc
2493 2004 2644 2047 con·

324 2081 619 2144 firmatur
667 2102 742 2142 ex
787 2079 995 2142 verbis
1043 2100 1208 2162 quae
1258 2078 1685 2159 adjiciuntur,
1740 2096 1935 2159 super
1966 2077 2356 2160 praemissis
2401 2098 2513 2143 seu
2561 2079 2647 2143 ad

322 2196 401 2241 ea
450 2173 936 2258 pertinentibus
993 2171 1192 2255 factis
1251 2172 1350 2237 vel
1406 2172 1746 2254 faciendis.
1853 2174 1950 2238 Ex
2011 2174 2112 2239 his
2171 2176 2382 2239 verbis
2440 2181 2641 2258 patet,

326 2275 528 2338 menti
580 2273 843 2337 Patrum
899 2293 1149 2354 semper
1204 2272 1607 2335 observatam
1666 2272 1863 2335 fuisse
1917 2273 2414 2336 exstinctionem
2477 2274 2644 2338 schi-

325 2371 551 2434 smatis
612 2374 677 2433 et
736 2369 1017 2452 reliquas
1077 2390 1300 2432 causas
1363 2369 1430 2431 in
1494 2366 1755 2450 Synodo
1811 2368 2301 2433 Constantiensi
2356 2373 2643 2433 tractan-

320 2468 463 2546 das,
534 2471 727 2552 atque
790 2466 902 2530 illo
967 2465 1218 2530 decreto
1279 2485 1385 2529 eos
1444 2486 1666 2530 cavere
1723 2466 2022 2542 voluisse,
2092 2487 2173 2530 ne
2227 2465 2646 2549 impediretur

321 2564 647 2629 absolutio
712 2564 940 2627 horum
998 2563 1436 2647 negotiorum,
1503 2568 1569 2626 et
1639 2564 2015 2647 cuicumque
2085 2563 2370 2627 Concilio
2434 2565 2642 2647 quoad

324 2661 482 2725 haec
539 2657 993 2743 congregando
1047 2681 1226 2722 suam
1273 2658 1595 2722 vindicare
1654 2660 2123 2724 auctoritatem.
2216 2661 2423 2736 Quum
2473 2660 2643 2724 Con·

322 2758 536 2822 cilium
607 2757 842 2820 iterato
907 2759 1361 2820 commemoret
1426 2753 1670 2819 dictum
1736 2756 2009 2820 schisma
2076 2757 2250 2820 illius
2319 2759 2644 2845 temporis,

317 2859 494 2918 certe
551 2854 606 2917 si
663 2854 1031 2916 intenderet
1086 2852 1239 2934 ipsis
1286 2852 1494 2916 verbis
1550 2875 1811 2917 sensum
1867 2853 2105 2919 decreti
2159 2853 2238 2917 ad
2297 2856 2640 2937 quodcum·

323 2972 450 3034 que
495 2950 796 3033 generale
841 2948 1201 3013 Concilium
1248 2949 1538 3012 futurum
1585 2949 1951 3026 extendere,
1999 2951 2342 3034 improprie
2392 2957 2458 3015 et
2502 2973 2643 3034 per·

321 3048 584 3112 turbate
627 3048 910 3111 locutum
954 3043 1262 3127 fuisset.²)

506 3253 547 3320 ¹)
608 3255 1007 3322 Argumentum
1069 3259 1469 3321 opportunum,
1541 3254 1966 3310 constantiense
2033 3255 2334 3309 Concilium
2394 3273 2491 3325 per
2554 3259 2643 3313 de-

321 3337 477 3386 creta
541 3333 803 3387 sessionis
869 3336 1093 3399 quartae
1165 3338 1222 3387 et
1285 3332 1506 3400 quintae
1573 3350 1682 3388 non
1743 3334 1984 3389 voluisse
2052 3334 2353 3390 universim
2421 3337 2643 3392 definire

324 3411 769 3478 superioritatem
827 3412 1053 3465 Concilii
1111 3412 1389 3481 generalis
1447 3429 1613 3479 supra
1668 3412 2017 3476 Pontificem,
2080 3415 2199 3468 erui
2256 3431 2464 3482 quoque
2529 3425 2645 3484 pot-

323 3496 409 3545 est
464 3506 533 3544 ex
575 3491 644 3544 iis
699 3507 837 3557 quae
890 3492 1166 3545 scribebat
1212 3491 1520 3545 Cardinalis
1572 3492 1637 3546 de
1693 3491 1906 3546 Alliaco
1961 3492 2021 3546 in
2070 3498 2314 3548 tractatu
2359 3495 2442 3549 De
2490 3501 2643 3563 pote-

324 3574 474 3624 state
513 3569 892 3625 ecclesiastica
931 3587 1087 3638 quem
1136 3587 1277 3625 anno
1334 3574 1469 3624 1417
1511 3577 1639 3638 post
1685 3571 1984 3626 sessionem
2034 3573 2277 3640 quintam
2324 3575 2643 3641 composuit.

321 3650 463 3703 Post
498 3649 672 3702 multa
722 3650 871 3703 dicta
919 3655 975 3704 et
1021 3650 1268 3719 allegata
1313 3667 1411 3718 pro
1461 3651 1796 3706 auctoritate
1836 3652 2067 3707 Concilii
2116 3669 2285 3720 supra
2320 3653 2641 3708 Pontificem

324 3729 406 3782 sic
453 3728 755 3782 concludit:
808 3730 992 3796 „Haec
1040 3730 1215 3798 igitur
1260 3731 1328 3784 ad
1377 3731 1559 3785 decem
1610 3730 1856 3798 capitula
1892 3731 1948 3784 in
1994 3732 2223 3800 prologo
2259 3732 2422 3800 hujus
2461 3734 2642 3801 operis

322 3807 630 3876 proposita,
690 3809 818 3861 mihi
876 3825 972 3877 pro
1028 3810 1388 3878 responsione
1432 3809 1692 3864 videntur
1746 3810 2008 3866 sufficere.
2097 3809 2246 3876 Quae
2301 3817 2485 3866 tamen
2534 3830 2642 3867 non

319 3885 604 3940 definitive
655 3886 1093 3954 determinando,
1143 3889 1240 3942 sed
1286 3888 1670 3943 doctrinaliter
1719 3889 1992 3944 suadendo
2037 3891 2222 3958 posita
2271 3898 2416 3946 sunt.
2503 3892 2640 3946 Nam

325 3965 487 4033 hujus
530 3964 612 4020 rei
662 3965 1033 4022 definitionem
1083 3968 1222 4021 sacri
1266 3965 1494 4023 Concilii
1544 3967 1990 4023 determinationi
2028 3970 2341 4024 submitto.“
2391 4001 2460 4008 —
2506 3973 2641 4025 Cen-

324 4044 485 4098 sebat
522 4060 684 4112 ergo,
731 4046 967 4100 nondum
1006 4047 1178 4101 latam
1217 4047 1463 4102 ultimam
1501 4049 1602 4101 hac
1642 4048 1709 4101 de
1756 4063 1813 4101 re
1852 4047 2239 4103 definitionem.
2313 4050 2377 4102 V.
2417 4051 2639 4104 Gerson.
