3281 5014
1067 437 1151 492 De
1188 437 1553 492 exstinctione
1591 439 1923 492 schismatis„
2561 441 2666 492 297

351 578 531 643 Petri
585 578 662 642 de
719 577 909 643 Luna
963 579 1434 643 abdicationem
1491 580 1848 645 extrahere.
1951 582 2286 664 Quumque
2341 579 2663 664 suffragiis
2723 594 2957 637 Abdicatio

347 673 582 739 habitis
617 680 976 758 peteretur,
1025 681 1100 739 ut
1145 675 1462 741 abdicatio
1505 700 1637 742 non
1679 678 2064 753 differretur,
2117 677 2462 770 Malatesta
2499 676 2665 752 sole·
2745 654 2929 761 griffi.

341 770 586 834 mniter
633 772 973 864 foQulam
996 847 1003 852 Η
1016 770 1438 856 abdicationis
1485 774 1936 860 ponuntiavit2
1993 775 2246 839 Dicitur
2292 774 2363 837 in
2410 773 2662 837 eadem:

363 865 445 931 Ut
498 857 797 954 omni-lius
850 872 1070 950 aperte
1121 872 1351 949 pateat
1399 889 1526 951 per
1583 868 1904 952 effectum,
1968 873 2219 951 quanta
2272 867 2663 948 sinceritate,

346 967 722 1044 quantaque
779 964 990 1029 cordis
1028 963 1398 1046 affectione,
1461 986 1717 1031 sacram
1772 966 2078 1032 unionem
2141 970 2202 1030 et
2262 964 2664 1048 redinteqra-

348 1058 588 1125 tionem
661 1058 1197 1125 Christianorum
1258 1061 1333 1128 in
1397 1062 1655 1127 unitate
1714 1068 1977 1128 sanctae
2041 1061 2276 1128 matris
2339 1060 2667 1126 Ecclesiae

338 1161 725 1237 prosecutus
767 1156 930 1235 fuit,
976 1162 1543 1239 prosequaturque
1579 1180 1704 1241 per
1754 1159 1927 1224 viam
1975 1159 2172 1224 etiam
2229 1156 2666 1223 renuntiatio-

348 1251 457 1317 nis
499 1251 844 1332 inclusive,
892 1274 1063 1335 pure
1117 1257 1178 1317 et
1223 1253 1417 1318 libere
1464 1259 1525 1318 et
1578 1255 1854 1335 sincere,
1900 1255 2362 1339 procuratorio
2406 1253 2668 1320 nomine

347 1348 561 1431 ipsius
607 1348 748 1414 Smi
795 1350 880 1414 D.
931 1349 1012 1415 N.
1065 1350 1371 1433 Greqorii
1413 1351 1636 1433 Papae
1669 1351 1834 1416 XII.
1883 1404 1896 1417 .
1944 1403 1958 1417 .
2005 1402 2019 1416 .
2067 1351 2374 1417 renuntio
2421 1355 2481 1415 et
2522 1349 2667 1415 cedo

345 1465 645 1528 expresse
698 1446 772 1511 in
817 1444 922 1510 his
981 1446 1246 1529 scriptis
1299 1447 1566 1513 realiter
1622 1453 1684 1512 et
1729 1470 1874 1514 cum
1922 1448 2178 1531 effectu,
2226 1447 2407 1531 juri,
2475 1446 2667 1512 titulo

345 1545 413 1605 et
446 1542 864 1627 possessioni,
912 1542 1098 1624 quod,
1145 1564 1332 1624 quem
1364 1547 1425 1607 et
1464 1564 1656 1625 quam
1706 1544 1843 1628 ipse
1873 1544 2063 1611 habet
2096 1545 2165 1610 in
2205 1548 2464 1627 papatu
2494 1542 2665 1625 etc.¹)

352 1638 575 1720 Vides,
636 1663 835 1725 usque
887 1641 955 1704 in
995 1642 1190 1705 finem
1239 1640 1621 1725 Gregorium
1670 1649 2098 1726 protestatum
2145 1643 2338 1706 fuisse
2385 1642 2462 1704 de
2525 1663 2665 1725 per-

344 1737 505 1800 enni
564 1738 902 1802 voluntate
955 1736 1217 1801 cedendi
1274 1742 1340 1801 et
1394 1760 1474 1801 ex
1530 1738 1759 1804 effectu
1806 1762 1943 1803 eam
2003 1740 2291 1823 probare.
2400 1737 2668 1802 Petrum

347 1833 430 1897 de
477 1832 663 1897 Luna
709 1856 858 1898 vero
913 1833 1229 1898 sinceram
1284 1834 1712 1899 intentionem
1769 1835 1939 1899 haud
2002 1836 2330 1915 habuisse,
2385 1835 2668 1918 adeoque

353 1931 583 1994 merito
639 1929 1018 2015 Gregorium
1081 1931 1138 1994 ei
1196 1931 1489 1995 fiduciam
1552 1931 1932 2015 denegasse,
1989 1933 2235 2015 pariter
2295 1954 2372 1995 ex
2435 1931 2668 1996 effectu

347 2028 567 2111 colligi
614 2032 848 2110 potest.

535 2177 635 2241 14.
698 2173 969 2240 Divinas
1024 2175 1244 2240 laudes
1304 2175 1453 2240 dein
1513 2176 1866 2242 Concilium
1929 2178 2010 2242 ob
2067 2179 2473 2244 conciliatam
2533 2178 2669 2242 feli-

348 2274 513 2336 citer
573 2274 1091 2357 conjunctionem
1154 2273 1290 2337 Deo
1351 2273 1677 2356 persolvit.
1793 2272 2173 2338 Consultum
2235 2296 2385 2339 vero
2443 2275 2570 2338 fuit
2630 2297 2670 2337 a

347 2368 638 2434 Concilio
703 2367 997 2452 Gregorii
1065 2369 1407 2454 dignitati3
1471 2368 1948 2433 cardinalitium
2024 2371 2196 2434 enim
2257 2393 2494 2434 munus
2553 2369 2668 2433 Pi-

345 2489 511 2531 cena
561 2466 888 2550 legatione
944 2472 1373 2547 exornarunt,
1438 2470 1511 2530 ut
1557 2466 1759 2530 refert
1815 2473 2069 2549 praeter
2122 2468 2282 2531 alios
2337 2465 2400 2532 S.
2458 2469 2668 2532 Anto-

352 2565 546 2627 ninus
611 2563 737 2628 illis
783 2563 1020 2626 verbis:
1088 2562 1323 2627 Patres
1380 2563 1824 2628 venerandum
1884 2562 2076 2627 illum
2138 2567 2199 2626 et
2253 2563 2431 2628 omni
2478 2562 2668 2628 laude

347 2658 813 2742 dionissimum
882 2658 1228 2740 antiquum
1298 2658 1582 2737 dierum,
1654 2679 1736 2723 ex
1809 2658 2126 2743 Greqorio
2196 2659 2283 2724 ad
2344 2658 2666 2742 Anqelum

340 2755 640 2838 primum
685 2776 918 2821 nomen
964 2776 1157 2821 suum
1204 2775 1534 2820 reversum
1621 2756 1907 2839 leqatum
1951 2756 2390 2822 instituerunt
2433 2756 2507 2821 in
2555 2756 2666 2821 Pi-

352 2851 643 2917 centibus
703 2853 1166 2917 consistentem.
1268 2852 1505 2917 Scribit
1566 2860 1781 2918 autem
1841 2854 2269 2919 Theodoricus
2323 2854 2400 2918 de
2455 2853 2668 2931 Niem,

351 2951 450 3013 vir
516 2950 827 3033 Gregorio
887 2951 1044 3013 satis
1106 2951 1423 3014 infensus:
1494 2948 1855 3032 Greqorius
1915 2949 1990 3015 in
2044 2949 2305 3033 publico
2368 2949 2669 3014 consisto·

348 3045 456 3110 rio
518 3045 883 3127 qaudenter
948 3052 1009 3108 et
1069 3049 1292 3126 sponte
1351 3045 1765 3127 approbavit,
1837 3046 2133 3111 laudavit
2203 3050 2264 3110 et
2328 3046 2667 3126 confirma-

351 3143 450 3206 vit
504 3140 725 3207 omnia
778 3140 853 3207 in
908 3161 983 3205 ea
1033 3146 1224 3223 parte
1274 3146 1457 3224 qesta
1505 3163 1631 3224 pro
1685 3142 1825 3224 ipso
1875 3163 1998 3224 per
2051 3142 2294 3208 dictum
2344 3141 2667 3208 Carolum.

353 3238 498 3318 Quo
540 3238 717 3321 facto
761 3238 935 3303 illico
981 3237 1275 3320 deposuit
1326 3236 1639 3303 mithram
1692 3239 2157 3321 pontificalem,
2217 3259 2464 3305 necnon
2510 3239 2668 3303 colo-

352 3335 534 3400 bium
580 3341 640 3399 et
684 3335 906 3400 omnia
943 3333 1379 3418 pontificalia,
1438 3334 1634 3399 etiam
1681 3334 1917 3400 ibidem
1960 3335 2419 3419 praesentibus
2464 3335 2666 3400 omni·

354 3432 476 3497 bus
531 3453 676 3498 cum
732 3432 1003 3498 solemni
1049 3430 1548 3515 protestatione,
1614 3432 1784 3512 quod
1837 3431 1955 3496 illa
2013 3452 2355 3513 nunquam
2411 3430 2487 3494 de
2532 3452 2667 3496 cae-

354 3533 492 3594 tero
548 3549 872 3594 resumere
932 3529 1142 3608 vellet,
1204 3528 1334 3593 imo
1396 3527 1573 3593 omni
1633 3528 1817 3593 modo
1873 3549 1997 3610 quo
2044 3533 2262 3611 posset
2306 3548 2669 3610 procurare

330 3625 735 3705 intenderet,
784 3625 953 3708 quod
987 3626 1303 3709 praefata
1348 3625 1507 3691 unio
1551 3624 1733 3705 fieret
1777 3624 1850 3689 in
1892 3624 2184 3689 Ecclesia
2230 3622 2668 3707 universali.²)

358 3722 772 3788 Manifestum
828 3735 925 3787 est
983 3746 1058 3787 ex
1117 3724 1347 3808 agendi
1407 3723 1621 3804 modo,
1677 3745 1868 3806 quem
1914 3722 2208 3805 Synodus
2256 3724 2321 3785 in
2375 3721 2669 3807 Gregorii

354 3822 619 3905 negotio
686 3821 1006 3898 adhibuit,
1081 3822 1291 3904 ipsum
1356 3820 1714 3885 Concilium
1782 3820 2071 3904 quamvis
2126 3816 2415 3900 practice
2478 3823 2671 3883 antea

356 3999 731 4006 ——v--ssj
744 4001 776 4004 A

549 4093 585 4154 ¹)
622 4092 806 4145 Labbe
847 4092 975 4147 XII.
1020 4093 1133 4145 118.

537 4170 580 4238 2)
618 4172 684 4224 In
712 4170 845 4224 Vita
881 4170 1113 4226 Joannis
1154 4169 1361 4223 XXIII.
