3281 5014
615 414 724 465 232
1039 410 1273 464 XXXII.
1311 411 1394 466 De
1432 410 1791 465 Pontificibus
1829 411 2111 467 Avenione
2147 411 2509 465 commoratis.

616 554 812 618 bente
866 553 1254 617 necessitate
1309 551 1624 616 serviendi
1685 553 1986 636 tempori,
2049 559 2116 617 et
2168 550 2683 618 accommodandi
2740 573 2805 614 se
2852 552 2931 615 iis

613 648 852 714 saeculi
909 648 1194 714 moribus
1253 654 1318 713 et
1372 649 1638 724 morbis,
1700 651 1810 734 qui
1856 648 2271 714 validioribus
2327 648 2621 714 remediis
2680 669 2930 713 exacer-

617 746 951 810 barentur.
1054 743 1150 809 Ea
1220 745 1470 809 videtur
1539 766 1676 809 esse
1745 745 1972 811 horum
2044 745 2314 810 Concilii
2376 746 2715 811 verborum
2784 765 2931 809 sen-

617 842 855 907 tentia:
928 838 1087 906 Cum
1142 839 1459 923 pleraque
1526 840 1953 921 monasteria,
2018 840 2213 907 etiam
2281 840 2606 921 abbatiae,
2661 838 2930 923 priora-

613 943 725 1003 tus
797 941 859 1002 et
942 935 1441 1020 praepositurae
1505 957 1586 1002 ex
1664 937 1840 1003 mala
1913 957 2135 1002 eorum
2155 986 2173 1017 ,
2251 937 2487 1019 quibus
2560 936 2931 1002 commissae

609 1036 921 1118 fuerunt,
991 1032 1599 1115 administratione,
1672 1055 1806 1104 non
1866 1033 2032 1098 levia
2089 1054 2296 1116 passa
2348 1033 2607 1116 fuerint
2661 1037 2797 1098 tam
2854 1032 2929 1097 in

614 1128 1096 1214 spiritualibus,
1145 1149 1344 1212 quam
1387 1128 1462 1195 in
1510 1129 1975 1214 temporalibus
2019 1129 2434 1210 detrimenta,
2480 1129 2659 1213 cupit
2702 1133 2930 1195 sancta

616 1227 922 1311 Synodus
981 1226 1068 1291 ad
1128 1247 1483 1311 conqruam
1545 1226 1941 1293 monasticae
2002 1226 2173 1293 vitae
2231 1225 2645 1310 disciplinam
2709 1226 2929 1291 omnia

612 1344 929 1391 revocare.
1038 1322 1271 1389 Verum
1349 1324 1506 1390 adeo
1579 1323 1755 1389 dura
1824 1322 2239 1406 difficilisque
2314 1328 2408 1388 est
2479 1322 2931 1406 praesentium

615 1427 975 1503 temporum
1046 1417 1355 1500 conditio,
1421 1424 1497 1485 ut
1563 1440 1680 1485 nec
1742 1418 1968 1486 statim
2030 1418 2357 1497 omnibus,
2423 1440 2539 1486 nec
2599 1438 2932 1486 commune

615 1517 852 1600 ubique
900 1516 1071 1599 quod
1124 1519 1377 1599 optaret
1433 1516 1793 1583 remedium
1842 1516 2051 1600 possit
2106 1515 2420 1582 adhiberi.
2514 1518 2703 1583 Hisce
2758 1539 2933 1601 prac-

613 1615 877 1681 structis
923 1614 1305 1680 Pontificem
1358 1614 1737 1698 interpellat
1781 1614 2167 1689 Concilium,
2230 1619 2302 1677 ut
2357 1619 2536 1679 curet
2587 1616 2657 1679 in
2701 1635 2931 1679 coeno-

617 1713 737 1777 biis
775 1715 913 1798 jam
949 1710 1410 1777 commendatis
1455 1712 1817 1795 regularem
1857 1734 2062 1776 unum
2105 1713 2246 1794 ejus
2283 1709 2541 1775 Ordinis
2586 1711 2932 1795 designari,

613 1811 726 1895 qui
793 1830 1012 1874 eorum
1081 1809 1324 1892 praesit
1383 1807 1961 1884 administrationi,
2032 1814 2100 1871 et
2161 1809 2231 1871 in
2292 1807 2370 1871 iis
2434 1829 2600 1891 quae
2663 1806 2933 1892 posthac

617 1906 1016 1982 vacaverint,
1071 1927 1154 1969 ne
1203 1905 1502 1969 nominet
1548 1903 1853 1968 Pontifex
1909 1904 2035 1968 nisi
2094 1904 2420 1989 regulares
2474 1903 2810 1987 peritiores
2863 1912 2932 1967 et

614 2024 889 2087 quorum
947 2002 1080 2066 vita
1140 2002 1560 2066 monasticam
1624 2000 1913 2065 redoleat
1969 2001 2299 2085 spiratque
2360 1997 2930 2079 sanctimoniam.¹)

612 2098 953 2183 Impedivit
1021 2103 1236 2162 autem
1303 2097 1465 2162 dura
1531 2099 1646 2162 illa
1714 2102 1779 2161 et
1847 2098 2127 2163 difficilis
2200 2105 2562 2181 temporum
2629 2096 2930 2175 conditiO,

615 2204 689 2261 ut
734 2196 929 2260 etiam
976 2202 1202 2278 postea
1245 2194 1658 2259 commendas
1705 2201 2050 2277 cessarent,
2094 2194 2386 2278 quamvis
2435 2191 2712 2259 Romani
2763 2192 2932 2258 Pon-

613 2294 817 2358 tifices
862 2297 930 2355 et
962 2290 1250 2356 Consilia
1295 2290 1712 2374 particularia
1758 2291 1822 2355 id
1860 2294 2304 2374 percuperent.
2374 2289 2712 2355 Interdum
2762 2313 2934 2356 com-

613 2389 1088 2455 mendabantur
1138 2387 1561 2464 monasteria,
1619 2409 1703 2451 ne
1757 2388 1838 2451 ab
1895 2387 2231 2452 haereticis
2289 2388 2581 2470 occupari
2638 2395 2928 2473 possent;

612 2487 722 2552 sed
771 2485 1045 2550 maxime
1090 2504 1273 2569 reges
1330 2488 1396 2548 et
1449 2483 1770 2568 principes
1820 2484 2281 2567 impedimento
2328 2482 2624 2560 fuerunt,
2679 2486 2933 2568 quomi-

613 2605 737 2649 nus
784 2604 933 2647 usus
977 2582 1089 2646 ille
1136 2581 1532 2655 aboleretur,
1590 2603 1789 2664 quum
1836 2580 1918 2645 ob
1965 2602 2181 2645 eorum
2230 2581 2637 2664 importunas
2682 2580 2933 2646 inst-an-

612 2682 738 2745 tias
778 2678 1039 2743 difficile
1095 2684 1263 2741 esset
1311 2677 1714 2742 commendas
1771 2677 2115 2761 denegare.
2207 2676 2445 2741 Nostro
2501 2681 2721 2742 tamen
2765 2685 2929 2744 tem-

614 2796 764 2861 pore
812 2775 1080 2845 mutatis
1129 2774 1346 2851 rebuS,
1408 2775 1689 2838 maxima
1748 2795 1825 2837 ex
1877 2777 2060 2856 parte
2118 2774 2531 2839 commendas
2578 2783 2934 2852 cessarunt,

613 2892 894 2955 ususque
969 2891 1184 2934 earum
1263 2869 1343 2934 ad
1415 2870 1756 2954 antiquam
1824 2871 2206 2935 severiorem
2276 2870 2678 2953 disciplinam
2742 2871 2930 2936 redu·

612 2980 755 3033 ctus
803 2971 919 3031 est.

790 3124 892 3188 89.
959 3123 1313 3209 Postquam
1379 3124 1789 3207 exposuimus
1851 3145 1952 3188 res
2012 3128 2078 3188 et
2138 3124 2405 3208 negotia
2468 3124 2728 3207 majoris
2799 3147 2931 3189 mo·

615 3221 845 3296 menti,
914 3242 1079 3305 quae
1142 3227 1433 3304 tempore
1499 3218 1886 3285 Pontificum
1947 3220 2496 3285 Avenionensium
2560 3220 2932 3285 acciderunt

615 3325 681 3384 et
748 3319 819 3382 in
885 3322 1128 3382 statum
1195 3316 1515 3381 Ecclesiae
1586 3315 1903 3381 influxum
1974 3318 2278 3401 majorem
2349 3337 2723 3394 exercuere,
2790 3319 2931 3400 jam

615 3415 789 3479 illius
857 3414 1089 3478 aetatis
1154 3434 1226 3476 ac
1297 3412 1623 3476 societatis
1686 3411 2071 3477 christianae
2140 3412 2347 3478 ideam
2415 3413 2784 3497 generalem
2854 3435 2931 3477 ex

616 3512 803 3576 dictis
851 3510 1184 3592 concipere
1233 3529 1501 3591 pronum
1560 3515 1684 3573 est.
1775 3508 1900 3574 Pro
1956 3508 2366 3573 conclusione
2423 3512 2640 3572 autem
2698 3510 2936 3573 iterum

616 3609 917 3693 colligere
974 3605 1234 3689 juvabit
1298 3605 1514 3687 paucis
1580 3605 2010 3681 incommoda,
2074 3626 2239 3688 quae
2304 3626 2380 3668 ex
2437 3607 2938 3685 commoratione

308 3716 579 3789 Detrinffenta
615 3704 1001 3769 Pontificum
1059 3702 1125 3765 in
1177 3700 1389 3766 Gallia
1438 3706 1664 3765 exorta
1727 3708 1901 3766 sunt.
1961 3737 2047 3746 —
2114 3698 2180 3762 1⁰
2225 3700 2572 3766 Pontifices
2627 3702 2724 3764 illi
2782 3700 2936 3766 Gal-

369 3790 506 3821 vana.
545 3816 584 3881 -g
615 3803 741 3867 liae
788 3799 1048 3883 regibus
1095 3798 1239 3882 plus
1280 3798 1572 3870 minusve
1618 3798 1916 3862 obstricti
1964 3804 2159 3880 atque
2205 3797 2285 3861 ab
2342 3797 2431 3860 eis
2479 3796 2937 3880 dependenteS,

579 3884 751 3962 'non
797 3919 871 3961 ea
918 3918 1045 3980 qua
1091 3895 1203 3958 alii
1251 3893 1494 3958 Romae
1543 3893 1926 3969 residentes,
1974 3894 2276 3957 libertate
2324 3897 2389 3956 et
2431 3893 2938 3976 independentia

800 4139 836 4193 ¹)
876 4138 1018 4191 Sess,
1058 4134 1227 4189 XXV.
1269 4151 1313 4189 c.
1352 4137 1436 4189 22.
1475 4135 1558 4189 De
1597 4135 1960 4203 regularibus
