3281 5014
358 571 415 613 H.
443 569 630 614 Savona-

436 634 544 678 rola.

670 417 777 468 470
1105 413 1358 467 XXXVI.
1398 413 1480 467 De
1518 416 1670 468 statu
1707 413 1992 469 Ecclesiae
2030 413 2191 468 initio
2230 430 2370 468 saec.
2407 414 2556 468 XVI.

671 556 818 620 dum
898 560 1238 632 curarent,
1336 553 1882 636 Florentinaeque
1960 555 2347 638 reipublicae
2437 557 2875 640 gubernacula
2943 580 2980 621 a

670 652 945 738 partium
991 655 1247 715 suarum
1292 650 1720 715 sectatoribus
1776 650 1888 733 qui
1932 651 2023 734 pii
2067 651 2457 716 videbantur
2502 653 2784 737 regenda
2829 653 2982 718 affe·

669 754 903 826 ctaret,
967 749 1049 811 ab
1108 747 1487 812 adversariis
1552 768 1710 830 quos
1763 746 2093 830 depressos
2155 749 2457 830 cupiebat
2520 751 2832 834 supplicio
2891 751 2979 814 af·

669 847 869 911 fectus
945 849 1076 925 est,
1147 866 1347 928 quum
1419 844 1490 908 in
1557 865 1806 908 carcere
1882 844 2090 908 fassus
2129 849 2353 927 esset,
2437 846 2740 912 vaticinia
2816 869 2980 931 quae

668 942 1097 1026 propalasset,
1163 941 1397 1024 partim
1462 962 1540 1004 ex
1605 940 1828 1004 sacris·
1862 941 2134 1004 oraculis
2195 941 2521 1017 elicuisse,
2588 943 2821 1025 partim
2881 965 2981 1006 sa-

667 1039 949 1123 gacitate.
1020 1037 1255 1102 mentis
1318 1037 1677 1119 collegisse,
1743 1037 2047 1100 coelestia
2109 1037 2246 1101 visa
2310 1039 2433 1102 sibi
2496 1039 2687 1123 objici
2741 1041 2980 1103 confin-

669 1137 836 1201 xisse
894 1135 973 1198 ad
1030 1133 1413 1217 captandam
1459 1133 1731 1216 famam,
1790 1138 1931 1197 tum
1975 1133 2270 1217 ingentia
2324 1134 2436 1199 illa
2481 1136 2740 1219 pietatis
2790 1158 2981 1219 opera

668 1233 765 1296 uti
832 1231 908 1296 de
975 1229 1428 1314 congreganda
1488 1228 1746 1313 Synodo
1810 1231 2218 1294 oecumenica
2289 1253 2405 1315 pro
2479 1232 2760 1298 moribus
2829 1233 2981 1296 cleri

667 1328 1016 1413 populique
1073 1326 1526 1411 perpoliendis,
1591 1327 1983 1391 conficiendo
2029 1348 2209 1391 sacro
2257 1328 2454 1407 bello,
2513 1328 2809 1414 augenda
2856 1330 2981 1412 pie·

667 1431 831 1502 tate,
909 1424 988 1487 ad
1063 1423 1419 1507 improbum
1493 1423 1719 1503 finem,
1792 1445 2020 1507 nempe
2096 1424 2172 1487 ad
2244 1425 2634 1490 mundanam
2711 1427 2981 1510 gloriam

669 1519 1128 1605 assequendam
1191 1519 1517 1584 direxisse.
1615 1517 1848 1603 Inique
1918 1525 2137 1584 tamen
2201 1523 2408 1604 ipsum
2475 1543 2845 1606 oppressum
2901 1522 2983 1585 ab

670 1619 963 1696 aemulis,
1015 1622 1082 1681 et
1126 1617 1418 1700 quamvis
1464 1616 1623 1680 haec
1670 1616 1745 1680 de
1791 1638 1858 1680 se
1904 1616 2110 1681 fassus
2160 1619 2273 1696 sit,
2325 1622 2791 1683 tormentorum
2840 1641 2981 1683 sae-

668 1716 865 1779 vitiae
926 1713 1360 1791 succubuisse,
1432 1714 1569 1797 ejus
1631 1713 1899 1778 studiosi
1969 1715 2248 1780 voluere.
2362 1714 2589 1779 Virum
2658 1716 2840 1779 illum
2914 1716 2983 1780 in

670 1834 803 1876 non
861 1811 1082 1895 paucis
1146 1831 1439 1894 peccasse
1497 1831 1724 1895 graves
1790 1810 2197 1875 contendunt
2260 1816 2578 1886 auctoreS‚
2650 1833 2846 1896 seque
2914 1813 2982 1876 in

668 1908 1019 1992 impietatis
1077 1928 1270 1991 grave
1327 1906 1668 1971 discrimen
1715 1908 2092 1991 conjecisse,
2151 1909 2402 1992 pavisse
2460 1909 2739 1972 curiosos
2784 1910 2984 1992 impo-

670 2005 861 2069 storis
903 2004 1116 2068 instar
1157 2003 1373 2079 fallaci
1421 2003 1856 2087 prodigiorum
1901 2024 2040 2087 spe,
2083 2004 2250 2068 unde
2299 2026 2532 2069 arcano
2583 2004 2702 2069 Dei
2743 2005 2985 2089 judicio

668 2100 970 2178 flammiS,
1030 2121 1189 2184 quas
1243 2122 1280 2163 a
1334 2100 1463 2164 suis
1510 2100 1710 2164 veluti
1756 2121 1930 2164 rosas
1986 2101 2247 2183 impune
2294 2101 2626 2166 calcandas
2669 2102 2982 2185 jactabat,

673 2202 936 2262 exustus
978 2197 1304 2281 perierit.“

849 2296 951 2357 82.
1034 2293 1352 2372 „Discissa
1429 2296 1567 2356 erat
1635 2295 1793 2355 tunc
1861 2293 2199 2357 contrariis
2275 2293 2520 2358 duabus
2596 2295 2985 2360 factionibus

672 2390 1053 2455 Florentina
1118 2389 1499 2472 respublica.
1614 2389 1808 2468 Pars,
1896 2411 2061 2472 quae
2114 2389 2584 2473 Hieronymum
2640 2396 2710 2456 ut
2772 2400 2986 2456 vatem

670 2488 954 2564 colebat,
1032 2485 1243 2553 Caroli
1312 2485 1707 2551 Francorum
1783 2486 1951 2571 regis
2027 2488 2506 2571 exspectatione
2575 2488 2987 2555 sustentaba-

671 2591 807 2663 tur,
872 2582 1057 2648 Pisas
1116 2582 1350 2667 quibus
1411 2583 1830 2666 potiebantur
1888 2582 2126 2648 Veneti
2191 2585 2475 2668 aliasque
2537 2586 2724 2649 urbes
2784 2586 2984 2650 credi-

673 2688 773 2745 tas
823 2679 1053 2745 Carolo
1115 2701 1494 2763 recuperare
1556 2680 1728 2744 illius
1788 2679 2197 2745 adventantis
2258 2702 2377 2764 ope
2443 2682 2774 2766 sperabat3
2839 2704 2985 2765 pars

671 2800 822 2842 vero
897 2776 1162 2841 adversa
1233 2776 1565 2843 Pontificis
1638 2796 1710 2839 ac
1775 2775 2276 2842 Mediolanensis
2339 2776 2703 2864 Venetique
2773 2778 2986 2867 foede·

671 2879 959 2941 ratorum
989 2874 1362 2939 societatem
1396 2872 1903 2957 amplectendam
1951 2874 2280 2938 suadebat.
2346 2873 2529 2940 Inter
2573 2897 2738 2959 quae
2785 2898 2982 2960 quum

674 2972 1110 3053 Hieronymus
1166 2970 1500 3054 pontificia
1563 2970 2022 3054 Romanaeque
2077 2972 2289 3035 curiae
2350 2972 2508 3036 vitia
2569 2974 2798 3038 acerbe
2856 2995 2986 3038 car·

673 3070 941 3152 psisset,
1019 3067 1462 3151 solemnesque
1532 3068 1973 3150 episcoporum
2042 3071 2261 3132 coetus
2327 3068 2670 3151 cogendos,
2741 3073 2816 3133 ut
2886 3074 2986 3133 tot

674 3166 857 3228 malis
928 3163 1152 3227 modus
1230 3168 1611 3247 poneretur,
1693 3162 2150 3239 contenderet,
2222 3166 2291 3227 in
2367 3164 2607 3229 crimen
2684 3165 2981 3230 factionis

672 3282 877 3325 novae
951 3260 1309 3324 concitatae
1376 3265 1837 3344 suspectaeque
1901 3259 2232 3324 doctrinae
2290 3261 2369 3324 ab
2431 3260 2812 3326 adversariis
2872 3261 2981 3325 ad-

669 3356 899 3423 ductus
967 3361 1083 3423 est.
1201 3357 1410 3433 Quare
1470 3357 1552 3420 ab
1615 3356 1987 3421 Alexandro
2053 3357 2530 3422 concionatorio
2603 3358 2983 3423 interdictus

671 3459 770 3520 est
833 3476 1135 3532 munere,
1211 3475 1483 3537 cumque
1564 3454 1897 3537 aliquanto
1964 3457 2252 3537 tempore
2330 3455 2683 3538 paruisset,
2758 3477 2979 3519 verum

672 3552 903 3618 exinde
977 3551 1214 3616 famam
1293 3552 1683 3616 obsolescere
1756 3572 1949 3634 seque
2029 3550 2270 3633 injuste
2345 3552 2621 3634 opprimi
2697 3557 2982 3636 putaret,

670 3650 1069 3735 pontificium
1138 3647 1550 3713 interdictum
1627 3651 1850 3712 contra
1917 3648 2090 3731 leges
2160 3648 2359 3712 latum
2435 3649 2648 3731 palam
2716 3655 2979 3714 conten-

671 3749 793 3824 dit,
856 3749 1245 3811 sectatorum
1300 3767 1562 3810 suorum
1624 3744 1981 3828 patrocinio
2032 3745 2254 3808 fretus.
2347 3744 2512 3808 Tum
2566 3767 2718 3811 vero
2777 3745 2983 3829 magis

670 3845 989 3928 collapsae
1058 3843 1232 3906 illius
1305 3864 1406 3918 res
1475 3846 1826 3925 auctusque
1893 3841 2393 3905 adversariorum
2468 3864 2800 3921 numeruS,
2869 3842 2982 3925 qui

628 3975 632 3979 ⁴
670 3942 855 4007 illum
901 3946 1213 4023 tanquam
1261 3943 1699 4003 contumacem
1749 3937 2077 4018 Pontifici,
2132 3943 2198 4001 et
2247 3960 2495 4002 summo
2544 3937 2805 4003 Ordinis
2851 3938 2982 4002 Do·

672 4038 979 4103 minicani
1044 4034 1357 4118 Magistro
1427 4034 1726 4099 rebellem
1798 4035 2129 4100 traducere
2198 4038 2579 4118 coeperunt,
2648 4036 2986 4119 praecipue

667 4135 746 4217 ii,
825 4134 1057 4217 quibus
1130 4131 1312 4197 Sedis
1376 4132 1783 4215 Apostolicae
1854 4154 2088 4196 nomen
2160 4134 2636 4195 sacrosanctum
2704 4138 2872 4213 erat,
2945 4154 2987 4196 a
