3281 5014
873 374 955 428 De
994 374 1228 429 decretis
1265 374 1533 429 Sessionis
1573 383 1800 443 quartae
1838 383 1896 430 et
1931 376 2171 444 quintae.
2575 380 2679 431 317

368 516 436 578 in
487 537 613 598 qua
661 517 1018 592 asserebat,
1077 514 1328 580 licitum
1383 537 1515 581 non
1577 536 1711 581 esse
1765 516 2092 598 appellare
2142 537 2183 581 a
2224 538 2524 600 supremo
2567 517 2682 600 ju-

368 608 534 689 dice,
603 608 844 675 scilicet
908 631 949 675 a
1012 611 1170 676 Sede
1234 611 1636 699 Apostolica,
1703 617 1822 677 aut
1883 633 1925 678 a
1982 613 2285 679 Romano
2346 612 2681 694 Pontifice,

382 705 639 770 Vicario
699 706 860 771 Jesu
925 705 1189 774 Christi
1247 706 1322 772 in
1376 708 1600 787 terris,
1660 729 1865 790 neque
1927 709 2252 774 declinare
2311 709 2451 792 ejus
2497 710 2683 792 judi-

368 801 540 867 cium
605 801 679 867 in
734 803 951 868 causis
1004 803 1181 884 fidei,
1243 824 1408 886 quae
1465 825 1667 885 qaum
1722 805 1857 870 sint
1910 826 1992 870 ex
2046 806 2263 872 causis
2325 805 2685 888 majoribus

367 898 594 964 debent
654 900 741 964 ad
796 920 942 965 eum
996 900 1257 983 deferri.
1348 902 1525 967 Haec
1582 908 1728 967 acta
1780 908 1938 967 sunt
1994 904 2064 968 in
2122 908 2465 986 conspectu
2516 903 2682 968 Con-

366 998 528 1072 cilii,
584 997 754 1081 quod
812 999 931 1062 tali
990 999 1421 1064 declaratione
1473 1000 1626 1079 jura
1686 1022 1803 1063 sua
1853 1000 2020 1064 laedi
2074 1022 2210 1065 non
2264 1000 2684 1064 existimavit.

370 1092 630 1157 Exarsit
699 1098 919 1158 tamen
986 1096 1403 1159 cancellarius
1466 1093 1846 1172 Gersonius,
1923 1098 2031 1181 qui
2101 1097 2408 1179 scriptum
2475 1096 2680 1180 publi·

367 1190 567 1264 cavit,
624 1190 695 1253 111
741 1212 869 1274 quo
912 1192 1374 1274 quaerebatur:
1442 1192 1810 1270 „Quomodo
1870 1197 1936 1256 et
1982 1214 2066 1257 an
2114 1193 2308 1257 liceat
2363 1193 2684 1276 appellare

366 1308 404 1348 a
463 1285 707 1370 judicio
774 1285 1050 1369 Papae.“
1168 1286 1240 1350 Id
1309 1287 1564 1371 quidem
1636 1289 2038 1373 argumentis
2106 1288 2403 1352 invalidis
2471 1293 2684 1353 osten-

367 1381 516 1445 dere
579 1383 841 1461 nititur,
911 1383 1021 1447 sed
1088 1384 1333 1448 nullam
1399 1384 1559 1448 facit
1617 1385 2016 1450 mentionem
2082 1385 2479 1449 decretorum
2537 1385 2683 1450 illo-

365 1500 541 1556 rum,
605 1500 770 1561 quae
834 1484 1005 1544 certe
1072 1481 1507 1545 firmissimum
1572 1487 2026 1565 argumentum
2091 1482 2567 1564 praebuissent,
2629 1482 2683 1545 si

367 1575 714 1639 universim
763 1576 841 1640 de
887 1579 1341 1660 superioritate
1387 1576 1818 1642 Conciliorum
1873 1579 2268 1662 generalium
2320 1599 2514 1660 supra
2561 1577 2680 1642 Pa·

364 1694 513 1755 pam
573 1672 796 1737 iisdem
862 1679 1183 1757 ageretur.
1294 1674 1458 1738 Tum
1523 1696 1602 1737 ex
1665 1673 1788 1738 1100
1844 1674 2130 1750 silentiO,
2194 1679 2334 1737 tum
2401 1695 2480 1737 ex
2544 1675 2685 1757 ipso

367 1769 565 1844 facto,
624 1769 793 1852 quod
853 1769 1173 1835 Martinus
1215 1771 1297 1836 V.
1358 1776 1649 1854 tempore
1704 1772 1902 1855 ipsius
1961 1769 2205 1854 Synodi
2261 1770 2458 1835 edidit
2516 1772 2685 1856 ejus·

367 1864 533 1928 modi
582 1864 873 1939 Bullam‚
929 1867 1288 1951 colligitur,
1345 1868 1600 1933 decreta
1653 1867 1767 1931 illa
1813 1889 2007 1933 sensu
2064 1868 2349 1952 generali
2404 1867 2486 1931 ab
2530 1868 2684 1950 ipsis

366 1961 971 2026 Constantiensibus
1018 1963 1189 2026 haud
1234 1963 1432 2026 fuisse
1477 1962 1830 2028 intellecta.

543 2058 645 2122 38.
710 2058 872 2134 Quid
936 2058 1013 2123 de
1080 2082 1272 2124 sensu
1335 2060 1741 2123 decretorum
1802 2058 2396 2124 Constantiensium
2462 2060 2680 2123 existi·
2713 2054 3009 2166 Εῗθὲζξῧξῑῇ.

368 2155 637 2217 maverit
698 2153 1028 2239 Eugenius
1074 2153 1245 2234 IV.,-
1287 2177 1365 2218 ex
1427 2155 1527 2219 his
1593 2156 1727 2219 erui
1792 2159 2027 2238 potest.
2136 2154 2477 2220 Publicata
2539 2155 2679 2219 fue·

364 2258 517 2314 rant
563 2275 600 2315 a
648 2250 935 2316 Concilio
979 2251 1336 2317 Basileensi
1393 2274 1568 2316 anno
1621 2252 1819 2330 1439,
1877 2253 1945 2315 in
2009 2253 2293 2316 sessione
2349 2252 2682 2335 trigesima

365 2349 589 2422 tertia,
659 2348 787 2412 tria
855 2348 1011 2413 haec
1080 2350 1361 2414 decreta:
1436 2344 1504 2412 1⁰
1544 2347 1802 2412 Veritas
1871 2347 1950 2411 de
2018 2352 2342 2430 potestate
2412 2347 2682 2413 Concilii

363 2444 684 2529 generalis
743 2466 936 2529 supra
985 2444 1256 2530 Papam,
1320 2445 1643 2510 declarata
1704 2466 1815 2528 per
1862 2442 2366 2510 Constantiense
2430 2450 2495 2509 et
2550 2444 2683 2511 Ba-

363 2542 637 2606 sileense
680 2545 1008 2626 generalia
1041 2543 1343 2619 Concilia,
1393 2547 1490 2606 est
1538 2543 1775 2606 veritas
1807 2541 1956 2606 fidei
2002 2540 2373 2607 catholicae.
2451 2541 2524 2604 2⁰
2551 2541 2681 2607 Ve-

364 2639 521 2702 ritas
588 2639 774 2714 haec,
843 2640 1015 2724 quod
1081 2638 1261 2721 Papa
1328 2638 1686 2704 Concilium
1751 2639 2055 2723 generale
2117 2639 2259 2703 sine
2327 2641 2464 2723 ejus
2527 2660 2681 2703 con·

363 2757 557 2799 sensu
605 2737 975 2801 nullatenus
1032 2736 1482 2800 auctoritative
1527 2740 1747 2819 potest
1790 2735 2163 2820 dissolvere,
2220 2740 2336 2800 aut
2381 2737 2462 2800 ad
2509 2734 2682 2799 aliud

362 2841 618 2915 tempus
687 2854 1064 2917 prorogare,
1141 2838 1255 2898 aut
1328 2833 1405 2897 de
1480 2834 1617 2897 1000
1688 2832 1768 2896 ad
1833 2833 2042 2897 locum
2116 2833 2507 2910 transferre,
2585 2836 2684 2896 est

362 2929 508 2994 fidei
575 2928 944 2993 catholicae.
1054 2928 1123 2992 3⁰
1169 2928 1576 2994 Veritatibus
1634 2928 1736 2992 his
1796 2929 2043 2992 duabus
2104 2929 2523 3012 pertinaciter
2582 2951 2678 2993 re·

364 3047 661 3110 pugnans
720 3030 819 3089 est
877 3025 1229 3090 censendus
1292 3026 1670 3090 haereticus.
1734 3060 1821 3072 ——
1882 3026 2197 3102 Quoniam
2264 3047 2415 3089 vero
2477 3024 2683 3108 Euge·

364 3125 510 3186 nius
584 3122 699 3186 has
768 3123 1237 3205 propositiones
1314 3128 1612 3207 negaret,
1689 3122 1969 3186 sessione
2046 3122 2379 3206 trigesima
2455 3126 2686 3205 quarta

361 3219 724 3285 haereticus
788 3219 1152 3285 declaratus
1214 3225 1312 3284 est
1370 3223 1435 3282 et
1488 3220 1627 3284 loco
1676 3224 1921 3300 motus;
1990 3240 2180 3302 quam
2236 3219 2571 3304 illegitime
2620 3224 2684 3283 et

363 3338 553 3400 quam
625 3316 845 3399 impie,
915 3338 1105 3381 nemo
1174 3315 1568 3381 orthodoxus
1636 3337 1767 3379 non
1831 3316 2095 3380 sentiet.
2205 3317 2295 3379 At
2358 3337 2510 3379 vero
2570 3316 2683 3379 illa

363 3414 616 3478 decreta
671 3411 1071 3477 Basileensia
1128 3414 1195 3476 in
1245 3410 1507 3495 synodo
1565 3413 1975 3476 oecumenica
2029 3410 2440 3489 Florentina,
2500 3434 2683 3476 sacro

363 3510 759 3594 approbante
824 3509 1140 3586 Concili0,
1205 3509 1539 3593 Eugenius
1600 3508 1716 3573 IV.
1782 3508 2115 3572 damnavit
2174 3530 2287 3590 per
2348 3507 2682 3572 Constitu·

364 3607 607 3671 tionem
662 3605 921 3687 Moyses
976 3606 1076 3670 his
1134 3606 1370 3670 verbis:
1438 3602 1633 3686 Ipsas
1684 3603 2161 3686 propositiones
2215 3602 2519 3686 superius
2578 3602 2682 3666 de-

361 3699 642 3783 scriptas
702 3699 910 3783 juxta
978 3721 1266 3784 pravum
1340 3699 1633 3783 ipsorum
1706 3699 2191 3765 Basileensium
2266 3699 2680 3780 intellectum,

363 3818 548 3880 quem
607 3797 790 3879 facta
850 3797 1328 3876 demonstrant,
1392 3796 1596 3861 veluti
1659 3800 2112 3862 sacrosanctae
2177 3795 2560 3880 Scripturae
2621 3801 2684 3861 et

363 3893 756 3959 Sanctorum
811 3893 1093 3958 Patrum
1152 3897 1213 3957 et
1266 3892 1480 3975 ipsius
1540 3891 2057 3958 Constantiensis
2118 3892 2394 3959 Concilii
2458 3893 2682 3960 sensui

362 3990 802 4069 contrarium,
880 4011 1126 4056 necnon
1198 3989 1576 4072 praefatam
1649 3993 1965 4055 assertam
2034 3990 2498 4056 declarationis
2568 4010 2680 4055 seu

350 4087 755 4170 privationis
812 4088 1228 4165 sententiam,
1288 4136 1301 4149 .
1351 4137 1363 4149 .
1413 4137 1425 4150 .
1481 4091 1797 4169 tanquam
1852 4086 2095 4169 impias
2149 4092 2210 4151 et
2267 4086 2683 4152 scandalosas
