3281 5014
1382 437 1569 492 Index.
2524 438 2628 489 477

2526 575 2627 627 Pag.

961 625 1360 685 Dissertatio
1396 625 1741 699 trigesima
1775 623 1993 683 tertia.

920 719 1000 785 De
1051 735 1267 800 magno
1309 717 1654 782 occidentis
1701 716 2053 782 schismate.
2529 734 2634 786 235

371 831 415 884 Ι.
453 831 537 885 De
574 831 843 886 electione
881 831 1089 885 Urbani
1117 831 1214 886 VI.
1253 835 1310 886 et
1346 837 1471 884 ortu
1510 828 1826 883 schismatis
1931 871 1942 881 .
2407 868 2420 881 .
2530 829 2634 881 238

343 909 419 963 Π.
457 909 541 963 De
580 910 893 969 schismatis
932 909 1284 966 incrementis
2406 947 2419 959 .
2529 907 2634 960 259

319 989 425 1042 III.
463 989 545 1043 De
584 989 828 1044 Concilio
866 990 1070 1044 Pisano
1144 1032 1155 1043 .
2409 1026 2421 1040 .
2529 988 2634 1038 274

946 1247 1345 1307 Dissertatio
1382 1246 1730 1321 trigesima
1764 1252 2020 1321 quarta.

1023 1341 1104 1405 De
1150 1341 1416 1407 concilio
1459 1339 1930 1405 constantiensi.
2533 1354 2639 1406 286

377 1451 424 1507 Ι.
460 1452 542 1506 De
581 1453 950 1508 exstinctione
989 1452 1301 1507 schismatis
1622 1494 1634 1506 .
1780 1493 1792 1506 .
2412 1489 2425 1503 .
2533 1451 2637 1502 289

349 1531 424 1584 II.
462 1531 544 1585 De
583 1532 818 1586 decretis
858 1532 1128 1586 Sessionis
1165 1537 1392 1599 quartae
1429 1537 1486 1585 et
1524 1531 1747 1600 quintae
2097 1570 2108 1583 .
2413 1569 2425 1582 .
2535 1529 2638 1581 303

324 1609 427 1663 ΠΙ.
465 1609 547 1663 De
585 1610 1037 1666 condemnatione
1073 1610 1306 1665 Joannis
1344 1610 1540 1665 Hussii
1576 1626 1927 1677 errorumque
1964 1610 2137 1677 ipsius
2417 1648 2428 1661 .
2537 1608 2641 1660 319

950 1868 1349 1930 Dissertatio
1383 1869 1730 1944 trigesima
1765 1868 2012 1941 quinta.

636 1962 717 2027 De
764 1960 1024 2027 concilio
1068 1962 1403 2029 Basileensi
1452 1978 1529 2027 ac
1576 1963 1651 2028 de
1698 1961 1933 2044 synodo
1984 1961 2343 2027 florentina.
2539 1978 2642 2030 339

381 2073 426 2126 Ι.
464 2073 548 2128 De
585 2074 828 2129 Concilio
866 2075 1176 2130 Basileensi
2417 2114 2428 2126 .
2537 2075 2643 2126 340

354 2152 430 2205 ΙΙ.
470 2152 552 2207 De
590 2152 804 2219 Synodo
843 2153 1164 2209 Florentina
2415 2192 2428 2205 .
2538 2154 2642 2206 369

969 2411 1370 2472 Dissertatio
1405 2410 1753 2486 trigesima
1789 2419 1996 2470 sexta.

534 2504 615 2571 De
662 2505 829 2571 siaiu
880 2505 1192 2572 Ecclesiae
1239 2504 1316 2570 ad
1362 2506 1540 2571 finem
1585 2504 1871 2587 vergente
1918 2504 2167 2569 saeculo
2209 2502 2319 2570 XV.
2369 2504 2432 2570 ei

1122 2602 1368 2668 ineunte
1412 2603 1665 2678 saeculo
1712 2600 1849 2666 ΧνΙ.
2537 2618 2644 2669 400

385 2713 429 2765 Ι.
466 2711 549 2767 De
587 2713 848 2767 Romanis
886 2713 1242 2767 Pontificibus
1312 2754 1324 2767 .
2418 2753 2430 2765 .
2538 2714 2641 2765 401

356 2792 430 2845 ΙΙ.
469 2791 551 2845 De
590 2791 830 2850 Concilio
866 2792 1228 2848 Lateranensi
1253 2794 1320 2846 V
1473 2834 1485 2846 .
1630 2832 1642 2844 .
2418 2831 2432 2845 .
2538 2792 2644 2844 452

334 2870 438 2924 ΠΙ.
476 2870 560 2924 De
597 2870 775 2923 causis
825 2871 1155 2939 praecipuiS,
1205 2872 1397 2940 quibus
1442 2876 1769 2939 praeparata
1814 2870 1921 2923 fuit
1968 2869 2204 2924 defectio
2242 2870 2434 2924 Prote-

479 2950 740 3003 Stantium
832 2992 845 3003 .
2419 2990 2432 3003 .
2541 2951 2646 3002 463

477 3029 649 3084 Index
998 3070 1010 3082 .
1083 3099 1084 3102 Ἰ
1152 3070 1164 3083 .
2420 3069 2432 3081 .
2541 3030 2647 3081 476

477 3109 652 3164 Index
689 3109 1066 3176 alphabeticus
1105 3125 1281 3163 rerum
2422 3148 2434 3160 .
2518 3110 2646 3160 -478

1280 3557 1707 3611 *Um*—
