3281 5014
1139 432 1455 501 Suppressio
1491 391 1727 488 Ordinis.
2480 432 2583 485 113

260 578 354 642 tis
397 578 680 641 animum
736 576 806 640 in
852 573 971 639 hoe
1017 576 1281 659 negotio
1327 575 1741 640 vehementer
1799 578 2041 639 motum
2089 570 2367 653 fuisse.¹)
2457 571 2582 638 Sed

250 675 395 759 jam
455 674 829 758 frequenter
887 670 951 734 id
1013 693 1126 735 rex
1187 672 1658 756 postulaverat,
1728 692 1849 735 nee
1916 692 2032 755 per
2087 670 2300 754 copias
2361 691 2582 735 revera

265 773 558 836 timorem
608 770 905 851 injecisse
949 768 1232 842 videtur,
1281 790 1477 853 quum
1525 766 1772 832 dicatur
1809 773 2065 832 tantum
2114 768 2367 831 venisse
2409 763 2581 830 mul-

260 870 486 931 torum
531 864 990 929 Praelatorum
1004 912 1019 941 ,
1078 863 1417 929 Nobilium
1472 882 1549 928 ac
1592 864 1989 946 Maqnatum
2044 862 2267 927 decens
2321 862 2583 946 pariter

259 981 345 1027 ac
390 965 625 1044 potens
680 958 1059 1045 comitiva.²)
1166 961 1378 1027 Metus
1437 962 1709 1047 alicujus
1769 960 2020 1025 nullum
2080 962 2422 1046 vestigium
2485 960 2581 1025 in·

266 1060 557 1134 venitur;
616 1061 903 1124 rationes
958 1081 1107 1123 vero
1160 1059 1566 1143 gravissimas
1621 1058 1991 1124 abolitionis
2050 1058 2119 1121 in
2164 1055 2359 1121 Bulla
2413 1057 2581 1121 clare

268 1155 579 1220 Pontifex
628 1156 914 1238 exponit.

445 1306 549 1368 30.
620 1303 856 1368 Secuta
918 1309 1015 1368 est
1075 1304 1135 1370 d.
1192 1304 1251 1370 d.
1309 1304 1381 1367 2⁰
1426 1303 1581 1387 Maji
1639 1303 1767 1368 alia
1824 1303 2015 1368 Bulla
2070 1300 2177 1366 Ad
2212 1300 2577 1384 providam,
2690 1307 2821 1384 Ball}

260 1424 396 1487 qua
441 1402 610 1465 bona
659 1398 917 1465 Ordinis
963 1399 1215 1486 Templi
1266 1401 1336 1465 in
1393 1401 1742 1465 utilitatem
1789 1397 2023 1465 Terrae
2073 1409 2334 1464 sanetae
2381 1397 2578 1483 Equi·
2599 1375 2664 1412 Μ
2688 1375 2912 1423 prov-am.

261 1499 442 1564 tibus
489 1495 554 1562 S.
603 1495 877 1562 Joannis
927 1498 1395 1562 attribuuntur.
1486 1497 1625 1561 Hae
1683 1496 1761 1561 de
1818 1519 1886 1560 re
1935 1494 2329 1580 Raynaldus:
2385 1494 2580 1573 „Non

262 1616 495 1680 parum
552 1594 791 1658 laboris
852 1601 917 1656 et
962 1594 1161 1659 studii
1218 1596 1285 1658 in
1337 1616 1414 1658 ea
1468 1594 1802 1678 pontificia
1847 1593 2174 1658 sententia
2219 1592 2584 1657 mandanda

268 1692 477 1776 operi,
544 1713 616 1755 ac
673 1689 910 1773 praeda
966 1691 1354 1774 amplissima
1415 1713 1492 1755 ex
1561 1691 2023 1775 potentiorum,
2095 1689 2204 1773 qui
2267 1689 2582 1754 avaritiae

259 1788 545 1854 stimulis
619 1786 877 1851 incitati
947 1786 1451 1870 Templariorum
1528 1788 1733 1870 spolia
1807 1788 2219 1867 invaserant,
2293 1785 2582 1851 faucibus

270 1884 600 1970 eripienda
658 1883 1035 1947 collocatum
1102 1890 1230 1961 est,
1304 1907 1503 1969 eaque
1561 1907 1901 1949 munerum
1969 1882 2303 1947 lenociniis
2363 1888 2581 1947 extor-

261 1983 456 2067 queri
516 1980 834 2064 oportuit‚
894 1980 958 2044 in
1020 1982 1249 2065 quibus
1312 1980 1652 2046 offerendis
1710 1980 2057 2045 exhaustas
2114 1979 2582 2063 Hospitalario-

268 2102 411 2144 rum
478 2100 628 2162 opes
693 2076 895 2141 refert
959 2078 1267 2161 subjectis
1340 2078 1550 2142 verbis
1616 2077 1675 2141 S.
1738 2076 2150 2143 Antoninus:
2220 2077 2381 2154 Quia
2445 2078 2579 2161 jam

265 2176 533 2240 fuerant
587 2178 896 2256 occupata
954 2195 990 2236 a
1050 2173 1315 2239 diversis
1357 2174 1632 2240 dominis
1689 2174 1893 2251 laicis,
1951 2175 2237 2258 oportuit
2281 2174 2448 2259 quod
2488 2175 2583 2238 illi

261 2272 348 2337 de
394 2270 718 2355 Hospitali
778 2290 1083 2353 magnum
1145 2272 1519 2336 thesaurum
1583 2277 1984 2354 exponerent
2042 2271 2110 2335 in
2173 2271 2385 2336 dando
2445 2271 2583 2356 regi

265 2373 342 2434 et
393 2368 566 2444 aliis,
627 2367 738 2452 qui
795 2375 1258 2450 occupaverant
1314 2367 1483 2431 dieta
1522 2367 1723 2432 bona:
1787 2368 1957 2431 unde
2012 2368 2440 2452 depauperata
2486 2370 2585 2432 est

270 2466 522 2530 mansio
554 2464 909 2552 Hospitalis
955 2486 1120 2548 quae
1151 2486 1218 2529 se
1249 2464 1664 2530 existimabat
1707 2463 1855 2529 inde
1890 2466 2266 2548 opulentam
2312 2465 2509 2530 fieri.“
2528 2459 2581 2546 ⁸)

270 2560 522 2627 Ultima
591 2564 746 2629 haee
805 2570 1022 2628 tamen
1091 2564 1184 2628 ita
1247 2561 1616 2646 accipienda
1674 2568 1855 2639 sunt,
1924 2562 2089 2646 quod
2154 2583 2228 2626 eo
2292 2566 2582 2644 tempore

271 2658 858 2744 Hospitalariorum
916 2661 986 2725 in
1033 2659 1418 2743 redimendis
1472 2659 1658 2723 bonis
1704 2656 2211 2742 Templariorum
2267 2659 2583 2723 exhausta

263 2756 357 2820 sit
402 2759 676 2840 pecunia
722 2759 1007 2842 adeoque
1066 2757 1235 2821 illius
1292 2756 1511 2839 inopia
1566 2756 1686 2839 ipsi
1732 2756 2200 2833 laboraverint3
2255 2762 2580 2820 caeterum

266 2875 422 2918 vero
490 2854 661 2919 bona
733 2854 1087 2920 immobilia
1153 2854 1576 2918 obtinuerunt
1639 2853 1868 2929 multa,
1946 2854 2040 2917 ita
2103 2857 2175 2916 ut
2237 2857 2458 2936 postea
2512 2853 2581 2916 in

266 2947 487 3014 Gallia
533 2950 695 3016 duae
734 2974 813 3016 ex
844 2952 1053 3016 tribus
1098 2950 1391 3034 partibus
1435 2951 1901 3032 possessionum
1932 2948 2240 3033 Equitum
2288 2947 2349 3012 S.
2384 2947 2583 3014 Joan-

268 3046 374 3111 nis
421 3069 499 3111 ex
546 3047 940 3113 haereditate
986 3047 1403 3131 provenirent
1446 3043 2037 3129 Templariorum.4)

452 3197 557 3259 31.
602 3194 753 3259 Alia
797 3194 1014 3270 Bulla,
1063 3192 1169 3257 Ad
1213 3190 1693 3272 certitudinem,
1751 3192 1921 3256 edita
1965 3192 2090 3257 fuit
2132 3193 2235 3258 die
2282 3191 2353 3258 6⁰
2402 3193 2581 3278 Maji‚
2690 3207 2819 3249 Bulla

266 3312 405 3375 qua
461 3291 539 3356 de
593 3293 881 3374 personis
938 3291 1445 3374 Templariorum
1501 3290 1831 3374 agebatur.
1943 3288 2087 3366 „De
2144 3291 2433 3373 personis
2490 3291 2581 3354 vi·
2597 3272 2660 3309 ’Μ
2702 3272 2908 3371 {xm

264 3387 504 3453 delicet
562 3390 654 3454 sio
707 3388 959 3453 exstitit
1013 3386 1408 3463 ordinatum,
1466 3392 1541 3450 ut
1595 3385 1977 3470 quibusdam
2033 3387 2416 3450 nominatim
2470 3409 2579 3452 ex-

270 3484 515 3567 pressis
561 3484 961 3568 dispositioni
996 3480 1177 3548 Sedis
1211 3483 1620 3565 Apostolieae
1666 3482 2027 3559 reservatis,
2078 3484 2312 3547 caeteri
2360 3506 2581 3548 omnes

452 3689 471 3720 1

453 3689 495 3835 ’ζ
533 3689 1590 3839 gfffitffiffierffioffinghiffefflqgfi⁷
1654 3769 1797 3836 apud
1852 3768 2147 3838 d’Achery,
2212 3768 2580 3839 spicilegium,

267 3849 336 3903 Τ.
375 3847 497 3993 11ξ’)
522 3850 698 3981 ling?-
725 3928 855 3983 eccl.
898 3928 1003 3982 III.
1041 3945 1092 3996 p.
1127 3928 1216 3982 tit.
1254 3930 1342 3983 21.
1379 3926 1428 3997 ἓ.
1468 3931 1510 3980 1.
1550 3958 1618 3965 -—
1653 3926 1721 3981 V.
1759 3928 2027 3995 Raynald.
2065 3929 2136 3982 ad
2172 3945 2221 3983 a.
2260 3931 2414 3982 1312.
2452 3946 2504 3983 n.
2532 3932 2582 3984 7.

455 4005 503 4077 ⁴)
541 4007 608 4061 V.
654 4007 943 4072 Boutarie,
1006 4007 1084 4060 La
1132 4006 1341 4062 Franee
1397 4022 1522 4061 sous
1576 4006 2069 4076 Philippo-le-Bel
2123 4024 2213 4076 pp.
2269 4009 2384 4062 145.
2438 4009 2581 4076 146.;

273 4086 338 4142 Β.
375 4088 708 4155 Jungmann‚
747 4086 994 4140 Clemens
1022 4085 1087 4139 V.
1125 4087 1235 4140 und
1273 4086 1361 4140 dis
1398 4085 1732 4153 Aufhebung
1766 4086 1861 4140 des
1898 4085 2380 4153 Templerordens‚
2425 4087 2583 4140 Inns-

272 4167 509 4221 brucker
545 4166 712 4221 theol.
752 4165 1091 4229 Zeitschrift‚
1129 4165 1195 4219 V.
1230 4168 1353 4219 449.
1389 4168 1511 4219 450.

2266 4252 2330 4305 8.
