3281 5014
1062 424 1144 477 De
1183 423 1545 478 exstinctione
1585 424 1914 478 schismatis,
2554 428 2658 479 299

324 562 498 644 jure
564 561 765 627 eidem
833 563 906 628 in
968 568 1223 646 papatu
1283 568 1344 629 et
1388 565 1690 631 Romano
1750 565 2139 648 pontificata
2208 587 2283 631 ac
2352 566 2658 631 Romana

342 658 611 723 ecclesia
673 659 1139 740 quomodolibet
1183 666 1593 745 competente,
1652 662 1794 745 ipso
1837 662 1997 745 jare
2040 661 2416 745 privatum,
2474 667 2534 727 et
2579 662 2657 728 ab

349 755 642 820 Ecclesia
717 756 1031 821 catholica
1115 762 1429 839 tanquam
1505 759 1863 825 membrum
1938 759 2200 823 aridum
2265 759 2658 842 praecis-am,

342 850 691 933 ipsumque
734 852 1035 932 Petram,
1091 859 1414 936 quatenus
1454 855 1529 920 de
1566 856 1758 938 facto
1805 859 2130 938 papatum
2186 854 2536 921 secandum
2594 876 2659 919 se

340 952 544 1027 tenet,
614 948 833 1014 eadem
908 955 1136 1016 sancta
1206 951 1508 1033 Synodus
1574 956 1834 1035 papatu
1909 956 1970 1016 et
2043 972 2292 1016 summo
2366 951 2661 1016 ecclesiae

342 1045 690 1111 Romanae
738 1046 1075 1129 pontificio
1137 1048 1436 1130 omnique
1495 1049 1720 1129 titulo,
1789 1048 2037 1132 prada,
2112 1048 2377 1127 honore,
2447 1048 2659 1131 diqni-

345 1146 481 1207 tate
522 1193 535 1206 .
584 1194 596 1207 .
645 1195 658 1207 .
706 1144 795 1209 ad
838 1165 1084 1210 omnem
1134 1145 1451 1211 cautelam
1488 1145 1737 1228 privat,
1785 1145 2046 1229 deponit
2083 1149 2144 1209 et
2189 1144 2433 1227 abjicit,
2476 1145 2658 1226 eique

340 1238 620 1321 inhibet,
675 1261 755 1306 ne
801 1240 1095 1324 deinceps
1137 1263 1264 1324 pro
1311 1242 1500 1325 Papa
1555 1246 1673 1306 aut
1718 1242 2018 1307 Romano
2072 1246 2134 1306 et
2185 1263 2435 1308 summo
2483 1242 2659 1308 Pon-

338 1335 514 1417 tifice
555 1358 621 1402 se
662 1337 926 1422 qerat.¹)

527 1489 626 1551 16.
683 1487 1107 1553 Benedictum
1163 1487 1339 1552 XIII.
1397 1511 1513 1572 pro
1569 1495 1745 1553 certo
1800 1489 2109 1553 habemus
2163 1511 2499 1572 nunquam
2558 1496 2800 1552 ve-Haud
2846 1496 2990 1567 legiti-

346 1607 486 1649 rum
533 1584 731 1670 fuisse
778 1584 1188 1665 Pontificem,
1248 1583 1535 1670 adeoque
1591 1586 2021 1650 necessarium
2078 1608 2222 1650 non.
2261 1591 2387 1661 est,
2450 1586 2654 1650 fusius
2702 1558 2971 1660 musfg‘ffm'

338 1681 694 1763 inquirere,
754 1687 974 1746 utrum
1028 1704 1140 1764 per
1193 1703 1261 1745 se
1316 1682 1628 1766 ejusmodi
1685 1682 2103 1766 depositionis
2149 1682 2478 1746 decretum
2526 1683 2652 1745 vim

340 1776 665 1842 habuerit.
731 1814 816 1821 -—
880 1776 1216 1842 Caeterum
1273 1778 1519 1842 adverti
1579 1784 1823 1862 potest,
1893 1800 1968 1842 eo
2029 1782 2317 1862 tempore
2375 1780 2510 1863 jam
2574 1779 2656 1843 ab

341 1874 644 1938 omnibus
688 1872 1116 1939 Benedictum
1171 1874 1466 1939 relictum
1511 1875 1709 1939 fuisse
1765 1882 1831 1940 et
1877 1898 2023 1939 eum
2068 1897 2206 1939 cum
2264 1876 2657 1960 paucissimis

342 1972 599 2036 asseclis
658 1973 729 2034 in
789 1972 1052 2035 castello
1114 1969 1449 2035 Peniscola
1507 1978 1868 2035 versantem
1933 1973 2307 2051 asseruisse,
2371 1972 2460 2036 ibi
2523 1993 2659 2036 esse

337 2072 547 2132 totam
613 2067 959 2132 Ecclesiam
1026 2067 1423 2133 catholicam.
1539 2065 1664 2133 Sed
1729 2090 1926 2152 quum
1991 2068 2275 2134 Ecclesia
2344 2067 2658 2133 catholica

335 2165 431 2227 sit
495 2186 724 2248 corpus
792 2165 1068 2240 morale,
1146 2169 1448 2230 constans
1516 2164 1726 2247 capite
1801 2164 1992 2228 simul
2070 2174 2137 2228 et
2205 2186 2467 2248 corpore
2534 2164 2654 2228 sibi

335 2260 755 2341 «cohaerente,
828 2262 1062 2324 merito
1118 2260 1507 2344 colligimu8‚
1564 2261 1757 2344 juxta
1817 2263 2175 2344 sapientem
2241 2261 2363 2325 Dei
2426 2262 2656 2346 guber·

346 2360 681 2422 nationem
746 2357 884 2422 fieri
953 2379 1087 2421 non
1151 2379 1367 2441 posse,
1439 2363 1512 2421 ut
1574 2378 1763 2420 verus
1831 2363 1894 2421 et
1961 2358 2290 2442 legitimus
2354 2335 2721 2421 Pontifex*

335 2477 384 2519 a
438 2460 576 2520 toto
637 2454 956 2520 Ecclesiae
1007 2454 1360 2519 catholicae
1416 2475 1678 2538 corpore
1724 2458 2075 2538 separetur.
2178 2455 2410 2540 Itaque
2460 2476 2655 2539 quum

328 2554 474 2636 jam
535 2552 796 2636 plurimi
857 2574 1189 2637 nunquam
1252 2551 1631 2616 habuissent
1676 2550 2098 2616 Benedictum
2162 2559 2236 2616 ut
2294 2552 2655 2636 legitimum

344 2650 750 2732 Pontificem,
816 2651 955 2732 ipso
1016 2649 1187 2714 facto
1249 2649 1442 2714 etiam
1514 2649 1795 2732 apertius
1858 2650 2156 2732 patebat,
2230 2672 2372 2714 eum
2436 2670 2657 2713 verum

338 2768 477 2812 mon
535 2768 676 2811 esse
734 2745 996 2829 Papam.
1090 2745 1187 2809 Ex
1247 2747 1450 2810 altera
1507 2750 1723 2829 parte,
1785 2766 1982 2830 quum
2041 2751 2248 2811 totam
2307 2746 2656 2812 Ecclesiam

338 2845 414 2907 in
483 2844 722 2928 angulo
800 2845 928 2907 isto
997 2844 1379 2927 Hispaniae,
1464 2844 1534 2906 in
1602 2843 1869 2907 castello
1940 2843 2234 2909 videlicet
2301 2843 2656 2922 Peniscola‚
2709 2860 2751 2914 ν

333 2963 479 3005 esse
520 2945 862 3017 assereret,
913 2961 1137 3005 revera
1197 2941 1274 3004 de
1327 2939 1605 3015 haeresi,
1667 2944 1741 3004 ut
1795 2941 1949 3004 olim
1996 2940 2414 3016 Donatistae,
2473 2941 2658 3024 argui

343 3043 629 3120 poterat,
699 3040 765 3100 et
827 3039 897 3101 in
953 3038 1097 3100 istis
1162 3037 1665 3102 circumstantiis
1726 3058 1764 3099 a
1825 3037 2117 3120 pluribus
2183 3039 2424 3101 censeri
2485 3039 2654 3102 exci-

331 3133 507 3199 disse
569 3156 646 3197 ex
705 3135 1106 3217 pontificatu.
1207 3133 1289 3197 In
1346 3132 1600 3198 decreto
1664 3132 1930 3197 Concilii
1992 3132 2056 3196 id
2115 3135 2527 3218 supponitur,
2591 3141 2657 3200 et-

334 3236 594 3296 ·tantum
664 3230 743 3295 ad
824 3232 1140 3295 cautelam
1220 3230 1566 3313 deponitur
1647 3235 2006 3313 „quatenus
2073 3230 2150 3294 de
2218 3232 2389 3296 facto
2458 3256 2655 3316 papa-

333 3332 482 3393 tum
537 3326 889 3392 secundum
945 3347 1011 3390 se
1066 3326 1315 3409 tenet“,
1379 3327 1610 3411 quibus
1668 3327 1879 3390 verbis
1934 3326 2443 3411 adsignificatur,
2509 3352 2647 3393 eum

337 3446 564 3489 revera
623 3419 760 3508 jam
829 3430 1137 3508 papatum
1179 3445 1339 3511 *non
1406 3427 1648 3487 tenere.
1766 3423 2121 3487 Advertere
2190 3425 2380 3488 etiam
2442 3426 2651 3509 juvat,

335 3521 697 3587 Concilium
747 3543 819 3585 eo
867 3525 1154 3604 tempore
1185 3520 1619 3584 characterem
1653 3517 1893 3602 Synodi
1940 3521 2257 3604 generalis
2284 3543 2419 3586 non
2466 3522 2655 3605 plene

335 3618 661 3694 habuisse,
711 3640 785 3682 eo
831 3617 1001 3701 quod
1047 3616 1267 3681 deerat
1313 3615 1541 3700 Caput,
1581 3638 1866 3680 summus
1911 3613 2306 3702 Pontifexssae)

2721 2608 2771 2664 >v

518 3845 560 3912 1)
598 3844 781 3898 Labbe
817 3843 976 3897 XlII.
1013 3845 1134 3896 235.

518 3923 564 3990 2)
601 3924 979 3992 Opportunum
1029 3923 1136 3977 erit
1184 3929 1404 3983 notare,
1464 3937 1600 3988 quae
1651 3922 1717 3976 de
1765 3920 2052 3976 Benedicti
2100 3922 2256 3976 XIII.
2308 3923 2648 3991 depositione

329 4003 533 4058 scribit
595 4004 819 4056 Maurus
885 4001 1155 4070 Capellari
1220 4000 1545 4069 (Gregorius
1600 3999 1803 4066 XVL),
1873 4000 2162 4068 Triomphe
2227 4004 2295 4055 du
2360 4002 2411 4057 S.
2468 4002 2646 4071 Siege‚

330 4083 597 4137 Discours
647 4081 1012 4150 preliminaire
1063 4081 1112 4148 ξ.
1161 4080 1304 4134 LIV.
1400 4079 1670 4147 „L‘eglise
1721 4079 1787 4134 de
1839 4080 2039 4133 Benoit
2088 4096 2155 4134 ne
2207 4080 2500 4134 s’etendait
2548 4097 2646 4147 pas

328 4164 467 4216 hors
505 4163 571 4216 de
607 4162 897 4217 l'enceinte
935 4162 1001 4215 de
1036 4161 1351 4225 Peniscola‚
1402 4159 1591 4225 depuis
1644 4175 1744 4226 que
1783 4175 1870 4213 ses
1921 4159 2229 4227 partisanS,
2277 4166 2333 4214 et
2373 4176 2504 4214 avec
2543 4176 2645 4213 eux
