3281 5014
677 323 782 373 304
918 343 925 350 ·
1272 320 1525 373 XXXIV.
1565 321 1648 374 De
1686 320 1927 374 Concilio
1966 321 2391 377 constantiensi.
2482 338 2494 344 ·
2616 291 2978 490 spgbfflf?

677 460 945 541 existat,
1001 458 1252 524 obedire
1305 463 1561 524 tenetur
1621 457 1695 522 in
1738 456 1843 523 his
1884 479 2048 541 quae
2084 461 2420 543 pertinent
2472 461 2570 526 ad
2623 461 2748 544 fid
2758 482 2788 525 e
2802 484 2866 526 m
2922 467 2991 527 et

677 555 1209 640 exstirpationem
1262 555 1420 620 dicti
1475 554 1845 620 schismatis
1900 560 1962 620 et
2020 558 2666 639 reformationem
2726 558 2991 624 dictae

676 653 1080 720 Ecclesiae
1123 652 1206 719 in
1254 653 1511 735 capite
1556 655 1627 715 et
1672 650 1755 717 in
1800 651 2177 732 membris.

849 766 992 830 Hoc
1038 765 1163 828 fuit
1209 764 1531 828 decretum
1580 764 1880 828 sessionis
1932 770 2220 847 quartae,
2266 766 2547 849 exceptis
2592 773 2812 830 tamen
2848 790 2989 831 ver-

675 862 771 927 bis
802 884 968 945 quae
1000 862 1385 939 notavimus,
1431 860 1672 924 scilicet
1711 859 1829 939 „ad
1859 860 2084 923 fidem“
2124 865 2190 924 et
2226 861 2783 941 „reformationem
2818 864 2983 927 etc.“

677 958 969 1023 Sessione
1040 960 1270 1042 quinta
1335 957 1456 1022 hoc
1517 956 1845 1021 decretum
1913 958 2258 1039 repetitum
2324 959 2448 1022 fuit
2520 959 2783 1043 adjectis
2850 960 2982 1025 illis

674 1056 914 1133 verbis,
956 1060 1022 1119 et
1066 1054 1213 1119 dein
1264 1054 1550 1119 additum
1598 1051 1771 1117 aliud
1818 1054 2141 1118 decretum
2190 1054 2378 1138 hujus
2425 1057 2696 1119 tenoris:

849 1164 1016 1229 Item
1063 1164 1365 1242 declarat,
1412 1162 1581 1245 quod
1626 1160 2030 1245 quicumque,
2078 1161 2535 1244 cujuscumque
2574 1162 2989 1243 conditionis,

673 1266 915 1340 status,
979 1260 1325 1344 diqnitatis
1371 1259 1566 1324 etiam
1611 1258 1880 1341 papalis
1890 1307 1908 1339 ,
1968 1258 2084 1340 qui
2129 1259 2487 1337 mandatis,
2549 1259 2818 1325 statutis
2869 1281 2985 1325 seu

674 1357 1198 1423 ordinationibus
1253 1362 1371 1422 aut
1420 1354 1786 1438 praeceptis
1842 1354 2044 1438 hujus
2084 1376 2307 1420 sacrae
2357 1356 2604 1437 Synodi
2658 1361 2718 1421 et
2765 1357 2985 1440 cujus-

675 1475 943 1536 cumque
988 1453 1263 1518 atterius
1314 1451 1586 1518 Cone-ilii
1627 1451 1957 1535 qeneralis
2002 1451 2283 1535 leqitime
2330 1454 2702 1536 conqreqati
2714 1502 2731 1533 ,
2787 1474 2989 1536 super

664 1551 1047 1633 praemissis
1093 1570 1206 1615 seu
1250 1550 1337 1615 ad
1381 1569 1456 1613 ea
1492 1547 1977 1631 pertinentibus
2003 1548 2202 1630 factis
2242 1548 2340 1612 vel
2367 1549 2690 1630 faciendis
2730 1549 2988 1615 obedire

672 1646 1136 1713 contumaciter
1193 1645 1670 1727 contempserit,
1742 1643 1876 1709 nisi
1934 1644 2284 1727 resipuerit
2345 1646 2700 1729 condiqnae
2749 1647 2979 1729 poeni-

670 1744 910 1809 tentiae
968 1743 1362 1826 subjiciatur
1421 1747 1480 1806 et
1540 1741 1746 1806 debite
1792 1740 2153 1824 puniatur,
2214 1742 2411 1807 etiam
2466 1744 2552 1808 ad
2611 1744 2747 1809 alia
2792 1744 2988 1827 juris

669 1840 962 1906 subsidia
1009 1839 1069 1903 si
1115 1860 1276 1922 opus
1319 1838 1527 1916 fuerit
1569 1837 1979 1903 recurrendo·

846 1976 949 2038 24.
1002 1976 1312 2037 Auctores
1361 1971 1703 2050 Gallicani,
1751 1974 1848 2035 uti
1895 1972 2197 2048 diximuS,
2246 1974 2668 2051 contendunt,
2717 1997 2749 2037 e
2793 1997 2984 2057 prae-

669 2071 821 2135 fatis
868 2070 1137 2134 decretis
1184 2074 1479 2133 constare
1525 2070 1916 2144 luculenter,
1972 2091 2286 2132 summum
2335 2070 2715 2134 Pontificem
2762 2076 2979 2135 aucto-

668 2167 849 2232 ritati
909 2166 1179 2231 Concilii
1239 2166 1557 2250 generalis
1624 2167 1889 2230 subesse
1958 2166 2145 2249 eique
2215 2166 2471 2231 obedire
2534 2167 2794 2251 debere3
2865 2168 2985 2231 illa

667 2265 924 2328 decreta
986 2285 1123 2328 esse
1180 2261 1447 2327 Concilii
1505 2284 1654 2326 vere
1716 2261 2102 2326 oecumenici
2161 2262 2595 2340 definitioneS,
2657 2287 2695 2328 a
2751 2269 2979 2329 sancta

667 2359 829 2425 Sede
883 2360 1263 2443 approbata,
1321 2380 1395 2423 ac
1448 2358 1717 2442 proinde
1764 2358 2119 2422 doctrinam
2153 2359 2254 2422 'de
2311 2361 2760 2443 superioritate
2808 2360 2980 2425 Con·

665 2459 795 2524 cilii
850 2479 1044 2541 supra
1099 2456 1341 2539 Papam
1398 2478 1435 2520 a
1492 2458 1720 2520 sancta
1773 2453 2031 2539 Synodo
2080 2453 2558 2521 Constantiensi
2612 2458 2810 2522 fuisse
2869 2457 2978 2522 de-

665 2557 934 2619 finitam.
1044 2551 1167 2617 Sed
1223 2551 1392 2616 haud
1448 2553 1795 2617 difficulter
1848 2552 2287 2635 probabimus,
2347 2554 2474 2618 illis
2532 2554 2802 2619 decretis
2856 2577 2981 2619 nec

666 2657 953 2734 spectata
999 2651 1248 2734 origine
1294 2650 1425 2712 vim
1470 2649 1814 2714 convenire
1859 2649 2254 2712 decretorum
2295 2649 2560 2715 Consilii
2605 2673 2751 2716 vere
2797 2674 2980 2716 oecu-

667 2748 928 2824 menici,
988 2768 1110 2810 nec
1165 2746 1544 2811 confirmata
1600 2768 1675 2810 ea
1731 2746 1925 2808 fuisse
1974 2768 2011 2808 a
2059 2744 2355 2810 Romano
2402 2747 2745 2829 Pontifice3
2802 2747 2971 2812 vide·

665 2844 875 2907 bimus
934 2846 1158 2919 etiam,
1227 2843 1396 2925 ipsos
1455 2842 1986 2907 Constantienses
2047 2842 2488 2908 definitionem
2549 2845 2977 2931 dogmaticam

664 2940 885 3004 iisdem
934 2940 1119 3003 edere
1165 2939 1467 3003 noluisse.

329 3079 587 3150 Nonoedita
623 3094 647 3122 a
842 3072 946 3132 25.
1017 3068 1235 3153 Atque
1305 3070 1373 3133 in
1442 3069 1663 3151 primis
1730 3066 1848 3133 illa
1917 3070 2171 3134 decreta
2231 3068 2401 3133 edita
2462 3069 2641 3147 haud
2698 3071 2982 3150 fuerunt

331 3140 708 3244 ⁰⁰ffi2¹giss3⁰¹¹⁹a
754 3158 1047 3253 lea-stim?
1095 3163 1389 3253 Gongilio
1426 3163 1741 3249 qenerali.
1844 3166 2012 3231 Nam
2070 3165 2419 3234 Concilium
2474 3168 2981 3232 constantiense

664 3264 766 3327 vel
814 3267 949 3347 ipsa
996 3250 1450 3327 conVocatione
1497 3254 1772 3327 Joannis
1818 3265 2011 3346 juxta
2070 3270 2351 3327 nostram
2404 3265 2790 3328 sententiam
2838 3284 2973 3328 non

664 3366 805 3425 erat
885 3360 1390 3436 oecumenicum,
1469 3382 1669 3443 quum
1738 3358 2023 3424 Joannes
2093 3367 2260 3424 esset
2327 3359 2635 3425 Pontifex
2715 3361 2973 3445 illegiti-

662 3479 833 3537 muS,
892 3458 993 3521 vel
1053 3457 1284 3520 saltem
1346 3456 1531 3520 valde
1588 3455 1837 3520 dubius.
1942 3456 2353 3522 Sessionibus
2413 3457 2667 3541 quidem
2729 3459 2980 3540 primae

662 3564 728 3618 et
773 3555 1090 3619 secundae
1137 3553 1424 3618 Joannes
1471 3553 1811 3636 praesedit,
1867 3553 1978 3617 sed
2025 3557 2310 3636 tempore
2355 3555 2657 3619 sessionis
2704 3557 2980 3637 quartae

663 3656 727 3714 et
770 3651 1037 3734 quintae
1083 3651 1217 3733 ipse
1257 3653 1393 3734 jam
1438 3674 1475 3715 a
1517 3649 1761 3733 synodo
1807 3655 2184 3723 recesserat,
2243 3649 2527 3734 adeoque
2571 3656 2981 3732 cotempore

660 3747 1011 3810 certissime
1070 3745 1601 3811 Constantienses
1659 3746 2016 3811 Concilium
2080 3748 2573 3812 oecumenicum
2616 3746 2786 3811 haud
2841 3746 2971 3810 for-

663 3843 945 3906 mabant.
1060 3843 1191 3926 Ipsi
1259 3845 1486 3926 utique
1516 3866 1520 3873 ’
1550 3844 1612 3908 id
1681 3844 2146 3926 opinabantur,
2226 3847 2291 3906 et
2347 3844 2429 3907 'in
2461 3866 2467 3870 ·
2502 3844 2771 3909 decretis
2837 3844 2982 3907 suis

661 3940 1135 4022 exprimebant;
1201 3941 1309 4005 sed
1375 3942 1533 4006 haec
1595 3944 1735 4005 erat
1798 3941 2013 4005 illusio
2077 3939 2419 4023 quaedam,
2486 3961 2652 4024 quae
2714 3940 2796 4004 ob
2858 3941 2980 4004 tri-

658 4041 821 4100 stem
877 4059 1090 4100 rerum
1140 4042 1379 4102 statum
1442 4037 1730 4102 excusari
1787 4036 2044 4120 quidem
2101 4041 2345 4119 potest,
2405 4037 2512 4101 sed
2560 4059 2693 4102 non
2740 4058 2979 4120 appro-
