3281 5014
298 2046 402 2087 Vita
443 2059 520 2088 san

635 441 739 492 398
907 440 1130 495 XXXV.
1168 441 1251 495 De
1289 440 1492 495 Concil.
1532 440 1842 497 Basileensi
1878 458 1943 496 ac
1978 443 2045 497 de
2082 443 2299 511 Synodo
2334 444 2674 503 Florentina.

814 582 914 646 71.
975 582 1196 658 Quoad
1245 581 1600 647 Amadeum
1647 582 1946 663 (Felicem
1984 583 2093 663 V.)
2140 585 2472 652 advertere
2510 591 2733 673 juvat,
2785 612 2948 673 quae

632 678 856 742 scribit
900 684 1124 743 auctor
1169 699 1438 743 coaevus
1483 678 1838 744 Jannotius
1880 679 2232 748 Mannetus
2276 686 2349 749 in
2377 683 2536 749 Vita
2582 683 2831 750 Nicolai
2865 686 2946 750 V.

633 773 909 851 Narrat,
964 776 1029 839 id
1075 775 1209 840 suis
1257 775 1608 839 virtutibus
1655 784 2069 841 consecutum
2117 777 2454 846 Nicolaum
2512 787 2586 847 ut
2637 783 2950 861 „schisma

624 873 762 955 jam
828 870 1067 934 dudum
1136 872 1605 949 inveteratum,
1688 873 2013 954 praedicto
2082 875 2372 942 Amadeo
2447 878 2618 943 illius
2691 879 2945 943 concilii

562 993 591 1051 γ
632 968 917 1051 principe
962 970 1186 1031 errata
1234 985 1359 1031 sua
1404 972 1885 1048 recoynoscente
1932 989 2010 1034 ac
2054 971 2408 1053 confitente,
2462 977 2525 1037 et
2558 972 2945 1056 poenitente,

631 1070 698 1128 et
735 1064 1086 1129 Sanctitati
1133 1086 1289 1128 suae
1335 1074 1410 1127 ut
1456 1087 1572 1146 par
1620 1070 1760 1129 erat
1806 1066 2218 1144 adhaerente,
2263 1071 2633 1136 dissolveret
2678 1071 2947 1135 deleret-

631 1183 773 1244 que.
893 1161 1111 1243 Ipsum
1191 1162 1364 1224 enim
1434 1159 1768 1226 Romanae
1840 1185 1912 1227 ac
1986 1166 2339 1232 catholicae
2402 1167 2757 1245 Ecclesiae,
2832 1165 2949 1231 ubi

628 1261 870 1322 veteres
915 1254 1235 1338 perfidiae
1288 1275 1446 1320 suae
1500 1277 1752 1321 errores
1805 1262 2197 1350 recognovit,
2255 1262 2658 1328 Cardinalem
2716 1269 2947 1347 sponte

630 1361 986 1420 creaverat:
1043 1354 1212 1438 qnod
1273 1354 1510 1431 solum,
1567 1355 1856 1433 unicum,
1916 1364 1981 1421 et
2038 1365 2281 1423 certum
2335 1360 2722 1425 dissolvendi
2769 1361 2945 1425 illius

628 1452 883 1516 concilii
937 1451 1283 1515 remedium
1341 1455 1854 1535 conveniensque
1913 1459 1979 1519 et
2035 1455 2332 1521 idoneum
2388 1456 2699 1541 ejusmodi
2754 1458 2944 1521 disso-

628 1549 897 1613 lutionis
953 1548 1317 1614 antidotum
1375 1548 1547 1621 fore,
1602 1570 1718 1613 sua
1775 1552 2094 1632 sapientia
2139 1553 2676 1617 existimaverat.“
2696 1550 2746 1634 ι)
2837 1554 2944 1618 Ita

629 1648 825 1711 etiam
894 1645 1289 1710 Ludovicum
1361 1644 1807 1709 Arelatensem
1888 1648 2297 1730 praecipuum
2371 1649 2641 1714 Amadei
2713 1671 2945 1732 sequa-

537 1736 558 1777 ‘³
628 1766 794 1819 cem,
853 1749 1068 1834 errata
1113 1763 1228 1807 sua
1284 1743 1621 1825 agnogjsse
1671 1763 2018 1826 eorumque
2074 1745 2283 1827 ipsum
2328 1746 2758 1829 poenituisse,
2812 1768 2946 1811 non

630 1846 730 1905 est
798 1862 911 1904 cur
980 1840 1366 1904 dubitemne.
1478 1837 1744 1909 Sincere
1813 1844 1985 1905 certe
2053 1862 2120 1904 se
2189 1840 2459 1907 Nicolao
2502 1840 2582 1906 V.
2651 1843 2943 1927 subjecit,

630 1938 993 2019 multosque
1056 1936 1287 2000 dicitur
1344 1935 1692 2018 pertulisse
1746 1936 1997 2001 labores
2051 1937 2131 2000 ad
2187 1938 2463 2004 schisma
2513 1939 2774 2022 penitus
2833 1960 2946 2002 ex-

523 2032 1111 2116 cta-stinguendum.
1225 2029 1362 2095 Nec
1428 2031 1847 2096 Arelatenses
1925 2055 2071 2097 eum
2134 2036 2204 2098 in
2273 2041 2462 2099 tanta
2527 2035 2945 2100 veneratione

626 2129 1033 2206 habuissent,
1111 2128 1238 2192 nisi
1317 2127 1654 2209 opiniones
1729 2130 2083 2193 anteriores
2158 2131 2512 2215 abjecisset.
2631 2131 2946 2215 Tempore

626 2225 986 2290 schismatis
1033 2223 1332 2288 videlicet
1377 2222 1797 2287 Arelatenses
1851 2225 2283 2291 adhaeserunt
2329 2226 2626 2311 Eugenio
2674 2226 2820 2302 IV..
2879 2230 2947 2290 et

629 2345 829 2407 quum
892 2322 1254 2386 Ludovicus
1312 2326 1469 2385 tunc
1532 2319 1860 2385 ecclesiam
1924 2344 2106 2387 suam
2170 2323 2446 2388 invisere
2512 2324 2731 2402 vellet,
2806 2344 2945 2406 pes·

628 2421 787 2512 sime
833 2422 1125 2503 receptus
1172 2422 1286 2482 est.
1379 2415 1502 2481 Sed
1549 2420 1696 2500 post
1739 2418 2327 2484 reconciliationem
2376 2440 2517 2483 cum
2565 2419 2832 2485 Nicolao
2862 2417 2941 2484 V.

631 2540 776 2581 eum
822 2517 892 2580 in
953 2516 1217 2580 ecclesia
1262 2537 1379 2579 sua
1434 2534 1673 2597 magno
1728 2515 2169 2592 cum-phonoze
2222 2518 2453 2596 fuisse,
2513 2519 2745 2601 ingens
2791 2538 2942 2581 con·

628 2636 850 2679 cursus
903 2613 1104 2678 totius
1158 2612 1524 2695 provinciae
1587 2611 1667 2674 ad
1723 2612 2030 2696 exequias
2090 2614 2225 2697 ejus
2281 2613 2581 2679 ostendit.
2680 2613 2760 2678 In
2818 2614 2943 2696 epi-

626 2711 852 2795 taphio
901 2732 1048 2774 vero
1092 2708 1415 2792 sepulchri
1460 2708 1753 2791 apposite
1800 2709 2178 2792 inscriptum
2226 2709 2379 2774 fuit:
2442 2708 2729 2788 „Devote
2776 2710 2943 2773 viam

631 2813 728 2873 est
801 2808 1141 2871 universae
1218 2806 1429 2869 carnis
1507 2810 1573 2868 et
1652 2803 1958 2870 catholice
2035 2805 2424 2888 ingressus.“
2546 2806 2946 2889 Quapropter

630 2904 1063 2978 Arelatenses,
1118 2902 1226 2984 qui
1274 2905 1561 2983 tempore
1605 2901 1970 2966 schismatis
2016 2903 2481 2978 aversabantur
2528 2901 2942 2977 Ludovicum,

630 3002 863 3085 quique
940 3020 1084 3063 eum
1162 2997 1232 3060 in
1303 2998 1589 3081 exequiis
1659 2999 1819 3061 miro
1894 3019 2207 3062 concursu
2282 2998 2718 3075 honorarunt,
2794 2998 2941 3061 dum

632 3098 977 3163 observant
1032 3092 1337 3178 can-Qlice
1382 3095 1757 3158 defunctum
1818 3116 1984 3171 esse,
2040 3102 2143 3158 sat
2197 3096 2364 3159 clare
2409 3095 2780 3170 insinuant,
2835 3093 2943 3157 de-

629 3195 924 3259 functum
966 3214 1098 3256 non
1146 3213 1288 3255 esse
1333 3193 1402 3255 in
1442 3192 1518 3256 iis
1554 3191 1999 3273 opinionibus,
2044 3213 2203 3276 quas
2248 3199 2538 3275 tempore
2582 3190 2943 3255 schismatis

630 3289 1026 3355 defenderat.

810 3439 911 3501 72.
988 3435 1142 3500 Post
1217 3439 1488 3499 mortem
1565 3455 1753 3517 porro
1826 3455 1973 3497 mox
2054 3434 2271 3499 multis
2342 3434 2664 3502 miraculis
2735 3433 2942 3499 Ludo·

630 3537 804 3600 vicus
858 3533 1181 3598 inclaruit.
1285 3531 1631 3613 Dionysius
1684 3529 2200 3594 Sanmarthanus
2247 3530 2319 3595 Τ.
2368 3531 2420 3596 Ι.
2472 3528 2723 3595 Galliae
2780 3530 2942 3594 chri·

629 3634 881 3697 stianae
941 3630 1191 3695 scribit:
1256 3626 1453 3692 Anno
1498 3623 1844 3704 MGDLI,
1908 3624 2098 3690 XIX.
2161 3625 2484 3691 Januarii
2545 3645 2620 3691 ac
2677 3645 2942 3706 sequen-

631 3726 805 3793 tibus
866 3724 1114 3805 diebus,
1187 3722 1580 3805 inquisitum
1647 3726 1741 3786 est
1807 3721 1880 3786 in
1943 3722 2295 3801 miracula,
2374 3742 2537 3804 quae
2598 3721 2807 3786 variis
2868 3721 2938 3787 in

631 3823 785 3889 locis
820 3824 1225 3906 patraverat.
1303 3819 1531 3901 Hujus
1574 3822 1791 3883 autem
1836 3817 2289 3899 inquisitionis
2324 3821 2492 3884 Acta
2535 3817 2609 3883 in
2656 3816 2942 3883 archivis

631 3920 926 3987 ecclesiae
990 3915 1382 3984 cathedralis
1449 3912 1959 3998 asservantur&
2056 3916 2273 4002 Atque
2344 3922 2600 3982 Aeneas
2673 3915 2942 4000 SylviuS,

814 4095 853 4164 ²)
894 4094 958 4147 V.
996 4091 1267 4146 Muratori
1306 4091 1418 4144 Ser.
1456 4091 1527 4143 It.
1566 4090 1629 4142 T.
1669 4089 1774 4142 III.
1813 4089 1874 4142 P.
1913 4089 1989 4144 H.
2026 4106 2077 4156 p.
2116 4093 2236 4145 922.

810 4173 854 4240 ²)
893 4172 1079 4227 Gallia
1127 4170 1314 4225 christ.
1366 4169 1428 4223 Τ.
1464 4170 1508 4222 Ι.
1560 4168 1963 4234 Instrumenta,
2022 4185 2072 4235 p.
2115 4172 2231 4266 193.
2280 4201 2348 4207 ——
2399 4170 2560 4224 Forte
2607 4168 2817 4237 epocha
2860 4167 2946 4222 in-
