3281 5014
961 406 1280 476 Suppressio
1318 407 1537 463 Ordinis
1575 409 2020 479 Templariorum
2041 449 2048 458 ·
2550 415 2650 468 107

336 543 734 629 Theutonia,
781 548 1009 625 Dacia,
1057 549 1300 631 (Dania
1343 551 1629 636 nempe),
1682 552 1957 636 Anglia,
2014 553 2260 634 Scotia,
2317 553 2650 633 Hibernia,

333 643 528 708 Italia
587 646 910 728 praesules
971 646 1383 712 Ptolomaeus
1446 648 1757 715 Lucensis
1813 656 2287 717 commemorat.
2390 650 2483 716 Ut
2539 673 2651 736 ge·

337 741 559 805 nerale
614 742 819 806 totius
881 744 1055 808 orbis
1116 743 1473 809 Concilium
1535 745 1692 810 haec
1743 744 2047 831 Synodus
2108 748 2340 813 merito
2396 748 2650 814 univer·

335 838 458 901 sim
504 838 894 923 agnoscitur.
906 836 954 923 1)

513 985 618 1050 25.
690 985 867 1062 Quae
927 1008 1078 1052 vero
1139 989 1206 1054 in
1272 985 1552 1073 negotio*
1595 989 2106 1075 Templariorum
2172 991 2345 1064 facta
2405 981 2651 1059 fuerint
2666 1008 2797 1051 Bulla
2823 1012 2913 1051 Vox
2937 1011 2983 1051 in

334 1083 405 1147 in
446 1083 583 1168 ipso
631 1082 949 1161 Concilio,
997 1086 1327 1169 perspicue
1374 1086 1721 1170 exponitur
1766 1109 1805 1152 a
1851 1086 2185 1153 Clemente
2216 1088 2296 1155 V.
2341 1091 2410 1155 in
2455 1089 2651 1155 Bulla
2746 1075 2912 1115 ‘mm'

351 1177 486 1244 Vox
529 1178 605 1245 in
651 1178 910 1260 excelsO,
960 1203 1085 1264 qua
1129 1182 1383 1247 demum
1432 1182 1607 1249 Ordo
1655 1183 1935 1249 abolitus
1981 1183 2128 1250 fuit.
2213 1184 2393 1252 Haec
2438 1186 2650 1264 Bulla,

337 1278 630 1361 quamvis
688 1277 885 1342 etiam
942 1280 1114 1363 typis
1163 1300 1460 1362 expressa
1515 1281 1583 1343 i'n
1640 1280 1889 1365 aliquot
1934 1282 2234 1365 operibus
2290 1279 2653 1369 exstaret,²)

336 1380 556 1439 tamen
605 1397 643 1438 a
684 1375 977 1459 plurimis
1021 1375 1468 1459 ignorabatur,
1516 1378 1612 1441 ita
1658 1380 1734 1442 ut
1780 1376 2293 1444 constitutiones
2340 1379 2651 1464 quaedam

338 1470 755 1537 secundariae
812 1472 1025 1555 potius
1070 1470 1295 1537 Bullae
1354 1474 1725 1557 principalis
1769 1473 1909 1539 loco
1956 1475 2373 1555 afferrentur,
2430 1481 2497 1541 et
2543 1476 2653 1541 ali·

337 1588 463 1651 qua
519 1568 589 1632 in
644 1568 766 1633 hoc
820 1568 1085 1652 negotio
1141 1568 1513 1634 obscuriora
1569 1575 1930 1634 manerent.
2028 1569 2372 1637 Publicata
2434 1577 2652 1637 autem

336 1663 467 1728 fuit
530 1664 644 1729 illa
713 1663 1110 1730 Constitutio
1170 1668 1412 1730 recenti
1478 1672 1768 1750 tempore
1835 1687 2030 1750 opera
2096 1666 2269 1733 Illmi
2340 1664 2653 1753 Hefele,³)

337 1760 686 1846 eademque
763 1762 1101 1845 praecipue
1177 1762 1638 1828 consideranda
1705 1767 1831 1841 est,
1907 1768 1984 1827 ut
2051 1770 2353 1830 accurate
2423 1766 2652 1840 seriem

339 1879 557 1922 eorum
607 1879 771 1942 quae
818 1865 1003 1943 gesta
1049 1863 1205 1923 sunt
1249 1859 1680 1924 advertamus.
2219 1855 2222 1856 ⁷

515 2009 619 2074 26.
695 2007 1048 2073 Exordium
1111 2009 1302 2093 hujus
1362 2008 1592 2075 Bullae
1654 2009 2014 2075 dolorosam
2074 2010 2369 2075 continet
2430 2010 2652 2076 Ponti-

335 2105 472 2168 ficis
549 2106 1083 2171 lamentationem
1160 2105 1239 2169 de
1306 2107 1482 2171 fama
1552 2107 1978 2191 corruptionis
2047 2106 2309 2173 Ordinis
2383 2106 2651 2191 Templi.

350 2198 487 2265 Vox
552 2200 626 2266 in
694 2201 936 2266 excelso
1004 2200 1237 2267 audita
1304 2208 1397 2268 est
1461 2201 1977 2283 lamentationis,
2042 2202 2237 2283 fletus
2297 2206 2360 2266 et
2419 2201 2651 2287 luctus,

336 2297 496 2379 quia
542 2297 720 2363 venit
763 2302 1032 2381 tempuS,
1080 2318 1204 2381 quo
1241 2319 1365 2381 per
1397 2297 1788 2382 prophetam
1827 2298 2251 2382 conqueritur
2288 2297 2653 2364 Dominus:

336 2393 467 2474 „In
522 2395 820 2478 furorem
880 2400 943 2459 et
1001 2394 1521 2480 indiqnationem
1578 2394 1746 2461 mihi
1800 2397 1982 2479 facta
2035 2399 2130 2461 est
2184 2395 2412 2461 domus
2463 2393 2654 2460 haec:

294 2571 298 2575 .
338 2493 683 2577 auferetur
740 2492 816 2558 cle
873 2495 1210 2576 conspectu
1268 2513 1404 2558 meo
1447 2498 1723 2577 propter
1774 2492 2099 2559 malitiam
2150 2491 2445 2574 filiorum
2507 2513 2650 2558 suo·

337 2612 517 2668 rum,
577 2589 733 2672 quia
779 2610 878 2654 me
932 2590 1018 2655 acl
1068 2584 1486 2656 iracundiam
1533 2590 2006 2674 provocabant,
2062 2594 2381 2665 vertentes
2424 2590 2511 2655 ad
2553 2610 2653 2654 me

340 2693 525 2772 ter-,qa
570 2693 629 2753 et
674 2708 808 2753 non
848 2687 1079 2769 facies,
1131 2691 1446 2770 ponentes
1488 2686 1666 2752 idola
1710 2707 1835 2752 sua
1877 2688 1950 2753 in
1997 2687 2209 2768 domo,
2256 2687 2331 2753 in
2376 2707 2508 2770 qua
2551 2686 2653 2752 in-

339 2790 637 2852 vocatum
667 2791 760 2849 est
789 2805 1022 2849 nomen
1052 2805 1282 2864 meum,
1327 2788 1401 2849 ut
1424 2783 1791 2867 polluerent
1817 2785 2072 2868 ipsam“
2100 2785 2529 2868 (Jerem.‚23).
2557 2834 2570 2848 .
2598 2835 2610 2848 .
2639 2835 2652 2848 .

342 2883 450 2948 Ad
516 2887 650 2949 tam
705 2881 1102 2947 horrendum
1161 2881 1465 2947 auditum
1522 2886 1908 2965 tantumque
1956 2882 2291 2948 horrorem
2348 2881 2656 2965 vulqatae

339 2979 661 3064 infamiae
721 2979 919 3060 (quod
973 2978 1120 3061 quis
1177 2998 1471 3060 unquam
1526 2977 1784 3044 audivit
1841 2978 2013 3043 tale?
2075 2978 2223 3060 quis
2278 2978 2445 3044 vidit
2500 2976 2654 3042 huic

342 3076 554 3144 simile
567 3077 659 3160 ?),
708 3075 930 3141 corrui
983 3096 1126 3140 cum
1185 3075 1512 3155 audirem,
1569 3075 1995 3142 contristatus
2049 3096 2222 3155 sum,
2280 3095 2425 3141 cum
2482 3073 2651 3139 vide-

342 3197 507 3255 rem,
570 3172 867 3239 amaruit
921 3193 1030 3237 cor
1084 3192 1322 3250 meum,
1385 3171 1682 3237 tenebrae
1735 3171 2297 3254 exstupefecerunt
2340 3193 2465 3255 me.
2514 3222 2527 3235 .
2575 3220 2588 3234 .

345 3276 502 3339 Post
585 3272 915 3336 exordium
986 3271 1274 3354 sequitur
1343 3270 1657 3354 expositio
1725 3270 2070 3346 factorum,
2148 3270 2247 3334 uti
2316 3292 2392 3333 ex
2461 3268 2653 3333 Bulla

346 3367 867 3436 Misericordiam
914 3365 1168 3449 faciens
1212 3388 1352 3430 eam
1405 3369 1536 3450 Jam
1587 3367 1957 3444 retulimuS,
2015 3368 2082 3430 et
2127 3366 2413 3443 additur,
2460 3367 2655 3449 juxta

345 3469 716 3533 mandatum
783 3464 1113 3528 Pontificis
1179 3465 1248 3527 in
1312 3463 1505 3527 variis
1569 3462 1790 3545 regnis
1855 3484 2122 3526 examen
2189 3467 2413 3527 contra
2472 3461 2656 3524 Tem—

345 3565 593 3650 plarios
625 3563 1029 3637 institutum,
1077 3560 1461 3623 documenta
1505 3570 1835 3654 processus
1881 3559 1962 3623 ad
2004 3559 2211 3642 ipsum
2259 3558 2655 3632 transmissa,

348 3666 411 3726 et
468 3662 550 3726 ab
596 3682 700 3739 eo,
762 3657 1240 3738 Cardinalibu8‚
1305 3656 1571 3740 aliisque
1624 3655 1870 3720 idoneis
1930 3656 2232 3738 praelatis
2289 3654 2656 3718 examinata

526 3836 566 3902 1)
604 3835 712 3888 Cfr.
752 3849 836 3900 ap.
875 3831 1144 3899 Raynald.
1185 3830 1256 3883 ad
1293 3847 1341 3885 a.
1385 3832 1517 3883 1311
1557 3846 1608 3882 n.
1650 3831 1719 3882 54
1754 3829 1844 3882 Ill.
1882 3828 2083 3883 Mansii
2118 3834 2321 3883 notam.

523 3916 566 3984 2)
606 3917 764 3984 Apud
822 3914 1069 3969 Lorenzo
1108 3913 1466 3979 Villanueva,
1516 3912 1694 3980 Viage
1742 3912 2017 3967 litterario
2078 3929 2110 3965 a
2164 3912 2245 3965 las
2304 3911 2532 3979 iglesias
2590 3910 2658 3965 de

347 3998 622 4065 Espanna,
659 3995 873 4048 Madrid
913 3995 1066 4058 1806,
1103 3994 1165 4046 Τ.
1190 3992 1257 4046 V.
1295 3992 1652 4055 Documenti3
1691 3996 1748 4046 et
1772 3994 1974 4045 Anton.
2001 3991 2329 4056 BenavideS,
2367 3990 2658 4044 Memorias

351 4079 416 4132 de
453 4077 576 4130 Don
610 4074 897 4129 Fernando
934 4073 1029 4126 IV.
1069 4074 1135 4127 de
1173 4072 1424 4137 Castilla‚
1461 4071 1676 4124 Madrid
1714 4073 1867 4137 1860,
1907 4072 1968 4124 Τ.
2006 4070 2081 4123 ΙΙ.
2119 4088 2169 4138 p.
2208 4072 2504 4123 835—841.

524 4156 568 4221 ³)
607 4155 888 4221 Tiibinger
924 4153 1112 4207 Theol.
1151 4150 1577 4217 Quartalschrift
1620 4152 1769 4203 1866.
