3281 5014
1101 439 1524 493 Dissertationis
1561 440 1792 494 indoles,
2495 446 2598 499 287

275 578 768 663 adlaborarent,
825 585 1104 663 aptaque
1159 580 1236 646 ad
1293 581 1412 647 hoc
1467 581 1842 646 invenirent
1890 583 2124 663 media,
2176 606 2598 669 permagnum

277 677 772 760 acquisiverunt
830 677 901 740 in
962 679 1225 761 negotia
1282 678 1726 743 Ecclesiastica
1785 679 2130 757 influxum,
2193 680 2345 745 dum
2403 688 2596 747 antea

283 795 399 857 per
441 773 826 837 Pontificem
882 779 947 837 et
1002 775 1325 857 episcopos
1384 797 1458 839 ea
1509 797 1674 859 quae
1722 774 2078 839 Ecclesiam
2132 783 2428 861 spectant
2483 780 2596 843 ad·

285 870 831 934 ministrarentur.
947 871 1130 935 Inter
1187 871 1354 937 viros
1417 876 1629 936 autem
1689 872 1835 935 illos
1897 873 2179 938 eruditos
2240 874 2596 940 Ecclesiae·

276 989 408 1051 que
457 968 722 1030 omnino
779 966 1091 1043 addictos,
1155 990 1351 1051 quum
1412 970 1579 1032 mala
1634 969 1808 1033 illius
1863 970 2095 1034 aetatis
2152 965 2595 1055 conspicerent

285 1072 350 1128 et
402 1065 908 1147 perpenderent,
971 1064 1307 1129 tendentia
1368 1067 1683 1150 quaedam
1743 1071 1886 1131 orta
1948 1073 2045 1130 est
2105 1066 2598 1149 reformationis

275 1182 447 1243 quae
515 1161 640 1225 dici
706 1161 890 1226 solet.
1008 1159 1415 1226 Promotores
1485 1171 1550 1225 et
1610 1170 2123 1247 propugnatores
2189 1164 2379 1249 hujus
2450 1174 2595 1230 ten-

200 1321 203 1325 .
283 1258 543 1322 dentiae
604 1259 670 1322 in
740 1257 975 1323 Gallia
1014 1280 1166 1341 prae
1235 1259 1498 1323 caeteris
1569 1259 1836 1323 fuerunt
1899 1258 2133 1323 Petrus
2200 1261 2281 1324 ab
2346 1261 2595 1342 Alliaco

274 1355 367 1436 (d'
372 1354 602 1439 Amy),
645 1354 952 1420 Nicolaus
998 1355 1074 1419 de
1117 1354 1484 1440 Clemangis
1534 1361 1600 1420 et
1628 1354 1918 1420 Joannes
1957 1355 2248 1421 Charlier
2296 1380 2409 1421 seu
2443 1359 2595 1424 Ger·

282 1451 591 1536 soniuS,¹.)
678 1452 973 1516 Fuerunt
994 1445 1271 1534 quidem
1319 1453 1428 1516 isti
1474 1453 1595 1517 viri
1643 1474 1992 1537 eorumque
2040 1454 2223 1517 amici
2274 1454 2595 1521 Ecclesiae

281 1550 733 1626 addictissimi,
797 1554 864 1613 et
919 1548 1085 1612 vires
1148 1570 1298 1611 suas
1353 1548 1572 1613 sedulo
1634 1549 2121 1632 impenderunt,
2186 1557 2260 1614 ut
2316 1553 2594 1618 schisma

274 1648 824 1730 exstingueretur,
871 1645 981 1709 sed
1025 1645 1396 1709 tendentiae
1446 1667 1666 1710 eorum
1714 1668 1779 1709 se
1827 1646 2225 1711 miscuerunt
2274 1650 2596 1715 elementa

273 1744 599 1829 quaedam
646 1744 809 1807 falsa
855 1748 922 1806 et
967 1741 1288 1807 Ecclesiae
1336 1742 1710 1825 perniciosa.

460 1896 520 1960 3.
580 1894 719 1958 Hac
772 1892 849 1956 de
895 1914 963 1956 re
1009 1892 1139 1956 ista
1183 1896 1544 1975 opportune
1589 1894 2157 1957 animadvertenda
2211 1895 2592 1961 obveniunt:
2632 1906 2899 1978 'Pendpntiao

285 1988 354 2054 1⁰
399 1991 608 2068 Quum
669 1990 796 2053 illis
842 1990 995 2053 viris
1040 1988 1115 2051 de
1161 1989 1453 2073 legitimo
1510 1990 1893 2072 pontificatu
1940 1989 2293 2055 Clementis
2322 1992 2468 2057 VH.
2528 2000 2593 2057 et
2671 1981 2871 2013 ‘mmm‘

278 2086 618 2152 Benedicti
676 2085 864 2151 XIII.
936 2107 1312 2169 persuasum
1385 2108 1516 2149 non
1585 2092 1782 2163 esset,
1859 2087 2097 2169 optime
2177 2093 2347 2153 certe
2417 2090 2595 2154 fecis·
2629 2074 2724 2142 iffi.

281 2191 456 2262 sent,
514 2185 569 2248 si
624 2186 701 2249 de
753 2183 962 2247 valida
1019 2183 1334 2247 electione
1381 2181 1632 2246 Urbani
1690 2183 1908 2247 sedulo
1953 2183 2469 2266 inquisivissent,
2530 2194 2596 2251 et

280 2286 793 2366 perseverassent
870 2282 939 2343 in
1010 2281 1210 2362 prima
1281 2280 1392 2343 illa
1462 2278 1921 2344 Universitatis
1990 2281 2387 2360 intentione,
2465 2306 2594 2367 qua

192 2462 195 2466 .
280 2378 549 2443 Urbano
603 2377 719 2446 VI.
797 2376 1108 2462 adhaesit.
1233 2374 1354 2439 Sed
1417 2376 1552 2440 sive
1619 2377 1685 2440 id
1759 2377 2130 2460 provenerit
2200 2399 2278 2440 ex
2345 2381 2590 2463 negotii

273 2474 694 2553 difficultate,
759 2476 892 2540 sive
956 2496 1033 2539 ex
1098 2475 1421 2558 pressione
1485 2474 1844 2558 principum
1907 2494 1979 2537 ac
2044 2495 2377 2557 procerum
2435 2475 2588 2541 Gal·

276 2574 402 2637 liae
462 2577 528 2637 et
587 2573 835 2656 patriae
893 2570 1419 2655 praedilectione,
1486 2570 1568 2634 ab
1622 2570 1960 2655 agnitione
2014 2569 2406 2635 Pontificum
2464 2573 2590 2637 Ro-

276 2691 615 2734 manorum
672 2692 819 2734 mox
875 2669 1301 2742 destiterunt,
1362 2673 1429 2732 et
1477 2668 1729 2732 efficere
1778 2668 1904 2732 nisi
1961 2672 2141 2749 sunt,
2192 2674 2266 2732 ut
2322 2675 2588 2754 uterque

271 2788 356 2829 ex
401 2766 945 2830 contendentibus
1001 2765 1079 2828 ad
1130 2766 1481 2830 cessionem
1530 2766 1948 2828 consentiret.
2040 2763 2248 2840 Quum
2293 2786 2444 2829 vero
2490 2789 2586 2830 re·

275 2863 566 2927 verentia
633 2883 784 2945 erga
842 2884 1180 2945 personam
1241 2860 1589 2926 Clementis
1655 2866 1721 2924 et
1784 2860 2121 2925 Benedicti
2184 2862 2267 2926 ob
2328 2862 2585 2927 modum

270 2959 509 3044 agendi
573 2980 794 3023 eorum
858 2959 1061 3042 magis
1131 2960 1466 3043 magisque
1530 2957 2025 3041 diminueretur,
2094 2959 2412 3043 simulque
2476 2961 2586 3025 do-

275 3063 483 3121 ctores
529 3056 624 3120 illi
672 3057 1041 3120 niterentur
1087 3056 1398 3139 principia
1443 3054 1793 3133 adstruere,
1839 3077 1916 3117 ex
1964 3055 2193 3138 quibus
2245 3055 2587 3122 Pontifices

270 3153 353 3216 ad
412 3153 885 3220 abdicationem
947 3156 1208 3235 possent
1270 3173 1496 3236 urgere
1559 3157 1623 3216 et
1687 3172 1939 3235 cogere,
2016 3154 2373 3217 renitentes
2435 3176 2585 3219 vero

267 3249 609 3334 deponere,
654 3250 804 3314 inde
849 3249 1090 3315 factum
1140 3252 1255 3324 est,
1305 3254 1375 3311 ut
1425 3248 1785 3312 reverentia
1831 3270 2084 3333 quoque
2124 3251 2323 3333 ipsius
2372 3250 2585 3335 digni-

448 3457 493 3520 1)
530 3457 729 3511 Petrus
769 3457 835 3510 ab
873 3456 1089 3510 Alliaco
1136 3473 1183 3510 a.
1223 3459 1362 3510 1350
1399 3455 1717 3522 compendii
1763 3463 1953 3521 natuS,
1998 3455 2177 3509 factus
2225 3463 2313 3511 est
2356 3475 2403 3512 a.
2446 3461 2585 3512 1380
2619 3516 2630 3525 ‚

176 3574 180 3577 ψ
268 3537 479 3591 Doctor
529 3536 905 3607 Sorboniensis
961 3540 1015 3589 et
1072 3553 1121 3589 a.
1174 3538 1310 3589 1389
1363 3535 1735 3589 cancellarius
1786 3534 2181 3588 Universitatis
2229 3536 2581 3592 Parisiensis.

267 3617 319 3668 A
367 3616 668 3671 Benedicto
719 3616 874 3669 XIII.
933 3625 1150 3670 creatus
1204 3622 1287 3670 est
1342 3632 1390 3668 a.
1441 3617 1580 3667 1396
1634 3613 1922 3680 episcopus
1974 3611 2383 3670 Cambracensis
2439 3623 2495 3671 et
2551 3634 2584 3671 a

265 3695 483 3750 Joanne
520 3696 730 3748 XXIII.
769 3711 816 3748 a.
858 3698 990 3748 1411
1031 3695 1212 3749 factus
1250 3700 1338 3749 est
1377 3691 1705 3747 CardinaliS.
1741 3706 1810 3728 —·-
1847 3691 1929 3744 De
1967 3691 2193 3748 Nicolao
2232 3696 2298 3748 de
2338 3696 2583 3750 Cleman·

264 3774 360 3841 gis
391 3774 507 3842 jam
545 3773 789 3841 superius
828 3790 1000 3842 pauca
1044 3775 1294 3827 diximus.
1345 3803 1414 3810 —
1459 3771 1701 3825 Joannes
1740 3768 1986 3823 Charlier
2031 3786 2077 3824 a.
2119 3774 2255 3826 1363
2292 3782 2455 3828 natus
2495 3782 2582 3830 est

268 3851 327 3904 in
377 3853 498 3905 vico
536 3852 744 3907 Gerson
792 3854 1060 3908 dioecesis
1097 3851 1448 3917 RhemensiS,
1497 3851 1639 3904 unde
1693 3854 1748 3902 et
1792 3847 2046 3902 Gersonii
2090 3867 2283 3906 nomen
2326 3854 2582 3911 obtinuit.

269 3931 635 3985 Doctissimus
662 3931 770 3985 fuit
806 3932 863 3984 in
888 3932 1049 3986 rebus
1088 3929 1437 3999 theologicis,
1477 3927 1879 3984 Universitatis
1907 3926 2240 3984 Parisiensis
2278 3931 2487 3986 Doctor
2524 3938 2581 3988 et

264 4009 668 4076 CancellariuS‚
716 4027 781 4065 ac
827 4011 1111 4065 schismati
1159 4010 1525 4078 componendo
1572 4010 1800 4062 multum
1846 4010 2211 4065 adlaboravit.
2283 4010 2581 4078 Proposuit

261 4095 453 4143 autem
500 4090 668 4143 variis
720 4089 948 4157 scriptis
1000 4090 1303 4155 doctrinas,
1355 4106 1491 4156 quae
1539 4104 1704 4143 verae
1747 4089 2030 4145 Ecclesiae
2084 4089 2468 4145 constitutioni
2520 4099 2576 4145 et

261 4168 500 4223 Romani
537 4168 820 4222 Pontificis
857 4170 1179 4224 auctoritati
1217 4171 1592 4223 adversantur.

368 4264 632 4315 Jungmann,
679 4264 1032 4306 Dissertationes.
1071 4265 1193 4305 Tom.
1222 4263 1305 4305 VI.
2302 4259 2367 4312 19
