3281 5014
976 514 979 515 γ
1015 463 1317 519 Dissidium
1355 481 1474 519 cum
1512 463 1979 519 ColumnensibuS.
2580 466 2648 518 33

337 606 526 671 fidem
573 606 1108 671 Columnensibus
1156 611 1221 669 et
1267 605 1706 672 Praenestinis
1760 608 1831 671 in
1878 607 2077 691 pactis
2123 606 2369 683 datam,
2425 607 2650 672 civita-

337 709 467 769 tem
489 752 506 783 ,
563 725 758 787 quum
806 703 1054 767 reddita
1110 707 1302 777 esset,
1358 703 1558 767 fuisse
1613 707 1934 767 vastatam
1988 707 2055 767 et
2106 703 2515 769 destructam.
2563 739 2649 748 —

336 798 527 865 Hanc
573 800 1044 876 narrationem,
1093 799 1385 882 quamvis
1428 821 1618 882 saepe
1664 800 2035 883 repetitam,
2085 821 2324 864 meram
2373 821 2507 864 esse
2553 799 2647 863 fa·

337 897 573 961 bellam
632 900 926 960 auctores
980 894 1167 960 modo
1212 896 1351 979 jam
1408 897 1862 973 consentiunt3
1921 901 1988 960 et
2045 897 2218 961 inter
2267 897 2425 961 alios
2469 896 2651 960 Tosti

339 994 383 1058 l.
431 1014 483 1057 c.
527 992 592 1056 id
637 991 853 1056 solidis
899 992 1298 1077 argumentis
1346 992 1660 1075 probavit.
1751 994 2078 1078 Imprimis
2125 991 2330 1058 Guido
2377 1015 2452 1057 eo
2495 997 2653 1056 tem·

340 1111 492 1173 pore
563 1110 690 1172 quo
764 1088 1118 1154 Praeneste
1186 1090 1254 1153 in
1324 1111 1551 1154 manus
1623 1089 1942 1155 Bonifatii
2007 1091 2335 1174 pervenit,
2418 1088 2653 1153 Assisii

340 1187 476 1250 vita
523 1185 786 1250 functus
830 1189 929 1250 est
975 1188 1222 1264 (mense
1262 1184 1626 1269 Septembri
1673 1210 1732 1253 a.
1770 1188 1985 1266 1298),
2034 1187 2319 1270 adeoque
2355 1187 2492 1271 jam
2538 1207 2654 1270 per

340 1304 410 1347 se
456 1303 588 1346 non
637 1286 735 1346 est
779 1281 1128 1365 probabile,
1173 1282 1412 1365 ipsum,
1470 1282 1969 1350 Franciscanum
2028 1284 2222 1348 morti
2269 1283 2651 1368 proximum,

339 1400 610 1463 magnas
682 1384 899 1462 partes
968 1378 1038 1442 in
1105 1379 1217 1443 illo
1286 1379 1454 1443 bello
1522 1380 1806 1446 finiendo
1869 1380 2185 1445 habuisse.
2296 1377 2653 1462 Scriptores

338 1475 488 1539 dein
534 1474 751 1539 coaevi
796 1474 1082 1541 historici
1121 1476 1242 1540 hac
1288 1476 1364 1539 de
1407 1498 1476 1541 re
1515 1476 1677 1541 nihil
1717 1477 2033 1542 referunt.
2115 1476 2459 1540 Praeterea
2503 1496 2654 1539 vero

338 1592 418 1635 ex
463 1572 618 1654 ipsis
664 1571 851 1637 factis
898 1573 1255 1657 colligitur,
1303 1571 1475 1637 haud
1519 1575 1720 1656 pactis
1766 1573 1979 1650 initis,
2042 1572 2151 1637 sed
2198 1571 2284 1635 ad
2325 1568 2653 1635 discretio-

339 1687 484 1732 nem
549 1668 883 1737 Pontificis
950 1669 1323 1735 Cardinales
1388 1670 1851 1735 Columnenses
1919 1692 1987 1734 se
2060 1660 2292 1754 atque
2320 1669 2655 1734 castellum

339 1748 841 1830 Praenestinum
888 1765 1222 1832 Bonifatio
1278 1765 1634 1832 tradidisse.
1724 1766 1929 1842 Quum
1991 1771 2216 1850 postea
2266 1764 2654 1830 Columnen-

339 1883 440 1925 ses
485 1861 549 1925 id
593 1870 914 1946 negarent
961 1869 1028 1928 et
1057 1861 1456 1927 Bonifatium
1505 1870 1905 1939 accusarent,
1953 1863 2122 1948 quod
2164 1867 2423 1947 praeter
2463 1861 2653 1925 fidem

341 1958 592 2037 datam,
650 1959 978 2024 civitatem
1038 1957 1492 2037 destruxisset,
1568 1980 1781 2024 coram
1846 1957 2175 2024 Clemente
2207 1958 2288 2023 V.
2358 1980 2413 2023 a.
2486 1958 2652 2022 1305

343 2055 730 2120 Franciscus
778 2055 962 2120 Oard.
1014 2054 1326 2140 Gasani,
1383 2059 1456 2119 ut
1501 2053 1820 2120 Bonifatii
1868 2058 2237 2121 memoriam
2277 2054 2655 2130 vindicaret,

342 2153 545 2217 solida
585 2153 1145 2236 argumentatione
1202 2152 1516 2236 ejusmodi
1573 2153 1925 2217 calumnias
1978 2153 2366 2230 confutavit,
2421 2156 2487 2216 et
2531 2151 2653 2215 cle-

344 2249 625 2314 mentiae
686 2272 761 2314 ac
821 2248 1284 2313 misericordiae
1345 2246 1661 2313 Bonifatii
1723 2249 1869 2313 illos
1942 2271 2008 2313 se
2066 2248 2454 2314 commisisse
2510 2270 2652 2331 pro·

342 2344 541 2411 bavit.
588 2381 676 2393 -·
721 2345 957 2422 Quodsi
1005 2347 1368 2429 quaeritur,
1425 2345 1595 2410 unde
1636 2343 1889 2410 Dantes
1945 2346 2178 2429 aliique
2236 2345 2332 2410 illi
2385 2345 2652 2426 scripto-

340 2464 443 2506 res
513 2442 763 2507 fabulas
832 2464 980 2506 suas
1054 2442 1465 2527 collegerint,
1542 2443 1874 2527 responsio
1946 2442 2115 2507 haud
2186 2446 2285 2506 est
2354 2440 2655 2507 difficilis.

341 2539 644 2605 Fortasse
713 2539 969 2625 aliquod
1041 2540 1373 2605 consilium
1446 2539 1817 2605 Bonifatius
1884 2562 1921 2603 a
1990 2537 2287 2605 Guidone
2358 2539 2655 2623 petierat,

340 2659 669 2721 quumque
712 2641 935 2720 postea
980 2636 1330 2700 destructio
1375 2635 1653 2700 civitatis
1699 2635 2161 2701 Praenestinae
2220 2635 2438 2700 multis
2484 2639 2656 2699 esset

339 2732 586 2812 odiosa,
658 2732 1254 2817 Columnensesque
1316 2732 1711 2796 rebellantes
1780 2733 2332 2797 calumniarentur
2390 2730 2653 2797 Bonifa—

338 2830 504 2894 tium
570 2830 649 2894 de
710 2831 956 2914 injusto
1021 2828 1251 2914 agendi
1314 2829 1502 2894 modo
1568 2828 1825 2912 fideque
1884 2833 2218 2912 pactorum
2279 2829 2482 2906 laesa,
2541 2850 2651 2892 ru-

338 2948 550 2992 mores
598 2932 663 2991 et
706 2927 1112 2991 narrationes
1157 2925 1495 3009 populares
1533 2924 1839 2990 Pontifici
1884 2911 2318 2991 detrahentes
2348 2925 2495 2989 inde
2542 2946 2653 2989 ex-

337 3029 482 3089 orta
547 3028 722 3089 sunt.
832 3022 1080 3088 Dantes
1144 3044 1294 3087 vero
1357 3025 1438 3087 ob
1507 3044 1733 3087 causas
1799 3023 2118 3107 politicas,
2189 3020 2314 3103 (uti
2382 3021 2654 3085 inferius

337 3118 864 3204 explicabimus),
920 3118 1249 3184 Bonifatio
1290 3118 1474 3183 valde
1514 3118 1841 3195 infensus,
1897 3119 2148 3183 ardenti
2191 3118 2655 3202 imaginatione

336 3218 585 3302 poesim
648 3239 830 3281 suam
885 3216 1264 3299 composuit,
1336 3215 1672 3299 ipsumque
1735 3215 1923 3280 multi
1990 3214 2099 3280 alii
2160 3215 2500 3297 scriptores
2559 3234 2656 3277 se·

339 3314 471 3379 cuti
518 3318 691 3378 sunt.
701 3308 751 3396 ¹)

520 3445 625 3508 35.
673 3441 1311 3507 Commemorandum
1356 3444 1598 3527 pariter
1643 3444 1764 3509 hoc
1806 3445 1975 3520 1000,
2038 3441 2234 3506 etiam
2281 3440 2658 3526 Erancisca-

342 3564 460 3607 nos
507 3541 651 3605 illos
696 3539 963 3614 zeloteS,
1019 3561 1093 3603 ac
1149 3540 1477 3622 speciatim
1535 3539 1971 3628 Jacoponum,
2028 3540 2101 3603 in
2145 3537 2497 3602 rebellione
2545 3536 2659 3602 Co-

268 3679 277 3700 .
343 3637 777 3703 Γυῖῃῐιὸηεῑιιηι
849 3623 1204 3717 implicatos
1277 3636 1505 3719 fuisse3
1584 3635 1919 3701 Bonifatio
1984 3636 2155 3700 enim
2228 3634 2658 3717 adversantes,

340 3733 688 3801 rebellibus
732 3731 873 3796 istis
917 3730 1244 3796 favebant.
1333 3731 1702 3815 Jacoponus
1747 3732 1868 3797 hoc
1910 3737 2199 3815 tempore
2245 3754 2283 3795 a
2326 3729 2657 3798 Bonifatio

340 3830 579 3898 carceri
638 3826 978 3892 mandatus
1035 3827 1194 3908 fuit,
1179 3852 1194 3868 ·
1258 3829 1339 3893 ab
1394 3830 1534 3914 ipso
1592 3834 1809 3894 autem
1869 3834 1935 3894 et
1978 3830 2121 3893 aliis
2175 3834 2333 3894 tunc
2390 3831 2658 3895 acerbae

341 3928 642 4014 querelae
721 3929 785 3989 et
852 3877 1292 3989 accusationes
1355 3925 1425 3990 in
1494 3925 1873 3991 Pontificem
1944 3924 2222 3991 directae
2299 3926 2506 4004 fuere,
2592 3931 2659 3991 et

340 4047 538 4109 quum
595 4019 1007 4104 caeteroquin
1065 4019 1187 4083 viri
1243 4021 1337 4085 illi
1392 4023 1583 4107 rigidi
1644 4029 1864 4086 essent
1922 4045 1995 4087 ac
2048 4043 2287 4106 magna
2338 4022 2405 4086 in
2462 4024 2656 4088 aesti-

528 4192 1008 4259 ¹)Cfr.Tosti,1.
1049 4209 1094 4246 c.

2376 4281 2440 4335 3*
