<?xml version="1.0" encoding="UTF-8"?>
<!DOCTYPE html PUBLIC "-//W3C//DTD XHTML 1.0 Transitional//EN"
    "http://www.w3.org/TR/xhtml1/DTD/xhtml1-transitional.dtd">
<html xmlns="http://www.w3.org/1999/xhtml" xml:lang="en" lang="en">
 <head>
  <title>
</title>
<meta http-equiv="Content-Type" content="text/html;charset=utf-8" />
  <meta name='ocr-system' content='tesseract 3.04.00' />
  <meta name='ocr-capabilities' content='ocr_page ocr_carea ocr_par ocr_line ocrx_word'/>
</head>
<body>
  <div class='ocr_page' id='page_1' title='image "./dissertationess05junggoog_0186.png"; bbox 0 0 3281 5014; ppageno 0'>
   <div class='ocr_carea' id='block_1_1' title="bbox 696 377 2587 440">
    <p class='ocr_par' dir='ltr' id='par_1_1' title="bbox 696 377 2587 440">
     <span class='ocr_line' id='line_1_1' title="bbox 696 377 2587 440; baseline 0.002 -5"><span class='ocrx_word' id='word_1_1' title='bbox 696 383 798 436; x_wconf 87' lang='grc'>180</span> <span class='ocrx_word' id='word_1_2' title='bbox 841 377 844 378; x_wconf 57' lang='grc'>’</span> <span class='ocrx_word' id='word_1_3' title='bbox 1112 382 1341 436; x_wconf 89' lang='lat' dir='ltr'>XXXII.</span> <span class='ocrx_word' id='word_1_4' title='bbox 1380 382 1463 438; x_wconf 88' lang='lat' dir='ltr'>De</span> <span class='ocrx_word' id='word_1_5' title='bbox 1498 382 1855 437; x_wconf 88' lang='lat' dir='ltr'>Pontificibus</span> <span class='ocrx_word' id='word_1_6' title='bbox 1893 384 2175 440; x_wconf 86' lang='lat' dir='ltr'>Aveuione</span> <span class='ocrx_word' id='word_1_7' title='bbox 2224 385 2587 440; x_wconf 85' lang='lat' dir='ltr'>commoratis.</span> 
     </span>
    </p>
   </div>
   <div class='ocr_carea' id='block_1_2' title="bbox 688 523 3012 3004">
    <p class='ocr_par' dir='ltr' id='par_1_2' title="bbox 688 523 3012 3004">
     <span class='ocr_line' id='line_1_2' title="bbox 694 523 3005 611; baseline 0.001 -23"><span class='ocrx_word' id='word_1_8' title='bbox 694 524 1186 607; x_wconf 87' lang='lat' dir='ltr'>sumptibilium‚</span> <span class='ocrx_word' id='word_1_9' title='bbox 1248 523 1342 587; x_wconf 91' lang='lat' dir='ltr'>uti</span> <span class='ocrx_word' id='word_1_10' title='bbox 1393 545 1706 600; x_wconf 85' lang='lat' dir='ltr'>escarum,</span> <span class='ocrx_word' id='word_1_11' title='bbox 1768 525 1962 589; x_wconf 89' lang='lat' dir='ltr'>talem</span> <span class='ocrx_word' id='word_1_12' title='bbox 2021 548 2194 602; x_wconf 84' lang='lat' dir='ltr'>esse,</span> <span class='ocrx_word' id='word_1_13' title='bbox 2259 548 2423 611; x_wconf 89' lang='lat' dir='ltr'>quae</span> <span class='ocrx_word' id='word_1_14' title='bbox 2471 549 2605 592; x_wconf 90' lang='lat' dir='ltr'>non</span> <span class='ocrx_word' id='word_1_15' title='bbox 2659 527 2831 592; x_wconf 88' lang='lat' dir='ltr'>solos</span> <span class='ocrx_word' id='word_1_16' title='bbox 2879 527 3005 591; x_wconf 91' lang='lat' dir='ltr'>Mi·</span> 
     </span>
     <span class='ocr_line' id='line_1_3' title="bbox 697 619 3006 705; baseline 0.002 -21"><span class='ocrx_word' id='word_1_17' title='bbox 697 643 886 685; x_wconf 90' lang='lat' dir='ltr'>nores</span> <span class='ocrx_word' id='word_1_18' title='bbox 943 619 1052 684; x_wconf 90' lang='lat' dir='ltr'>sed</span> <span class='ocrx_word' id='word_1_19' title='bbox 1108 620 1463 704; x_wconf 77' lang='lat' dir='ltr'>generatim</span> <span class='ocrx_word' id='word_1_20' title='bbox 1522 620 1851 704; x_wconf 87' lang='lat' dir='ltr'>religiosos</span> <span class='ocrx_word' id='word_1_21' title='bbox 1905 622 2255 705; x_wconf 70' lang='lat' dir='ltr'><strong>spectabat.</strong></span> <span class='ocrx_word' id='word_1_22' title='bbox 2345 622 2787 699; x_wconf 85' lang='lat' dir='ltr'>Quaerebatur</span> <span class='ocrx_word' id='word_1_23' title='bbox 2828 625 3006 688; x_wconf 87' lang='lat' dir='ltr'>vide·</span> 
     </span>
     <span class='ocr_line' id='line_1_4' title="bbox 695 716 3007 799; baseline 0.001 -18"><span class='ocrx_word' id='word_1_24' title='bbox 695 717 873 792; x_wconf 81' lang='lat' dir='ltr'>licet,</span> <span class='ocrx_word' id='word_1_25' title='bbox 935 723 1151 781; x_wconf 88' lang='lat' dir='ltr'>utrum</span> <span class='ocrx_word' id='word_1_26' title='bbox 1208 716 1563 799; x_wconf 80' lang='lat' dir='ltr'>proprietas</span> <span class='ocrx_word' id='word_1_27' title='bbox 1624 716 1881 782; x_wconf 89' lang='lat' dir='ltr'>illarum</span> <span class='ocrx_word' id='word_1_28' title='bbox 1937 740 2178 798; x_wconf 86' lang='lat' dir='ltr'>rerum,</span> <span class='ocrx_word' id='word_1_29' title='bbox 2233 719 2386 783; x_wconf 91' lang='lat' dir='ltr'>dum</span> <span class='ocrx_word' id='word_1_30' title='bbox 2448 742 2563 783; x_wconf 88' lang='lat' dir='ltr'>usu</span> <span class='ocrx_word' id='word_1_31' title='bbox 2622 741 3007 784; x_wconf 88' lang='lat' dir='ltr'>consumun-</span> 
     </span>
     <span class='ocr_line' id='line_1_5' title="bbox 695 812 3005 897; baseline 0.002 -20"><span class='ocrx_word' id='word_1_32' title='bbox 695 817 830 890; x_wconf 86' lang='lat' dir='ltr'>tur,</span> <span class='ocrx_word' id='word_1_33' title='bbox 898 812 1389 896; x_wconf 71' lang='lat' dir='ltr'>particularibus</span> <span class='ocrx_word' id='word_1_34' title='bbox 1452 812 1768 897; x_wconf 82' lang='lat' dir='ltr'>religiosis</span> <span class='ocrx_word' id='word_1_35' title='bbox 1831 814 2168 879; x_wconf 90' lang='lat' dir='ltr'>utentibus</span> <span class='ocrx_word' id='word_1_36' title='bbox 2234 816 2638 896; x_wconf 86' lang='lat' dir='ltr'>conveniret,</span> <span class='ocrx_word' id='word_1_37' title='bbox 2707 837 2790 880; x_wconf 87' lang='lat' dir='ltr'>an</span> <span class='ocrx_word' id='word_1_38' title='bbox 2854 839 3005 881; x_wconf 88' lang='lat' dir='ltr'>vero</span> 
     </span>
     <span class='ocr_line' id='line_1_6' title="bbox 688 906 3007 997; baseline 0 -21"><span class='ocrx_word' id='word_1_39' title='bbox 688 914 951 977; x_wconf 87' lang='lat' dir='ltr'>sanctae</span> <span class='ocrx_word' id='word_1_40' title='bbox 1011 908 1154 972; x_wconf 82' lang='lat' dir='ltr'>Sodi</span> <span class='ocrx_word' id='word_1_41' title='bbox 1217 906 1455 992; x_wconf 90' lang='lat' dir='ltr'>(quoad</span> <span class='ocrx_word' id='word_1_42' title='bbox 1515 907 2034 989; x_wconf 86' lang='lat' dir='ltr'>Franciscauos)‚</span> <span class='ocrx_word' id='word_1_43' title='bbox 2096 912 2197 977; x_wconf 83' lang='lat' dir='ltr'>vel</span> <span class='ocrx_word' id='word_1_44' title='bbox 2257 913 2706 977; x_wconf 65' lang='lat' dir='ltr'>communitati</span> <span class='ocrx_word' id='word_1_45' title='bbox 2765 911 3007 997; x_wconf 88' lang='lat' dir='ltr'>(quoad</span> 
     </span>
     <span class='ocr_line' id='line_1_7' title="bbox 693 1004 3004 1090; baseline 0 -18"><span class='ocrx_word' id='word_1_46' title='bbox 693 1009 850 1073; x_wconf 87' lang='lat' dir='ltr'>alios</span> <span class='ocrx_word' id='word_1_47' title='bbox 920 1005 1329 1090; x_wconf 87' lang='lat' dir='ltr'>Religiosos).</span> <span class='ocrx_word' id='word_1_48' title='bbox 1438 1004 1726 1070; x_wconf 87' lang='lat' dir='ltr'>Joannes</span> <span class='ocrx_word' id='word_1_49' title='bbox 1797 1008 2101 1090; x_wconf 85' lang='lat' dir='ltr'>putabat,</span> <span class='ocrx_word' id='word_1_50' title='bbox 2177 1030 2254 1073; x_wconf 87' lang='lat' dir='ltr'>ex</span> <span class='ocrx_word' id='word_1_51' title='bbox 2327 1010 2420 1074; x_wconf 89' lang='lat' dir='ltr'>rei</span> <span class='ocrx_word' id='word_1_52' title='bbox 2484 1015 2722 1073; x_wconf 90' lang='lat' dir='ltr'>natura</span> <span class='ocrx_word' id='word_1_53' title='bbox 2782 1014 2848 1075; x_wconf 88' lang='lat' dir='ltr'>et</span> <span class='ocrx_word' id='word_1_54' title='bbox 2923 1009 3004 1075; x_wconf 93' lang='lat' dir='ltr'>ob</span> 
     </span>
     <span class='ocr_line' id='line_1_8' title="bbox 693 1100 3001 1196; baseline 0 -28"><span class='ocrx_word' id='word_1_55' title='bbox 693 1107 1076 1188; x_wconf 83' lang='lat' dir='ltr'>argumenta</span> <span class='ocrx_word' id='word_1_56' title='bbox 1120 1100 1553 1185; x_wconf 87' lang='lat' dir='ltr'>philosophica</span> <span class='ocrx_word' id='word_1_57' title='bbox 1606 1106 1671 1166; x_wconf 90' lang='lat' dir='ltr'>et</span> <span class='ocrx_word' id='word_1_58' title='bbox 1711 1103 2018 1187; x_wconf 83' lang='lat' dir='ltr'>juridica,</span> <span class='ocrx_word' id='word_1_59' title='bbox 2073 1124 2268 1170; x_wconf 77' lang='lat' dir='ltr'>usum</span> <span class='ocrx_word' id='word_1_60' title='bbox 2313 1111 2380 1169; x_wconf 87' lang='lat' dir='ltr'>et</span> <span class='ocrx_word' id='word_1_61' title='bbox 2388 1104 2887 1196; x_wconf 64' lang='lat' dir='ltr'>peratem</span> <span class='ocrx_word' id='word_1_62' title='bbox 2931 1107 3001 1169; x_wconf 91' lang='lat' dir='ltr'>in</span> 
     </span>
     <span class='ocr_line' id='line_1_9' title="bbox 694 1182 3004 1306; baseline 0 -40"><span class='ocrx_word' id='word_1_63' title='bbox 694 1201 795 1266; x_wconf 90' lang='lat' dir='ltr'>his</span> <span class='ocrx_word' id='word_1_64' title='bbox 855 1198 1386 1306; x_wconf 42' lang='lat' dir='ltr'>rePffifflssessafffssi</span> <span class='ocrx_word' id='word_1_65' title='bbox 1441 1220 1570 1262; x_wconf 90' lang='lat' dir='ltr'>non</span> <span class='ocrx_word' id='word_1_66' title='bbox 1581 1221 1839 1298; x_wconf 84' lang='lat' dir='ltr'>posse,</span> <span class='ocrx_word' id='word_1_67' title='bbox 1900 1201 2184 1286; x_wconf 87' lang='lat' dir='ltr'>adeoque</span> <span class='ocrx_word' id='word_1_68' title='bbox 2212 1187 2383 1267; x_wconf 87' lang='lat' dir='ltr'>dum</span> <span class='ocrx_word' id='word_1_69' title='bbox 2448 1202 2729 1287; x_wconf 83' lang='lat' dir='ltr'>religiosi</span> <span class='ocrx_word' id='word_1_70' title='bbox 2786 1182 3004 1267; x_wconf 81' lang='lat' dir='ltr'>dicun·</span> 
     </span>
     <span class='ocr_line' id='line_1_10' title="bbox 697 1284 3009 1383; baseline 0.001 -21"><span class='ocrx_word' id='word_1_71' title='bbox 697 1284 1094 1362; x_wconf 53' lang='grc' dir='ltr'>ὲιῖῖῗίνετθ</span> <span class='ocrx_word' id='word_1_72' title='bbox 1137 1294 1278 1358; x_wconf 92' lang='lat' dir='ltr'>sine</span> <span class='ocrx_word' id='word_1_73' title='bbox 1334 1287 1608 1378; x_wconf 75' lang='lat' dir='ltr'>proprio</span> <span class='ocrx_word' id='word_1_74' title='bbox 1650 1300 1716 1360; x_wconf 91' lang='lat' dir='ltr'>et</span> <span class='ocrx_word' id='word_1_75' title='bbox 1777 1296 1942 1361; x_wconf 85' lang='lat' dir='ltr'>nihil</span> <span class='ocrx_word' id='word_1_76' title='bbox 2006 1299 2358 1383; x_wconf 81' lang='lat' dir='ltr'>possidere,</span> <span class='ocrx_word' id='word_1_77' title='bbox 2418 1298 2485 1363; x_wconf 92' lang='lat' dir='ltr'>id</span> <span class='ocrx_word' id='word_1_78' title='bbox 2548 1320 2703 1364; x_wconf 88' lang='lat' dir='ltr'>sane</span> <span class='ocrx_word' id='word_1_79' title='bbox 2762 1300 3009 1364; x_wconf 88' lang='lat' dir='ltr'>verissi-</span> 
     </span>
     <span class='ocr_line' id='line_1_11' title="bbox 695 1390 3008 1478; baseline 0 -20"><span class='ocrx_word' id='word_1_80' title='bbox 695 1415 871 1458; x_wconf 90' lang='lat' dir='ltr'>mum</span> <span class='ocrx_word' id='word_1_81' title='bbox 934 1413 1095 1468; x_wconf 83' lang='lat' dir='ltr'>esse,</span> <span class='ocrx_word' id='word_1_82' title='bbox 1165 1390 1274 1455; x_wconf 92' lang='lat' dir='ltr'>sed</span> <span class='ocrx_word' id='word_1_83' title='bbox 1330 1413 1464 1456; x_wconf 99' lang='lat' dir='ltr'>non</span> <span class='ocrx_word' id='word_1_84' title='bbox 1529 1414 1708 1474; x_wconf 89' lang='lat' dir='ltr'>posse</span> <span class='ocrx_word' id='word_1_85' title='bbox 1779 1396 2039 1459; x_wconf 87' lang='lat' dir='ltr'>extendi</span> <span class='ocrx_word' id='word_1_86' title='bbox 2103 1396 2183 1459; x_wconf 87' lang='lat' dir='ltr'>ad</span> <span class='ocrx_word' id='word_1_87' title='bbox 2244 1396 2357 1460; x_wconf 91' lang='lat' dir='ltr'>illa</span> <span class='ocrx_word' id='word_1_88' title='bbox 2420 1395 2671 1478; x_wconf 73' lang='lat' dir='ltr'>obiecta</span> <span class='ocrx_word' id='word_1_89' title='bbox 2741 1395 3008 1459; x_wconf 87' lang='lat' dir='ltr'>minuta.</span> 
     </span>
     <span class='ocr_line' id='line_1_12' title="bbox 699 1487 3009 1576; baseline 0.002 -24"><span class='ocrx_word' id='word_1_90' title='bbox 699 1488 923 1567; x_wconf 85' lang='lat' dir='ltr'>Vides,</span> <span class='ocrx_word' id='word_1_91' title='bbox 978 1488 1081 1552; x_wconf 91' lang='lat' dir='ltr'>hic</span> <span class='ocrx_word' id='word_1_92' title='bbox 1126 1488 1228 1572; x_wconf 87' lang='lat' dir='ltr'>agi</span> <span class='ocrx_word' id='word_1_93' title='bbox 1274 1487 1651 1569; x_wconf 90' lang='lat' dir='ltr'>simpliciter</span> <span class='ocrx_word' id='word_1_94' title='bbox 1691 1488 1768 1553; x_wconf 86' lang='lat' dir='ltr'>de</span> <span class='ocrx_word' id='word_1_95' title='bbox 1815 1492 2188 1574; x_wconf 73' lang='lat' dir='ltr'>quaestione</span> <span class='ocrx_word' id='word_1_96' title='bbox 2233 1492 2312 1556; x_wconf 89' lang='lat' dir='ltr'>ad</span> <span class='ocrx_word' id='word_1_97' title='bbox 2367 1491 2835 1576; x_wconf 86' lang='lat' dir='ltr'>philosophiam</span> <span class='ocrx_word' id='word_1_98' title='bbox 2885 1513 3009 1556; x_wconf 91' lang='lat' dir='ltr'>mo-</span> 
     </span>
     <span class='ocr_line' id='line_1_13' title="bbox 697 1585 3009 1672; baseline 0 -21"><span class='ocrx_word' id='word_1_99' title='bbox 697 1588 898 1651; x_wconf 89' lang='lat' dir='ltr'>ralem</span> <span class='ocrx_word' id='word_1_100' title='bbox 946 1590 1014 1649; x_wconf 89' lang='lat' dir='ltr'>et</span> <span class='ocrx_word' id='word_1_101' title='bbox 1054 1586 1164 1669; x_wconf 86' lang='lat' dir='ltr'>jus</span> <span class='ocrx_word' id='word_1_102' title='bbox 1209 1585 1505 1648; x_wconf 86' lang='lat' dir='ltr'>naturale</span> <span class='ocrx_word' id='word_1_103' title='bbox 1550 1585 1947 1668; x_wconf 80' lang='lat' dir='ltr'>pertinente3</span> <span class='ocrx_word' id='word_1_104' title='bbox 1994 1588 2156 1652; x_wconf 90' lang='lat' dir='ltr'>nihil</span> <span class='ocrx_word' id='word_1_105' title='bbox 2206 1610 2393 1672; x_wconf 91' lang='lat' dir='ltr'>porro</span> <span class='ocrx_word' id='word_1_106' title='bbox 2434 1589 2503 1652; x_wconf 90' lang='lat' dir='ltr'>in</span> <span class='ocrx_word' id='word_1_107' title='bbox 2549 1586 2770 1653; x_wconf 89' lang='lat' dir='ltr'>eadem</span> <span class='ocrx_word' id='word_1_108' title='bbox 2811 1587 3009 1653; x_wconf 88' lang='lat' dir='ltr'>Joan·</span> 
     </span>
     <span class='ocr_line' id='line_1_14' title="bbox 698 1680 3010 1760; baseline 0 -13"><span class='ocrx_word' id='word_1_109' title='bbox 698 1705 811 1748; x_wconf 88' lang='lat' dir='ltr'>nes</span> <span class='ocrx_word' id='word_1_110' title='bbox 878 1680 1098 1747; x_wconf 86' lang='lat' dir='ltr'>XXII.</span> <span class='ocrx_word' id='word_1_111' title='bbox 1163 1680 1475 1744; x_wconf 88' lang='lat' dir='ltr'>definivit.</span> <span class='ocrx_word' id='word_1_112' title='bbox 1590 1681 1931 1747; x_wconf 71' lang='lat' dir='ltr'>Contraria</span> <span class='ocrx_word' id='word_1_113' title='bbox 1999 1688 2215 1748; x_wconf 89' lang='lat' dir='ltr'>autem</span> <span class='ocrx_word' id='word_1_114' title='bbox 2283 1686 2647 1760; x_wconf 84' lang='lat' dir='ltr'>sententia,</span> <span class='ocrx_word' id='word_1_115' title='bbox 2716 1683 3010 1748; x_wconf 87' lang='lat' dir='ltr'>videlicet</span> 
     </span>
     <span class='ocr_line' id='line_1_15' title="bbox 697 1776 3010 1865; baseline 0 -21"><span class='ocrx_word' id='word_1_116' title='bbox 697 1780 889 1845; x_wconf 89' lang='lat' dir='ltr'>etiam</span> <span class='ocrx_word' id='word_1_117' title='bbox 948 1778 1157 1863; x_wconf 88' lang='lat' dir='ltr'>quoad</span> <span class='ocrx_word' id='word_1_118' title='bbox 1216 1778 1374 1841; x_wconf 88' lang='lat' dir='ltr'>talia</span> <span class='ocrx_word' id='word_1_119' title='bbox 1428 1776 1744 1861; x_wconf 87' lang='lat' dir='ltr'>religiosis</span> <span class='ocrx_word' id='word_1_120' title='bbox 1806 1781 2297 1862; x_wconf 78' lang='lat' dir='ltr'>particularibus</span> <span class='ocrx_word' id='word_1_121' title='bbox 2359 1781 2816 1865; x_wconf 86' lang='lat' dir='ltr'>proprietatem</span> <span class='ocrx_word' id='word_1_122' title='bbox 2873 1802 3010 1845; x_wconf 90' lang='lat' dir='ltr'>non</span> 
     </span>
     <span class='ocr_line' id='line_1_16' title="bbox 697 1873 3012 1960; baseline 0 -19"><span class='ocrx_word' id='word_1_123' title='bbox 697 1877 1059 1951; x_wconf 83' lang='lat' dir='ltr'>convenire,</span> <span class='ocrx_word' id='word_1_124' title='bbox 1106 1873 1270 1957; x_wconf 85' lang='lat' dir='ltr'>apud</span> <span class='ocrx_word' id='word_1_125' title='bbox 1321 1874 1532 1956; x_wconf 89' lang='lat' dir='ltr'>plures</span> <span class='ocrx_word' id='word_1_126' title='bbox 1579 1873 1915 1960; x_wconf 82' lang='lat' dir='ltr'>theologos</span> <span class='ocrx_word' id='word_1_127' title='bbox 1950 1875 2387 1960; x_wconf 43' lang='lat' dir='ltr'>praevaluit&amp;</span> <span class='ocrx_word' id='word_1_128' title='bbox 2465 1876 2805 1942; x_wconf 84' lang='lat' dir='ltr'>Caeterum</span> <span class='ocrx_word' id='word_1_129' title='bbox 2839 1899 3012 1955; x_wconf 81' lang='lat' dir='ltr'>vero,-</span> 
     </span>
     <span class='ocr_line' id='line_1_17' title="bbox 701 1970 3011 2056; baseline 0 -20"><span class='ocrx_word' id='word_1_130' title='bbox 701 1974 796 2036; x_wconf 84' lang='lat' dir='ltr'>uti</span> <span class='ocrx_word' id='word_1_131' title='bbox 852 1977 1137 2050; x_wconf 87' lang='lat' dir='ltr'>constat,</span> <span class='ocrx_word' id='word_1_132' title='bbox 1197 1970 1514 2034; x_wconf 85' lang='lat' dir='ltr'>Joannem</span> <span class='ocrx_word' id='word_1_133' title='bbox 1573 1976 1836 2054; x_wconf 87' lang='lat' dir='ltr'>propter</span> <span class='ocrx_word' id='word_1_134' title='bbox 1893 1972 2408 2037; x_wconf 84' lang='lat' dir='ltr'>circumstantias</span> <span class='ocrx_word' id='word_1_135' title='bbox 2467 1995 2683 2037; x_wconf 90' lang='lat' dir='ltr'>rerum</span> <span class='ocrx_word' id='word_1_136' title='bbox 2740 1974 3011 2056; x_wconf 87' lang='lat' dir='ltr'>pruden-</span> 
     </span>
     <span class='ocr_line' id='line_1_18' title="bbox 694 2064 3008 2153; baseline -0 -19"><span class='ocrx_word' id='word_1_137' title='bbox 694 2074 795 2134; x_wconf 88' lang='lat' dir='ltr'>ter</span> <span class='ocrx_word' id='word_1_138' title='bbox 837 2090 948 2151; x_wconf 89' lang='lat' dir='ltr'>per</span> <span class='ocrx_word' id='word_1_139' title='bbox 993 2066 1537 2132; x_wconf 89' lang='lat' dir='ltr'>Constitutionem</span> <span class='ocrx_word' id='word_1_140' title='bbox 1588 2064 1696 2130; x_wconf 81' lang='lat' dir='ltr'>Ad</span> <span class='ocrx_word' id='word_1_141' title='bbox 1739 2065 2131 2132; x_wconf 79' lang='lat' dir='ltr'>conditorem</span> <span class='ocrx_word' id='word_1_142' title='bbox 2187 2068 2539 2134; x_wconf 88' lang='lat' dir='ltr'>dominium</span> <span class='ocrx_word' id='word_1_143' title='bbox 2589 2069 2867 2153; x_wconf 90' lang='lat' dir='ltr'>plurium</span> <span class='ocrx_word' id='word_1_144' title='bbox 2915 2090 3008 2133; x_wconf 90' lang='lat' dir='ltr'>re-</span> 
     </span>
     <span class='ocr_line' id='line_1_19' title="bbox 700 2164 3011 2249; baseline 0 -20"><span class='ocrx_word' id='word_1_145' title='bbox 700 2189 838 2230; x_wconf 89' lang='lat' dir='ltr'>rum</span> <span class='ocrx_word' id='word_1_146' title='bbox 895 2164 1218 2229; x_wconf 84' lang='lat' dir='ltr'>Minoritis</span> <span class='ocrx_word' id='word_1_147' title='bbox 1277 2164 1664 2243; x_wconf 86' lang='lat' dir='ltr'>restituisse,</span> <span class='ocrx_word' id='word_1_148' title='bbox 1731 2164 1827 2228; x_wconf 89' lang='lat' dir='ltr'>ita</span> <span class='ocrx_word' id='word_1_149' title='bbox 1887 2172 2226 2249; x_wconf 87' lang='lat' dir='ltr'>postquam</span> <span class='ocrx_word' id='word_1_150' title='bbox 2269 2165 2591 2230; x_wconf 84' lang='lat' dir='ltr'>exstincta</span> <span class='ocrx_word' id='word_1_151' title='bbox 2642 2166 2777 2249; x_wconf 86' lang='lat' dir='ltr'>jam</span> <span class='ocrx_word' id='word_1_152' title='bbox 2840 2169 3011 2230; x_wconf 88' lang='lat' dir='ltr'>esset</span> 
     </span>
     <span class='ocr_line' id='line_1_20' title="bbox 698 2258 3008 2345; baseline -0.001 -19"><span class='ocrx_word' id='word_1_153' title='bbox 698 2261 1190 2345; x_wconf 89' lang='lat' dir='ltr'>praeteritorum</span> <span class='ocrx_word' id='word_1_154' title='bbox 1254 2258 1496 2323; x_wconf 87' lang='lat' dir='ltr'>invidia</span> <span class='ocrx_word' id='word_1_155' title='bbox 1555 2264 1943 2344; x_wconf 86' lang='lat' dir='ltr'>temporum,</span> <span class='ocrx_word' id='word_1_156' title='bbox 2008 2266 2073 2325; x_wconf 91' lang='lat' dir='ltr'>et</span> <span class='ocrx_word' id='word_1_157' title='bbox 2131 2262 2487 2328; x_wconf 90' lang='lat' dir='ltr'>calumniae</span> <span class='ocrx_word' id='word_1_158' title='bbox 2540 2261 2880 2344; x_wconf 89' lang='lat' dir='ltr'>impiorum</span> <span class='ocrx_word' id='word_1_159' title='bbox 2938 2262 3008 2324; x_wconf 91' lang='lat' dir='ltr'>in</span> 
     </span>
     <span class='ocr_line' id='line_1_21' title="bbox 699 2356 3008 2440; baseline -0 -17"><span class='ocrx_word' id='word_1_160' title='bbox 699 2357 927 2423; x_wconf 83' lang='lat' dir='ltr'>Sedem</span> <span class='ocrx_word' id='word_1_161' title='bbox 985 2357 1420 2440; x_wconf 88' lang='lat' dir='ltr'>Apostolicam</span> <span class='ocrx_word' id='word_1_162' title='bbox 1476 2356 1768 2439; x_wconf 88' lang='lat' dir='ltr'>sepultae</span> <span class='ocrx_word' id='word_1_163' title='bbox 1824 2358 2145 2423; x_wconf 84' lang='lat' dir='ltr'>oblivione</span> <span class='ocrx_word' id='word_1_164' title='bbox 2204 2362 2452 2434; x_wconf 85' lang='lat' dir='ltr'>essent,</span> <span class='ocrx_word' id='word_1_165' title='bbox 2511 2356 2783 2422; x_wconf 89' lang='lat' dir='ltr'>Romani</span> <span class='ocrx_word' id='word_1_166' title='bbox 2831 2356 3008 2422; x_wconf 92' lang='lat' dir='ltr'>Pon-</span> 
     </span>
     <span class='ocr_line' id='line_1_22' title="bbox 695 2452 3009 2539; baseline -0 -19"><span class='ocrx_word' id='word_1_167' title='bbox 695 2456 900 2520; x_wconf 88' lang='lat' dir='ltr'>tifices</span> <span class='ocrx_word' id='word_1_168' title='bbox 960 2454 1271 2539; x_wconf 87' lang='lat' dir='ltr'>pristinae</span> <span class='ocrx_word' id='word_1_169' title='bbox 1329 2453 1399 2518; x_wconf 91' lang='lat' dir='ltr'>in</span> <span class='ocrx_word' id='word_1_170' title='bbox 1464 2452 1749 2519; x_wconf 89' lang='lat' dir='ltr'>Minores</span> <span class='ocrx_word' id='word_1_171' title='bbox 1809 2454 2295 2521; x_wconf 84' lang='lat' dir='ltr'>benevolentiae</span> <span class='ocrx_word' id='word_1_172' title='bbox 2356 2454 2570 2521; x_wconf 85' lang='lat' dir='ltr'>officia</span> <span class='ocrx_word' id='word_1_173' title='bbox 2628 2454 3009 2538; x_wconf 85' lang='lat' dir='ltr'>explicuere.</span> 
     </span>
     <span class='ocr_line' id='line_1_23' title="bbox 699 2549 3009 2635; baseline -0.001 -19"><span class='ocrx_word' id='word_1_174' title='bbox 699 2552 883 2617; x_wconf 89' lang='lat' dir='ltr'>Inter</span> <span class='ocrx_word' id='word_1_175' title='bbox 925 2573 1085 2635; x_wconf 89' lang='lat' dir='ltr'>quos</span> <span class='ocrx_word' id='word_1_176' title='bbox 1131 2550 1451 2616; x_wconf 88' lang='lat' dir='ltr'>Martinus</span> <span class='ocrx_word' id='word_1_177' title='bbox 1482 2549 1583 2629; x_wconf 68' lang='lat' dir='ltr'>V„</span> <span class='ocrx_word' id='word_1_178' title='bbox 1633 2550 2115 2617; x_wconf 88' lang='lat' dir='ltr'>Constitutione</span> <span class='ocrx_word' id='word_1_179' title='bbox 2146 2551 2418 2617; x_wconf 88' lang='lat' dir='ltr'>Joannis</span> <span class='ocrx_word' id='word_1_180' title='bbox 2467 2550 2575 2615; x_wconf 83' lang='lat' dir='ltr'>Ad</span> <span class='ocrx_word' id='word_1_181' title='bbox 2617 2549 3009 2617; x_wconf 74' lang='lat' dir='ltr'>conditorem</span> 
     </span>
     <span class='ocr_line' id='line_1_24' title="bbox 699 2647 3010 2732; baseline -0 -20"><span class='ocrx_word' id='word_1_182' title='bbox 699 2667 1023 2713; x_wconf 75' lang='lat' dir='ltr'>camo‘num</span> <span class='ocrx_word' id='word_1_183' title='bbox 1074 2649 1415 2732; x_wconf 83' lang='lat' dir='ltr'>abrogata,</span> <span class='ocrx_word' id='word_1_184' title='bbox 1488 2647 1842 2712; x_wconf 89' lang='lat' dir='ltr'>dominium</span> <span class='ocrx_word' id='word_1_185' title='bbox 1903 2669 2117 2712; x_wconf 89' lang='lat' dir='ltr'>rerum</span> <span class='ocrx_word' id='word_1_186' title='bbox 2171 2648 2249 2713; x_wconf 89' lang='lat' dir='ltr'>ad</span> <span class='ocrx_word' id='word_1_187' title='bbox 2309 2647 2651 2713; x_wconf 87' lang='lat' dir='ltr'>Minoritas</span> <span class='ocrx_word' id='word_1_188' title='bbox 2712 2653 3010 2731; x_wconf 87' lang='lat' dir='ltr'>spectan-</span> 
     </span>
     <span class='ocr_line' id='line_1_25' title="bbox 698 2743 3009 2827; baseline -0.001 -18"><span class='ocrx_word' id='word_1_189' title='bbox 698 2747 859 2809; x_wconf 91' lang='lat' dir='ltr'>tium</span> <span class='ocrx_word' id='word_1_190' title='bbox 937 2745 1172 2809; x_wconf 88' lang='lat' dir='ltr'>iterum</span> <span class='ocrx_word' id='word_1_191' title='bbox 1247 2744 1562 2827; x_wconf 81' lang='lat' dir='ltr'>suscepit3</span> <span class='ocrx_word' id='word_1_192' title='bbox 1640 2765 1831 2827; x_wconf 90' lang='lat' dir='ltr'>quem</span> <span class='ocrx_word' id='word_1_193' title='bbox 1902 2746 2119 2827; x_wconf 89' lang='lat' dir='ltr'>plures</span> <span class='ocrx_word' id='word_1_194' title='bbox 2196 2744 2304 2809; x_wconf 91' lang='lat' dir='ltr'>alii</span> <span class='ocrx_word' id='word_1_195' title='bbox 2377 2743 2725 2809; x_wconf 89' lang='lat' dir='ltr'>Pontifices</span> <span class='ocrx_word' id='word_1_196' title='bbox 2806 2743 3009 2808; x_wconf 89' lang='lat' dir='ltr'>secuti</span> 
     </span>
     <span class='ocr_line' id='line_1_26' title="bbox 699 2839 3009 2924; baseline -0.002 -18"><span class='ocrx_word' id='word_1_197' title='bbox 699 2846 883 2921; x_wconf 82' lang='lat' dir='ltr'>sunt,</span> <span class='ocrx_word' id='word_1_198' title='bbox 949 2845 1023 2905; x_wconf 89' lang='lat' dir='ltr'>ut</span> <span class='ocrx_word' id='word_1_199' title='bbox 1084 2862 1159 2905; x_wconf 89' lang='lat' dir='ltr'>ea</span> <span class='ocrx_word' id='word_1_200' title='bbox 1206 2839 1529 2924; x_wconf 75' lang='lat' dir='ltr'>&#39;singulari</span> <span class='ocrx_word' id='word_1_201' title='bbox 1594 2839 1894 2904; x_wconf 90' lang='lat' dir='ltr'>clientela</span> <span class='ocrx_word' id='word_1_202' title='bbox 1958 2840 2111 2906; x_wconf 88' lang='lat' dir='ltr'>tecti</span> <span class='ocrx_word' id='word_1_203' title='bbox 2176 2840 2517 2905; x_wconf 87' lang='lat' dir='ltr'>Minoritae</span> <span class='ocrx_word' id='word_1_204' title='bbox 2580 2839 2659 2903; x_wconf 88' lang='lat' dir='ltr'>ad</span> <span class='ocrx_word' id='word_1_205' title='bbox 2723 2839 3009 2903; x_wconf 84' lang='lat' dir='ltr'>divinum</span> 
     </span>
     <span class='ocr_line' id='line_1_27' title="bbox 700 2937 1740 3004; baseline -0.002 -1"><span class='ocrx_word' id='word_1_206' title='bbox 700 2939 944 3004; x_wconf 87' lang='lat' dir='ltr'>cultum</span> <span class='ocrx_word' id='word_1_207' title='bbox 997 2937 1258 3003; x_wconf 89' lang='lat' dir='ltr'>liberius</span> <span class='ocrx_word' id='word_1_208' title='bbox 1304 2937 1740 3002; x_wconf 87' lang='lat' dir='ltr'>intenderent.</span> 
     </span>
    </p>
   </div>
   <div class='ocr_carea' id='block_1_3' title="bbox 381 3083 3009 3364">
    <p class='ocr_par' dir='ltr' id='par_1_3' title="bbox 381 3083 3009 3364">
     <span class='ocr_line' id='line_1_28' title="bbox 387 3083 3008 3169; baseline -0.005 -13"><span class='ocrx_word' id='word_1_209' title='bbox 387 3101 454 3144; x_wconf 73' lang='lat' dir='ltr'>De</span> <span class='ocrx_word' id='word_1_210' title='bbox 485 3113 666 3155; x_wconf 75' lang='lat' dir='ltr'>pauper·</span> <span class='ocrx_word' id='word_1_211' title='bbox 878 3088 978 3151; x_wconf 85' lang='lat'>34.</span> <span class='ocrx_word' id='word_1_212' title='bbox 1049 3086 1228 3163; x_wconf 87' lang='lat' dir='ltr'>Quod</span> <span class='ocrx_word' id='word_1_213' title='bbox 1292 3090 1537 3169; x_wconf 92' lang='lat' dir='ltr'>spectat</span> <span class='ocrx_word' id='word_1_214' title='bbox 1606 3083 1686 3149; x_wconf 92' lang='lat' dir='ltr'>ad</span> <span class='ocrx_word' id='word_1_215' title='bbox 1753 3086 2022 3149; x_wconf 86' lang='lat' dir='ltr'>alteram</span> <span class='ocrx_word' id='word_1_216' title='bbox 2095 3084 2534 3169; x_wconf 90' lang='lat' dir='ltr'>quaestionem</span> <span class='ocrx_word' id='word_1_217' title='bbox 2600 3083 2676 3155; x_wconf 88' lang='lat' dir='ltr'>de</span> <span class='ocrx_word' id='word_1_218' title='bbox 2744 3104 3008 3166; x_wconf 67' lang='lat' dir='ltr'>Qer·</span> 
     </span>
     <span class='ocr_line' id='line_1_29' title="bbox 381 3161 3008 3277; baseline -0.003 -28"><span class='ocrx_word' id='word_1_219' title='bbox 381 3165 473 3206; x_wconf 51' lang='grc' dir='ltr'>Μ’</span> <span class='ocrx_word' id='word_1_220' title='bbox 499 3161 673 3206; x_wconf 58' lang='lat' dir='ltr'>mmm</span> <span class='ocrx_word' id='word_1_221' title='bbox 702 3188 838 3248; x_wconf 89' lang='lat' dir='ltr'>tate</span> <span class='ocrx_word' id='word_1_222' title='bbox 910 3183 1144 3277; x_wconf 90' lang='lat' dir='ltr'>Christi</span> <span class='ocrx_word' id='word_1_223' title='bbox 1220 3182 1479 3255; x_wconf 89' lang='lat' dir='ltr'>Domini</span> <span class='ocrx_word' id='word_1_224' title='bbox 1551 3185 1616 3245; x_wconf 92' lang='lat' dir='ltr'>et</span> <span class='ocrx_word' id='word_1_225' title='bbox 1688 3180 2176 3266; x_wconf 84' lang='lat' dir='ltr'>Apostolorum,</span> <span class='ocrx_word' id='word_1_226' title='bbox 2246 3180 2520 3245; x_wconf 81' lang='lat' dir='ltr'>Joannis</span> <span class='ocrx_word' id='word_1_227' title='bbox 2575 3177 2794 3244; x_wconf 85' lang='lat' dir='ltr'>XXII.</span> <span class='ocrx_word' id='word_1_228' title='bbox 2867 3200 3008 3242; x_wconf 89' lang='lat' dir='ltr'>sen-</span> 
     </span>
     <span class='ocr_line' id='line_1_30' title="bbox 701 3272 3009 3364; baseline -0.003 -20"><span class='ocrx_word' id='word_1_229' title='bbox 701 3281 939 3359; x_wconf 81' lang='lat' dir='ltr'>tentia,</span> <span class='ocrx_word' id='word_1_230' title='bbox 999 3272 1126 3364; x_wconf 84' lang='lat' dir='ltr'>qua</span> <span class='ocrx_word' id='word_1_231' title='bbox 1182 3279 1508 3343; x_wconf 84' lang='lat' dir='ltr'>damnavit</span> <span class='ocrx_word' id='word_1_232' title='bbox 1569 3281 1640 3342; x_wconf 90' lang='lat' dir='ltr'>ut</span> <span class='ocrx_word' id='word_1_233' title='bbox 1699 3277 2085 3341; x_wconf 88' lang='lat' dir='ltr'>haereticam</span> <span class='ocrx_word' id='word_1_234' title='bbox 2141 3277 2594 3355; x_wconf 81' lang='lat' dir='ltr'>assertionem,</span> <span class='ocrx_word' id='word_1_235' title='bbox 2661 3272 3009 3343; x_wconf 78' lang='lat' dir='ltr'>Christum</span> 
     </span>
    </p>
   </div>
   <div class='ocr_carea' id='block_1_4' title="bbox 710 3459 1128 3467">
    <p class='ocr_par' dir='ltr' id='par_1_4' title="bbox 710 3459 1128 3467">
     <span class='ocr_line' id='line_1_31' title="bbox 710 3459 1128 3467; baseline 0 1547"><span class='ocrx_word' id='word_1_236' title='bbox 710 3459 1128 3467; x_wconf 95' lang='lat' dir='ltr'> </span> 
     </span>
    </p>
   </div>
   <div class='ocr_carea' id='block_1_5' title="bbox 701 3543 3011 4159">
    <p class='ocr_par' dir='ltr' id='par_1_5' title="bbox 701 3543 3011 4159">
     <span class='ocr_line' id='line_1_32' title="bbox 880 3543 3008 3619; baseline -0.004 -15"><span class='ocrx_word' id='word_1_237' title='bbox 880 3548 922 3619; x_wconf 86' lang='lat'>¹)</span> <span class='ocrx_word' id='word_1_238' title='bbox 961 3550 1027 3603; x_wconf 93' lang='lat' dir='ltr'>V.</span> <span class='ocrx_word' id='word_1_239' title='bbox 1066 3549 1382 3604; x_wconf 87' lang='lat' dir='ltr'>Bellarmin.</span> <span class='ocrx_word' id='word_1_240' title='bbox 1419 3548 1503 3603; x_wconf 90' lang='lat' dir='ltr'>De</span> <span class='ocrx_word' id='word_1_241' title='bbox 1538 3547 1693 3601; x_wconf 90' lang='lat' dir='ltr'>Rom.</span> <span class='ocrx_word' id='word_1_242' title='bbox 1736 3546 1894 3600; x_wconf 88' lang='lat' dir='ltr'>Pont.</span> <span class='ocrx_word' id='word_1_243' title='bbox 1932 3546 1990 3598; x_wconf 90' lang='lat' dir='ltr'>L.</span> <span class='ocrx_word' id='word_1_244' title='bbox 2018 3544 2114 3598; x_wconf 90' lang='lat' dir='ltr'>IV.</span> <span class='ocrx_word' id='word_1_245' title='bbox 2153 3561 2199 3598; x_wconf 88' lang='lat' dir='ltr'>c.</span> <span class='ocrx_word' id='word_1_246' title='bbox 2242 3546 2324 3597; x_wconf 87' lang='grc'>14.</span> <span class='ocrx_word' id='word_1_247' title='bbox 2366 3544 2535 3610; x_wconf 85' lang='lat' dir='ltr'>„Esse</span> <span class='ocrx_word' id='word_1_248' title='bbox 2575 3543 2864 3609; x_wconf 87' lang='lat' dir='ltr'>dominum,</span> <span class='ocrx_word' id='word_1_249' title='bbox 2901 3559 3008 3598; x_wconf 88' lang='lat' dir='ltr'>non</span> 
     </span>
     <span class='ocr_line' id='line_1_33' title="bbox 703 3622 3010 3697; baseline -0.004 -12"><span class='ocrx_word' id='word_1_250' title='bbox 703 3634 789 3685; x_wconf 87' lang='lat' dir='ltr'>est</span> <span class='ocrx_word' id='word_1_251' title='bbox 835 3645 996 3697; x_wconf 86' lang='lat' dir='ltr'>posse</span> <span class='ocrx_word' id='word_1_252' title='bbox 1040 3644 1154 3683; x_wconf 89' lang='lat' dir='ltr'>rem</span> <span class='ocrx_word' id='word_1_253' title='bbox 1202 3629 1487 3683; x_wconf 86' lang='lat' dir='ltr'>destruere</span> <span class='ocrx_word' id='word_1_254' title='bbox 1534 3640 1868 3692; x_wconf 89' lang='lat' dir='ltr'>quocumque</span> <span class='ocrx_word' id='word_1_255' title='bbox 1918 3625 2102 3687; x_wconf 89' lang='lat' dir='ltr'>modo,</span> <span class='ocrx_word' id='word_1_256' title='bbox 2152 3624 2248 3677; x_wconf 83' lang='lat' dir='ltr'>sed</span> <span class='ocrx_word' id='word_1_257' title='bbox 2295 3637 2455 3689; x_wconf 89' lang='lat' dir='ltr'>posse</span> <span class='ocrx_word' id='word_1_258' title='bbox 2500 3622 2671 3677; x_wconf 89' lang='lat' dir='ltr'>libere</span> <span class='ocrx_word' id='word_1_259' title='bbox 2714 3623 3010 3687; x_wconf 83' lang='lat' dir='ltr'>destruere,</span> 
     </span>
     <span class='ocr_line' id='line_1_34' title="bbox 704 3701 3010 3777; baseline -0.004 -14"><span class='ocrx_word' id='word_1_260' title='bbox 704 3709 946 3777; x_wconf 88' lang='lat' dir='ltr'>quand0‚</span> <span class='ocrx_word' id='word_1_261' title='bbox 984 3708 1101 3774; x_wconf 90' lang='lat' dir='ltr'>ubi,</span> <span class='ocrx_word' id='word_1_262' title='bbox 1139 3708 1402 3775; x_wconf 85' lang='lat' dir='ltr'>quomodo</span> <span class='ocrx_word' id='word_1_263' title='bbox 1440 3706 1560 3773; x_wconf 89' lang='lat' dir='ltr'>quis</span> <span class='ocrx_word' id='word_1_264' title='bbox 1598 3702 1859 3767; x_wconf 83' lang='lat' dir='ltr'>voluerit,</span> <span class='ocrx_word' id='word_1_265' title='bbox 1898 3708 1956 3758; x_wconf 88' lang='lat' dir='ltr'>et</span> <span class='ocrx_word' id='word_1_266' title='bbox 1991 3703 2157 3758; x_wconf 88' lang='lat' dir='ltr'>etiam</span> <span class='ocrx_word' id='word_1_267' title='bbox 2195 3703 2428 3766; x_wconf 85' lang='lat' dir='ltr'>donare,</span> <span class='ocrx_word' id='word_1_268' title='bbox 2476 3701 2739 3767; x_wconf 87' lang='lat' dir='ltr'>vendere,</span> <span class='ocrx_word' id='word_1_269' title='bbox 2779 3717 3010 3755; x_wconf 89' lang='lat' dir='ltr'>commu·</span> 
     </span>
     <span class='ocr_line' id='line_1_35' title="bbox 702 3778 3009 3848; baseline -0.004 -6"><span class='ocrx_word' id='word_1_270' title='bbox 702 3795 822 3842; x_wconf 88' lang='lat' dir='ltr'>tare</span> <span class='ocrx_word' id='word_1_271' title='bbox 870 3794 973 3842; x_wconf 87' lang='lat' dir='ltr'>etc.</span> <span class='ocrx_word' id='word_1_272' title='bbox 1056 3784 1287 3840; x_wconf 87' lang='lat' dir='ltr'>Constat</span> <span class='ocrx_word' id='word_1_273' title='bbox 1338 3789 1518 3840; x_wconf 88' lang='lat' dir='ltr'>autem</span> <span class='ocrx_word' id='word_1_274' title='bbox 1538 3824 1551 3848; x_wconf 88' lang='lat'>,</span> <span class='ocrx_word' id='word_1_275' title='bbox 1604 3796 1790 3836; x_wconf 88' lang='lat' dir='ltr'>omnes</span> <span class='ocrx_word' id='word_1_276' title='bbox 1838 3796 1999 3835; x_wconf 88' lang='lat' dir='ltr'>veros</span> <span class='ocrx_word' id='word_1_277' title='bbox 2049 3779 2344 3848; x_wconf 83' lang='lat' dir='ltr'>religiosos</span> <span class='ocrx_word' id='word_1_278' title='bbox 2393 3779 2590 3834; x_wconf 87' lang='lat' dir='ltr'>habere</span> <span class='ocrx_word' id='word_1_279' title='bbox 2646 3795 2801 3833; x_wconf 89' lang='lat' dir='ltr'>usum</span> <span class='ocrx_word' id='word_1_280' title='bbox 2851 3778 3009 3848; x_wconf 87' lang='lat' dir='ltr'>panis</span> 
     </span>
     <span class='ocr_line' id='line_1_36' title="bbox 703 3857 3011 3936; baseline -0.003 -16"><span class='ocrx_word' id='word_1_281' title='bbox 703 3883 860 3936; x_wconf 89' lang='lat' dir='ltr'>quem</span> <span class='ocrx_word' id='word_1_282' title='bbox 898 3865 1211 3930; x_wconf 89' lang='lat' dir='ltr'>comedunt,</span> <span class='ocrx_word' id='word_1_283' title='bbox 1249 3871 1306 3919; x_wconf 86' lang='lat' dir='ltr'>et</span> <span class='ocrx_word' id='word_1_284' title='bbox 1343 3862 1455 3918; x_wconf 89' lang='lat' dir='ltr'>vini</span> <span class='ocrx_word' id='word_1_285' title='bbox 1494 3861 1635 3929; x_wconf 89' lang='lat' dir='ltr'>quod</span> <span class='ocrx_word' id='word_1_286' title='bbox 1672 3859 1892 3926; x_wconf 89' lang='lat' dir='ltr'>bibunt,</span> <span class='ocrx_word' id='word_1_287' title='bbox 1930 3876 2029 3915; x_wconf 88' lang='lat' dir='ltr'>nec</span> <span class='ocrx_word' id='word_1_288' title='bbox 2065 3866 2249 3914; x_wconf 88' lang='lat' dir='ltr'>tamen</span> <span class='ocrx_word' id='word_1_289' title='bbox 2284 3874 2448 3927; x_wconf 90' lang='lat' dir='ltr'>posse</span> <span class='ocrx_word' id='word_1_290' title='bbox 2486 3857 2583 3911; x_wconf 91' lang='lat' dir='ltr'>illa</span> <span class='ocrx_word' id='word_1_291' title='bbox 2619 3859 2844 3924; x_wconf 86' lang='lat' dir='ltr'>donare,</span> <span class='ocrx_word' id='word_1_292' title='bbox 2882 3875 3011 3913; x_wconf 86' lang='lat' dir='ltr'>ven-</span> 
     </span>
     <span class='ocr_line' id='line_1_37' title="bbox 703 3936 3009 4013; baseline -0.003 -14"><span class='ocrx_word' id='word_1_293' title='bbox 703 3947 847 4011; x_wconf 87' lang='lat' dir='ltr'>dere,</span> <span class='ocrx_word' id='word_1_294' title='bbox 883 3952 1118 4011; x_wconf 86' lang='lat' dir='ltr'>mutare‚</span> <span class='ocrx_word' id='word_1_295' title='bbox 1165 3943 1446 4013; x_wconf 87' lang='lat' dir='ltr'>projicere.</span> <span class='ocrx_word' id='word_1_296' title='bbox 1521 3941 1670 3994; x_wconf 88' lang='lat' dir='ltr'>Haec</span> <span class='ocrx_word' id='word_1_297' title='bbox 1707 3938 1956 4007; x_wconf 87' lang='lat' dir='ltr'>quaestio</span> <span class='ocrx_word' id='word_1_298' title='bbox 2003 3938 2071 3992; x_wconf 89' lang='lat' dir='ltr'>ad</span> <span class='ocrx_word' id='word_1_299' title='bbox 2110 3937 2268 3993; x_wconf 89' lang='lat' dir='ltr'>fidem</span> <span class='ocrx_word' id='word_1_300' title='bbox 2316 3954 2424 3991; x_wconf 93' lang='lat' dir='ltr'>non</span> <span class='ocrx_word' id='word_1_301' title='bbox 2469 3936 2739 4006; x_wconf 88' lang='lat' dir='ltr'>pertinet,</span> <span class='ocrx_word' id='word_1_302' title='bbox 2793 3943 2854 3991; x_wconf 89' lang='lat' dir='ltr'>ut</span> <span class='ocrx_word' id='word_1_303' title='bbox 2890 3936 3009 4004; x_wconf 86' lang='lat' dir='ltr'>ipse</span> 
     </span>
     <span class='ocr_line' id='line_1_38' title="bbox 701 4016 3010 4088; baseline -0.005 -9"><span class='ocrx_word' id='word_1_304' title='bbox 701 4024 737 4079; x_wconf 85' lang='lat' dir='ltr'><strong>J</strong></span> <span class='ocrx_word' id='word_1_305' title='bbox 742 4039 943 4079; x_wconf 86' lang='lat' dir='ltr'>oannes</span> <span class='ocrx_word' id='word_1_306' title='bbox 982 4023 1119 4077; x_wconf 87' lang='lat' dir='ltr'>dicit</span> <span class='ocrx_word' id='word_1_307' title='bbox 1154 4022 1212 4076; x_wconf 89' lang='lat' dir='ltr'>in</span> <span class='ocrx_word' id='word_1_308' title='bbox 1236 4018 1647 4088; x_wconf 83' lang='lat' dir='ltr'>Extravaganti</span> <span class='ocrx_word' id='word_1_309' title='bbox 1686 4017 1830 4087; x_wconf 70' lang='lat' dir='ltr'>Quia</span> <span class='ocrx_word' id='word_1_310' title='bbox 1864 4017 2245 4086; x_wconf 78' lang='lat' dir='ltr'>quorumdam;</span> <span class='ocrx_word' id='word_1_311' title='bbox 2280 4016 2387 4070; x_wconf 90' lang='lat' dir='ltr'>imo</span> <span class='ocrx_word' id='word_1_312' title='bbox 2425 4016 2602 4070; x_wconf 86' lang='lat' dir='ltr'>adhuc</span> <span class='ocrx_word' id='word_1_313' title='bbox 2640 4022 2770 4071; x_wconf 85' lang='lat' dir='ltr'>sunt</span> <span class='ocrx_word' id='word_1_314' title='bbox 2806 4017 2871 4070; x_wconf 87' lang='lat' dir='ltr'>dc</span> <span class='ocrx_word' id='word_1_315' title='bbox 2905 4016 3010 4068; x_wconf 90' lang='lat' dir='ltr'>hac</span> 
     </span>
     <span class='ocr_line' id='line_1_39' title="bbox 703 4096 1678 4159; baseline -0.007 -2"><span class='ocrx_word' id='word_1_316' title='bbox 703 4119 764 4159; x_wconf 88' lang='lat' dir='ltr'>re</span> <span class='ocrx_word' id='word_1_317' title='bbox 801 4102 955 4157; x_wconf 87' lang='lat' dir='ltr'>varia</span> <span class='ocrx_word' id='word_1_318' title='bbox 990 4102 1286 4157; x_wconf 89' lang='lat' dir='ltr'>Doctorum</span> <span class='ocrx_word' id='word_1_319' title='bbox 1322 4096 1678 4155; x_wconf 86' lang='lat' dir='ltr'>sententiae.“</span> 
     </span>
    </p>
   </div>
  </div>
 </body>
</html>
