3281 5014
1166 424 1518 480 Continuatio
1556 425 1755 480 luctae.
2511 427 2614 477 207

302 590 592 661 causam,
652 589 766 631 cur
812 568 1143 651 negotium
1189 567 1349 631 illud
1409 567 1582 651 pacis
1630 588 1760 631 non
1805 566 2200 641 successerit,
2249 566 2442 630 fuisse
2489 565 2613 629 Ba-

300 657 438 728 vari
512 664 1051 756 inconstantiam3
1129 665 1198 728 in
1262 662 1652 729 retardando
1716 667 1933 727 autem
2002 660 2312 746 ejusmodi
2383 666 2616 727 tracta-

303 768 410 825 tus
470 759 839 870 Philippum
896 761 1181 846 aliosque
1237 762 1556 844 principes
1616 759 1802 843 culpa
1857 781 1988 824 non
2049 765 2337 842 expertes
2398 758 2614 823 fuisse.

302 856 371 923 Si
437 879 586 922 vero
643 858 711 920 in
760 855 1110 924 Benedicto
1171 858 1353 942 vigor
1405 857 1810 922 desideratur
1866 855 2210 940 aliquando
2271 857 2480 939 major
2535 854 2614 918 ad
2647 840 2931 947 {323¹}th

301 976 435 1018 rem
484 954 659 1017 illam
710 954 1189 1036 perficiendam,
1247 954 1312 1017 id
1365 955 1601 1036 partim
1657 952 2010 1017 characteri
2066 958 2130 1016 et
2178 951 2377 1016 indoli
2422 951 2615 1035 hujus
2750 967 2832 1010 nis.

302 1050 638 1116 Pontificis
700 1052 768 1114 in
830 1051 1107 1134 negotiis
1169 1051 1438 1134 publicis
1499 1050 1799 1135 gerendis
1859 1050 2070 1113 minus
2126 1048 2296 1112 forte
2354 1048 2614 1125 versati,

303 1150 540 1234 partim
613 1148 981 1212 difficilibus
1040 1147 1532 1212 adscribendum
1593 1151 1692 1212 est
1755 1167 1968 1210 rerum
2031 1145 2384 1229 adjunctis,
2453 1166 2618 1227 qua-e

302 1252 475 1310 certe
518 1267 595 1309 ex
640 1244 1142 1309 commoratione
1198 1246 1339 1328 ejus
1389 1245 1456 1308 in
1505 1243 1717 1309 Gallia
1772 1242 2230 1327 sequebantur.
2322 1239 2389 1306 Si
2440 1239 2615 1304 vide-

302 1345 453 1408 licet
526 1341 770 1406 Romae
844 1341 1213 1418 resedisset,
1289 1341 1519 1424 majori
1588 1362 1731 1405 cum
1807 1340 2193 1404 auctoritate
2259 1337 2613 1422 procedere,

303 1441 644 1524 minusque
700 1438 993 1503 omnibus
1049 1436 1334 1521 Philippi
1394 1436 2014 1521 expostulationibus
2069 1435 2312 1500 deferre
2372 1434 2616 1519 potuis-

302 1541 421 1602 set.
525 1535 866 1600 Caeterum
929 1540 1004 1599 ut
1065 1535 1478 1599 admittamus
1537 1534 1932 1598 sententiam
1992 1552 2241 1606 eorum,
2305 1532 2414 1616 qui
2476 1553 2617 1595 cen-

302 1637 482 1711 sent,
530 1629 958 1696 Benedictum
1005 1637 1344 1714 tantopere
1391 1656 1428 1696 a
1472 1650 1623 1714 rege
1675 1628 1925 1694 Galliae
1972 1627 2372 1711 dependisse‚
2419 1631 2493 1691 ut
2538 1646 2619 1690 em

305 1728 535 1793 timore
576 1730 715 1813 ejus
761 1750 949 1792 ausus
999 1749 1131 1792 non
1188 1728 1383 1791 fuerit
1432 1748 1652 1811 pacem
1700 1747 1843 1790 cum
1894 1724 2212 1788 Ludovico
2259 1724 2455 1807 inire,
2513 1707 2614 1787 ar:

304 1819 614 1911 gumenta
659 1824 1050 1889 sufficientia
1096 1846 1230 1920 ngn
1278 1823 1660 1888 invenimus.

485 1976 589 2040 62.
654 1975 865 2051 Quum
934 1973 1318 2038 Benedictus
1377 1973 1648 2057 primum
1711 1972 1883 2036 solus
1950 1992 2094 2034 cum
2160 1969 2482 2035 Ludovico
2542 1969 2620 2033 de

304 2094 458 2157 pace
526 2071 810 2136 ineunda
878 2074 1261 2154 tractasset,
1333 2091 1477 2134 mox
1548 2068 1647 2133 uti
1710 2089 1930 2132 rumor
1997 2066 2388 2150 percrebuit,
2457 2066 2617 2129 varii

305 2191 488 2254 reges
553 2174 620 2232 et
682 2169 1031 2252 principes,
1091 2173 1165 2232 ut
1227 2166 1493 2231 Carolus
1554 2164 1961 2248 Hungariae,
2023 2161 2370 2227 Casimirus
2430 2161 2618 2227 Polo-

305 2267 481 2342 niae,
551 2266 839 2331 Joannes
899 2264 1247 2329 Bohemiae
1306 2284 1520 2347 regeS,
1586 2261 1904 2326 Henricus
1953 2257 2267 2324 Bavariae
2328 2259 2487 2337 dux,
2554 2268 2620 2323 et

305 2363 644 2446 praecipue
700 2361 1022 2426 Robertus
1084 2361 1359 2444 Apuliae
1421 2368 1485 2424 et
1545 2357 1886 2442 Philippus
1949 2356 2198 2422 Galliae
2250 2347 2430 2440 reges
2494 2355 2615 2420 dif-

304 2460 625 2525 ficultates
695 2462 758 2524 et
826 2457 1157 2523 obstacula
1224 2459 1581 2522 moverunt.
1700 2454 2042 2520 Rationem
2110 2462 2328 2519 autem
2398 2474 2618 2538 quam·

305 2558 454 2621 dam
512 2578 650 2620 sese
711 2554 1107 2620 immiscendi
1164 2555 1260 2618 illi
1316 2554 1581 2639 negotio
1646 2553 1793 2618 inde
1848 2551 1956 2615 isti
2016 2551 2337 2635 principes
2398 2549 2620 2633 depro-

306 2674 477 2717 mere
551 2657 878 2736 poterant,
952 2651 1122 2736 quod
1196 2646 1557 2715 Ludovicus
1634 2655 1736 2714 tot
1816 2648 2151 2712 criminum
2227 2669 2374 2710 reus
2447 2645 2619 2711 haud

305 2748 642 2813 videbatur
696 2748 851 2832 ipsis
908 2752 982 2812 ut
1027 2748 1388 2832 Imperator
1441 2741 2032 2833 praeponendusg).
2059 2743 2351 2828 quodque
2408 2745 2472 2808 in
2522 2764 2620 2806 re-

305 2846 755 2910 conciliatione
830 2844 957 2909 ista
1016 2844 1205 2909 rebus
1270 2843 1403 2906 suis
1473 2865 1608 2908 non
1671 2842 1827 2907 satis
1892 2841 2165 2926 prospici
2238 2844 2618 2906 metuerent.

308 2940 415 3006 Sic
472 2942 810 3026 praecipue
871 2939 1209 3024 Philippus
1264 2939 1744 3024 praeseferebat
1802 2940 2130 3013 timorem,
2188 2959 2272 3001 ne
2332 2936 2619 3002 Bavarus

306 3038 754 3102 reconciliatus
815 3059 882 3101 se
940 3037 1173 3121 Anglis
1227 3038 1535 3121 jungeret
1596 3036 1677 3101 ad
1733 3036 1972 3100 bellum
2028 3033 2276 3099 Galliae
2336 3033 2619 3098 inferen-

306 3135 481 3200 dum.
593 3135 887 3218 Aequum
955 3135 1156 3218 igitur
1219 3133 1424 3198 visum
1490 3137 1590 3198 est
1651 3131 2024 3214 BenedictO,
2092 3135 2168 3195 ut
2229 3132 2298 3195 in
2357 3132 2622 3216 negotio

306 3231 419 3296 illo
466 3230 804 3294 tractando
863 3230 1170 3314 quasdam
1227 3236 1439 3314 partes
1485 3228 1788 3314 Philippo
1836 3229 2240 3308 concederet,
2300 3233 2366 3294 et
2420 3228 2622 3312 ipsius

307 3327 639 3391 securitati
703 3332 766 3390 et
828 3327 1156 3391 commodo
1224 3326 1608 3410 provideret.
1719 3325 1932 3390 Facile
1998 3331 2214 3391 autem
2276 3326 2623 3410 intelligeS,

308 3424 487 3488 illum
544 3444 783 3507 regem,
853 3423 949 3485 uti
1005 3423 1142 3486 fieri
1201 3423 1394 3500 solet,
1463 3423 1738 3487 maxime
1795 3424 1865 3488 in
1926 3424 2053 3487 ista
2116 3445 2185 3488 re
2245 3446 2389 3488 suas
2449 3422 2622 3487 utili-

308 3524 480 3584 tates
527 3525 867 3602 spectasse.
918 3556 1003 3563 ——
1052 3518 1403 3603 Negotium
1450 3521 1654 3603 igitur
1700 3542 1777 3583 ex
1825 3518 1945 3584 hac
1996 3520 2401 3584 immixtione
2446 3521 2634 3603 prin··

309 3618 549 3700 cipum,
603 3617 876 3698 primum
925 3637 1125 3679 novas
1171 3615 1477 3699 quasdam
1528 3638 1598 3679 ac
1647 3615 1854 3680 varias
1911 3616 2328 3680 difficultates
2375 3615 2622 3680 habuit.

492 3838 536 3907 ¹)
578 3838 731 3904 „Rex
768 3838 1033 3894 Franciae
1075 3846 1131 3894 et
1167 3855 1265 3894 rex
1301 3839 1518 3895 Siciliae
1563 3855 1750 3894 omnes
1802 3840 1954 3908 quasi
1995 3839 2314 3895 Cardinales
2360 3857 2395 3894 a
2430 3858 2623 3910 propo·

309 3917 416 3972 sito
469 3924 791 3972 averterant
838 3926 1259 3985 praeconcepto,
1299 3960 1311 3972 .
1350 3960 1362 3972 .
1402 3961 1414 3973 .
1464 3929 1859 3988 proponenteS,
1911 3935 2191 3974 erroneum
2237 3935 2358 3974 esse
2406 3926 2624 3974 tantum

309 3997 745 4051 haeresiarcham
781 4013 1114 4065 praeponere
1162 3998 1394 4052 dominis
1443 4014 1625 4054 eorum
1664 3999 1947 4052 Ecclesiae
1985 3998 2343 4058 fidelissimis,
2392 4000 2623 4068 Papam·
2678 3994 2686 4000 “

310 4092 412 4143 que
451 4091 644 4130 cavere
684 4077 907 4142 debere,
953 4093 1019 4131 ue
1068 4077 1253 4130 fautor
1299 4076 1693 4132 haereticorum
1741 4076 2067 4130 diceret-ur.“
2154 4076 2366 4130 Albert.
2409 4078 2622 4146 Argen·

307 4154 409 4209 tin.
448 4170 538 4221 ap.
579 4155 848 4223 Raynald.
890 4172 937 4209 a.
978 4158 1131 4209 1335.
1171 4172 1220 4208 n.
1262 4158 1310 4208 6.

411 4249 674 4301 Jungmann,
722 4251 1075 4292 Dissertationes.
1116 4249 1349 4291 Tom.V1.
2348 4244 2415 4295 14
