3281 5014
421 2770 590 2825 plenus.

684 470 755 522 64
1260 470 1432 525 xxx.
1468 470 1551 526 ne
1586 472 1924 527 Pontificatu
1960 444 2227 527 sanam
2252 474 2408 528 vm.

684 608 1104 674 licitationem
1170 610 1488 677 Ecclesiae
1549 615 1648 678 vel
1697 614 2054 698 Pontificis3
2118 615 2197 680 ad
2246 613 2641 697 patientiam
2696 619 2991 683 sacerdo-

683 704 769 768 tis
812 706 907 769 ita
936 713 1292 791 exponunt,
1334 711 1408 773 ut
1450 707 1701 794 gladius
1745 710 1812 775 in
1848 711 2150 795 vaginam
2195 711 2551 776 mittendus
2579 713 2685 795 sit,
2729 694 2993 797 qdando

685 802 768 865 ob
812 801 1035 885 gravia
1080 805 1320 869 motiva
1368 804 1656 871 Ecclesia
1702 807 1843 892 ejus
1889 829 2071 872 usum
2118 806 2520 891 interdicit.¹)
2611 809 2832 893 Atque
2878 832 2994 893 op·

683 902 958 982 portune
1026 899 1106 964 ad
1167 923 1302 966 rem
1365 904 1632 968 affertur
1691 908 1907 969 textus
1967 902 2029 969 S.
2090 903 2400 969 Bernardi
2463 928 2542 970 ex
2604 928 2733 990 quo
2797 907 2991 971 verba

684 995 1019 1080 desumpta
1077 1003 1257 1063 sunt:
1334 998 1510 1079 Quid
1565 1003 1639 1064 tu
1697 998 1932 1077 denuc,
1991 1002 2242 1076 scribit,
2314 1021 2640 1084 usurpare
2691 1001 2989 1085 ⁴cladium

682 1099 914 1174 tentes,
973 1116 1160 1177 quem
1205 1096 1395 1161 semel
1431 1096 1663 1179 jussus
1706 1117 1772 1160 es
1819 1116 2059 1178 ponere
2102 1095 2176 1161 in
2217 1096 2577 1179 vayinam?
2651 1098 2852 1179 Quem
2894 1103 2993 1163 ta-

666 1213 830 1258 men
870 1193 986 1274 qui
1032 1197 1219 1258 tuum
1262 1197 1489 1276 neyat,
1544 1213 1678 1258 non
1729 1192 1894 1258 satis
1946 1191 2111 1258 mihi
2164 1193 2423 1260 videtur
2475 1195 2803 1260 attendere
2854 1216 2988 1259 ver·

679 1289 837 1355 'bum
882 1289 1160 1356 Domini
1205 1289 1478 1355 dicentis
1522 1289 1651 1355 sic:
1703 1288 2058 1369 „Converte
2107 1289 2406 1373 yladium
2452 1295 2638 1357 tuum
2694 1291 2769 1357 in
2813 1291 2992 1375 vaci-

682 1391 899 1453 nam.“
996 1387 1179 1452 Tuus
1231 1407 1381 1470 erqo
1435 1391 1496 1451 et
1540 1386 1707 1469 ipse,
1765 1390 1877 1451 tuo
1928 1386 2219 1469 forsitan
2263 1391 2464 1467 nutu,
2522 1387 2643 1453 etsi
2693 1409 2827 1454 non
2873 1393 2996 1453 tua

683 1503 888 1549 manu
932 1483 1397 1565 evayinandus.
1490 1483 1806 1566 Alioquin
1851 1483 1911 1548 si
1954 1484 2138 1550 nullo
2181 1485 2366 1550 modo
2403 1485 2490 1550 ad
2536 1490 2597 1549 te
2632 1485 2996 1570 pertineret

683 1585 744 1645 et
797 1580 884 1660 is,
949 1579 1309 1646 dicentibus
1354 1578 1721 1662 Apostolis:
1776 1580 1983 1661 „Ecce
2037 1580 2165 1646 duo
2213 1581 2426 1664 qladii
2479 1581 2647 1662 hic‚“
2704 1603 2836 1647 non
2892 1602 2987 1646 re-

681 1676 1040 1761 spondisset
1093 1676 1457 1742 Dominus:
1523 1675 1750 1756 „Satis
1805 1682 1960 1757 est“,
2017 1678 2158 1742 sed:
2223 1677 2485 1758 „Nimis
2542 1682 2693 1743 est“.
2809 1677 2992 1744 Uter-

683 1794 804 1856 que
855 1793 1007 1856 erqo
1050 1773 1379 1839 Ecclesiae
1431 1777 1494 1838 et
1536 1773 1908 1857 spiritualis
1958 1773 2199 1839 scilicet
2241 1774 2507 1859 yladius
2563 1779 2625 1840 et
2679 1773 2994 1841 materia-

684 1870 801 1951 lis,·
860 1869 971 1935 sed
1023 1869 1086 1934 is
1112 1870 1395 1952 -quidem
1439 1891 1568 1953 pro
1623 1869 1944 1950 Ecclesia,
2004 1870 2115 1936 ille
2169 1892 2318 1937 vero
2376 1872 2455 1937 ab
2501 1871 2795 1937 Ecclesia
2849 1892 2993 1936 exe·

682 1966 927 2034 rendus
980 1970 1107 2032 est:
1163 1966 1275 2032 ille-
1334 1966 1710 2046 sacerdotis‚
1773 1967 1834 2031 is
1887 1965 2121 2033 militis
2164 1989 2395 2048 manu,
2457 1969 2567 2033 sed
2613 1968 2700 2034 ad
2752 1972 2994 2033 nutum

682 2064 1032 2130 sacerdotis
1083 2068 1144 2128 et
1173 2065 1440 2146 jussum
1483 2062 1976 2149 imperatoris.²)
2068 2065 2168 2130 Ad
2223 2066 2692 2150 expeditionem
2751 2066 2983 2132 crucia·

682 2169 815 2228 tam
872 2161 935 2229 S.
985 2162 1352 2228 Bernardus
1407 2162 1513 2227 hic
1565 2161 1840 2226 maxime
1895 2163 2206 2246 respicere
2253 2162 2538 2239 videtur,
2601 2164 2697 2228 uti
2750 2168 2817 2227 et
2862 2163 2996 2227 alio

679 2261 819 2325 loco
864 2260 1089 2326 scribit
1133 2259 1214 2324 ad
1264 2259 1623 2343 Eugenium
1655 2257 1807 2322 HL:
1862 2257 2250 2324 Exerendus
2304 2279 2482 2325 nunc
2536 2263 2807 2340 uterque
2845 2257 2992 2341 yla·

681 2354 833 2421 dius
892 2354 967 2420 in
1024 2353 1331 2437 passione
1393 2352 1699 2433 Domini,
1774 2351 2042 2420 Christo
2103 2355 2312 2421 denuo
2374 2355 2687 2438 patiente,
2752 2355 2866 2420 ubi
2928 2359 2997 2418 et

681 2452 892 2519 altera
948 2451 1083 2518 vice
1126 2471 1370 2536 passus
1422 2455 1532 2516 est.
1593 2502 1606 2515 .
1664 2501 1678 2516 .
1735 2501 1748 2516 .
1820 2451 2096 2535 Tempus
2150 2456 2212 2517 et
2265 2472 2427 2535 opus
2484 2471 2616 2517 esse
2669 2451 2995 2531 existimO,

683 2550 904 2617 ambos
950 2548 1135 2615 educi
1177 2548 1251 2614 in
1297 2548 1735 2631 defensionem
1779 2548 2119 2615 orientalis
2163 2547 2562 2631 Ecclesiae.⁸)

862 2702 964 2765 69.
1011 2699 1402 2765 Continetur
1446 2699 1707 2784 quidem
1752 2701 1804 2764 is
1851 2722 2037 2783 quem
2086 2702 2717 2766 commemoravimus
2762 2722 2999 2765 sensus

682 2801 751 2864 in
799 2797 1008 2862 verbis
1055 2798 1227 2872 istis;
1276 2802 1563 2860 attamen
1610 2818 1967 2873 censemuS‚
2012 2795 2184 2860 haud
2228 2819 2368 2861 esse
2413 2795 2598 2861 illum
2628 2798 2999 2862 sententiae

681 2917 941 2960 sensum
1001 2895 1258 2977 plenum
1322 2899 1389 2958 et
1446 2894 1806 2977 integrum:
1868 2895 2077 2977 n'eque
2134 2915 2211 2957 ex
2276 2915 2350 2957 eo
2410 2894 2581 2977 quod
2640 2895 2832 2960 verba
2884 2894 2994 2958 de·

683 3000 941 3076 sumpta
988 2995 1145 3056 sunt
1201 3013 1279 3056 ex
1341 2997 1525 3055 textu
1587 2992 1659 3055 in
1719 3012 1847 3074 quo
1904 2990 1969 3055 S.
2019 2989 2380 3054 Bernardus
2443 2991 2582 3074 agit
2638 2990 2717 3054 de
2767 2990 2999 3075 gladio

680 3086 1020 3171 temporali
1078 3088 1394 3152 exerendo
1451 3088 1521 3152 in
1577 3087 2020 3151 defensionem
2084 3086 2430 3162 Ecclesiae,
2492 3086 2763 3151 incisum
2823 3086 2998 3151 Con·

680 3186 1035 3251 stitutionis
1082 3185 1162 3249 ad
1192 3184 1372 3249 illum
1419 3205 1676 3249 sensum
1713 3183 2164 3249 coarctandum
2205 3183 2476 3248 videtur.
2544 3182 2785 3267 Agitur
2816 3185 2995 3248 enim

680 3284 1041 3368 generatim
1085 3283 1153 3347 in
1202 3281 1686 3346 Constitutione
1732 3281 1810 3345 de
1856 3279 2385 3344 subordinatione
2446 3280 2786 3362 potestatis
2831 3286 3000 3345 tem-

662 3380 919 3464 poralis
973 3378 1202 3465 (gladii
1247 3376 1468 3460 unius)
1523 3376 1645 3441 sub
1703 3381 2023 3460 potestate
2075 3376 2396 3459 spirituali
2450 3376 2687 3460 (gladio
2735 3377 3003 3453 altero).

683 3478 856 3543 Hinc
901 3499 1160 3542 sensum
1206 3497 1343 3540 esse
1386 3495 1750 3549 censemus,
1805 3474 2087 3558 gladium
2137 3474 2554 3555 temporalem
2602 3472 2996 3537 exerendum

682 3575 1029 3640 seeundum
1099 3571 1513 3637 directionem
1566 3568 1685 3654 (ad
1755 3570 2039 3654 nutum),
2103 3570 2203 3633 vel
2270 3567 2542 3632 tacitam
2611 3588 3000 3634 consensum

865 3820 904 3888 ²)
940 3822 1032 3874 Ita
1067 3817 1343 3873 Scheeben
1380 3815 1417 3869 1.
1457 3832 1500 3870 c.
1537 3832 1588 3884 p.
1630 3816 1756 3869 154:
1799 3815 1941 3882 „Fur
1976 3814 2063 3867 die
2093 3812 2295 3867 Kirc-he
2332 3811 2429 3864 auf
2460 3811 2547 3865 die
2584 3810 3009 3881 Aufforderung·

683 3904 779 3957 des
807 3900 1080 3953 Priesters
1117 3897 1209 3963 (ad
1248 3895 1487 3961 nutum);
1529 3936 1541 3949 .
1569 3934 1586 3962 .,
1608 3934 1622 3962 .
1663 3894 1769 3948 soll
1803 3894 1859 3947 in
1898 3893 1986 3946 die
2018 3891 2244 3952 Scheide
2269 3892 2526 3960 gesteckt
2561 3890 2798 3955 werden,
2836 3905 3001 3945 wenn

682 3982 771 4036 die
814 3979 1020 4032 Kirche
1070 3978 1175 4031 den
1212 3975 1498 4031 Gebrauch
1543 3975 1842 4042 untersage
1890 3971 1979 4038 (ad
2015 3970 2340 4039 patientiam
2378 3967 2721 4035 sacerdotis).
2767 3998 2839 4007 —-
2884 3968 3006 4024 Cfr.

684 4060 940 4125 Moulart,
976 4055 1233 4126 L’Eglise
1269 4062 1326 4110 et
1359 4055 1550 4119 1²Etat‚
1587 4069 1716 4121 pag.
1755 4055 1874 4106 212.

860 4137 902 4205 ²)
942 4138 1025 4192 De
1062 4135 1266 4191 consid.
1307 4134 1369 4187 L.
1408 4134 1504 4187 IV.
1545 4148 1589 4185 c.
1629 4136 1679 4185 3.

863 4217 906 4286 ⁸)
945 4218 1046 4286 Ep.
1082 4217 1186 4269 256
1224 4215 1292 4267 ad
1330 4214 1484 4266 Dom.
1524 4213 1659 4279 Pap.
1697 4210 2023 4279 Eugenium.
