3281 5014
1143 443 1225 496 De
1263 441 1715 497 condemnatione
1756 442 1965 497 Hussii.
2607 446 2713 496 329

398 590 517 651 set.
644 583 764 648 Sed
830 582 1111 647 Hussius
1188 584 1487 649 audacter
1561 585 1732 650 dorni
1806 585 2036 650 missae
2103 584 2482 648 sacrificium
2554 605 2708 668 quo·

398 681 555 746 tidie
624 681 1022 758 celebrabat,
1089 684 1186 744 uti
1257 681 1453 745 etiam
1521 682 1590 746 in
1659 683 1891 747 itinere
1961 681 2233 758 fecerat,
2303 702 2552 745 necnon
2618 682 2710 745 al-

397 779 791 843 locutionem
855 776 1138 842 habebat
1200 777 1279 841 ad
1347 779 1727 861 permultos,
1799 779 1910 864 qui
1974 778 2343 844 curiositate
2406 779 2567 841 moti
2631 777 2709 841 ad

399 875 652 940 domum
724 875 792 938 in
861 896 991 958 qua
1061 873 1396 938 habitabat
1462 875 1894 940 confluebant.
2015 875 2154 951 Qua
2229 876 2306 939 de
2375 896 2443 938 re
2511 896 2708 959 quum

401 972 481 1036 ab
537 972 834 1054 episcopo
881 971 1393 1048 constantiensi,
1452 973 1561 1056 qui
1618 972 1682 1036 id
1741 972 2025 1055 profecto
2073 973 2347 1036 tolerare
2396 994 2526 1035 non
2574 978 2711 1055 pot·

401 1077 574 1146 erat,
657 1074 1062 1144 moneretur,
1145 1067 1245 1132 his
1316 1069 1579 1133 monitis
1653 1070 1919 1154 obsequi
1995 1069 2330 1134 recusavit.
2413 1105 2502 1113 —
2587 1067 2710 1132 Die

401 1164 515 1230 28⁰
579 1164 960 1229 Novembris
1035 1165 1105 1228 in
1173 1171 1581 1248 conspectum
1656 1170 1931 1251 primum
2003 1166 2438 1232 cardinalium
2507 1164 2711 1229 adsci-

400 1268 506 1327 tus
582 1266 714 1339 est,
789 1267 865 1325 ut
933 1261 1264 1325 doctrinae
1331 1283 1486 1326 suae
1554 1265 1870 1328 rationem
1938 1263 2269 1340 redderet,
2342 1267 2408 1327 et
2477 1263 2556 1326 ab
2632 1263 2712 1325 iis

400 1359 756 1444 quaesitus,
823 1360 1141 1443 quomodo
1204 1380 1271 1422 se
1329 1358 1643 1424 haberent
1706 1381 1870 1444 quae
1932 1359 2008 1423 de
2069 1361 2205 1442 ipso
2269 1361 2535 1443 ejusque
2600 1359 2712 1422 do-

399 1456 623 1520 ctrinis
682 1455 1155 1529 referebantur,
1225 1456 1584 1539 respondit,
1653 1476 1718 1520 se
1782 1476 1998 1520 omnes
2059 1455 2350 1520 haereses
2409 1455 2508 1519 ita
2566 1455 2712 1519 odio

399 1549 658 1630 habere,
722 1554 796 1617 ut
845 1550 1073 1633 potius
1127 1550 1296 1615 mori
1353 1550 1536 1615 vellet
1596 1572 1793 1633 quam
1849 1552 1923 1617 i'n
1976 1551 2230 1617 haeresi
2273 1572 2709 1635 perseverare,

397 1647 678 1729 adeoque
722 1668 788 1712 se
827 1668 959 1712 esse
999 1652 1318 1734 paratum
1362 1653 1467 1727 ut,
1522 1648 1581 1713 si
1626 1649 1703 1712 de
1760 1669 1979 1713 errore
2037 1648 2550 1729 convinceretur,
2607 1669 2709 1713 ac-

400 1743 749 1826 quiesceret
808 1749 869 1821 et
922 1744 1393 1827 poenitentiam
1457 1751 1690 1829 afferet.
1791 1745 1917 1812 Sed
1973 1749 2043 1812 in
2097 1749 2300 1812 altera
2363 1768 2712 1830 congrega-

399 1844 575 1907 tione
646 1842 929 1926 ejusdem
1003 1842 1161 1922 diei,
1237 1845 1340 1907 cui
1417 1845 1611 1907 etiam·
1692 1844 1990 1909 Pontifex
2067 1843 2310 1923 adfuit,
2387 1845 2708 1908 decretum

400 1941 552 2021 fuit,
628 1945 701 2004 ut
776 1939 1102 2004 custodiae
1168 1940 1548 2004 traderetur.
1667 1940 1862 2006 Ratio
1924 1930 2200 2026 juridica
2267 1963 2422 2005 sane
2489 1941 2714 2005 aderat

400 2036 810 2114 validissima,
857 2035 1025 2118 quod
1073 2036 1553 2120 suspensionem
1597 2037 1925 2102 Pontificis
1965 2039 2197 2119 divinis
2243 2039 2516 2121 peractis
2562 2060 2706 2101 con—

398 2138 747 2211 temneret,
811 2137 877 2196 et
936 2133 1379 2208 allocutioneS,
1444 2139 1512 2198 ut
1570 2134 1883 2214 diximus,
1944 2135 2236 2209 haberet;
2298 2140 2454 2199 sunt
2513 2135 2708 2200 etiam

400 2229 512 2313 qui
575 2229 901 2306 referunt,
961 2251 1105 2293 eum
1167 2229 1245 2293 de
1304 2229 1462 2312 fuga
1524 2231 1857 2314 cogitasse.
1964 2233 2184 2315 Atque
2242 2253 2320 2295 ex
2380 2233 2492 2296 illo
2555 2236 2712 2296 tem-

399 2347 551 2409 pore
619 2326 688 2389 in
759 2326 1047 2390 custodia
1117 2327 1307 2390 variis
1382 2327 1532 2390 locis
1598 2332 1893 2391 retentus
1963 2333 2097 2405 est,
2172 2349 2423 2410 semper
2490 2332 2710 2392 tamen

398 2423 668 2487 honesto
730 2429 795 2487 et
856 2423 1269 2488 convenienti
1324 2423 1542 2502 modo,
1606 2424 1702 2488 ita
1772 2430 1845 2487 ut
1905 2447 2070 2509 quae
2124 2424 2206 2488 ‘de
2267 2424 2589 2509 angustiis
2647 2430 2714 2488 et

398 2521 800 2605 squaloribus
848 2542 1174 2585 carcerum
1221 2522 1623 2601 referuntur,
1672 2523 1983 2586 confictae
2029 2523 2160 2586 sint
2206 2522 2711 2587 adversariorum

399 2618 776 2682 calumniae.

576 2770 680 2833 53.
747 2768 922 2844 Quae
987 2768 1134 2833 dein
1198 2770 1266 2832 in
1324 2758 1517 2834 causa
1573 2768 1796 2833 Hussii
1862 2791 1899 2833 a
1954 2768 2239 2834 Concilio
2300 2770 2474 2833 facta
2535 2775 2712 2846 sunt,

399 2867 612 2950 paucis
685 2867 922 2930 referre
988 2866 1281 2931 sufficiet.
1395 2866 1539 2931 Duo
1609 2866 1894 2950 theologi
1961 2865 2356 2950 PragenseS,
2423 2865 2710 2931 Joannes

399 2965 475 3028 de
529 2962 784 3029 Palecz⁴
813 2967 878 3026 et
927 2961 1200 3026 Michael
1254 2962 1330 3026 de
1389 2960 1690 3046 Causis,¹)
1749 2963 2051 3027 articulos
2102 2964 2314 3046 plures
2370 2985 2404 3027 e
2461 2963 2714 3047 seriptis

404 3058 621 3124 Hussii
699 3063 1028 3143 excerptos
1106 3058 1391 3123 Concilio
1468 3061 1880 3137 obtulerunt,
1957 3082 2227 3143 eumque
2302 3065 2708 3141 accusarunt,

398 3155 565 3240 quod
624 3157 963 3220 damnatos
1009 3154 1265 3220 Wiclefi
1323 3156 1628 3220 articulos
1685 3155 2075 3221 defendisset
2132 3162 2198 3219 et
2253 3157 2503 3239 plebem
2560 3178 2710 3221 con-

398 3262 501 3317 tra
561 3255 801 3318 clerum
861 3254 1221 3318 excitasset.
1329 3252 1613 3317 Praefati
1677 3253 1933 3317 articuli
1995 3254 2248 3336 aliaque
2308 3252 2386 3316 ad
2450 3274 2709 3316 causam

397 3349 618 3415 Hussii
668 3350 1055 3433 pertinentia
1098 3349 1445 3435 diligenter
1490 3351 1770 3415 discussa
1817 3354 1990 3413 sunt.
2081 3348 2413 3414 Postremo
2463 3371 2495 3412 e
2545 3349 2706 3413 Con·

399 3448 527 3511 cilii
584 3446 891 3511 mandato
947 3447 1199 3511 articuli
1256 3448 1530 3531 triginta
1589 3469 1623 3510 e
1681 3446 1936 3530 scriptis
1996 3445 2218 3510 Hussii
2278 3446 2557 3528 excerpti
2611 3467 2711 3509 co·

400 3566 534 3608 ram
581 3565 656 3607 3ο
705 3544 852 3608 lecti
902 3547 1075 3608 sunt.
1167 3543 1234 3607 Is
1291 3542 1548 3627 quidem
1608 3542 1689 3606 ad
1734 3544 2024 3627 singulos
2084 3543 2386 3607 articulos
2445 3563 2707 3625 respon-

400 3642 523 3719 dit,
594 3641 788 3705 nullis
859 3646 1082 3704 tamen
1140 3642 1497 3705 rationibus
1563 3642 1664 3704 vel
1730 3640 2020 3722 precibus
2078 3640 2177 3704 vel
2243 3640 2434 3703 minis
2487 3638 2709 3703 adduci

401 3739 640 3822 potuit,
700 3741 775 3800 ut
834 3759 982 3802 suos
1045 3759 1288 3802 errores
1350 3736 1701 3801 secundum
1765 3737 2036 3802 Concilii
2093 3738 2556 3820 praescriptum
2617 3758 2712 3800 re-

398 3841 669 3900 vocaret.
757 3834 987 3919 Itaque
1032 3835 1100 3898 in
1148 3836 1429 3901 sessione
1476 3834 1971 3919 decimaquinta,
2017 3834 2243 3898 habita
2288 3833 2393 3922 die
2437 3832 2506 3897 6⁰
2551 3832 2706 3898 Julii

578 4029 619 4095 ¹)
656 4029 759 4082 Hic
798 4028 1033 4081 Michael
1068 4027 1250 4082 fuerat
1286 4028 1553 4094 parochus
1591 4027 1811 4093 Pragae
1849 4026 1915 4079 ad
1957 4026 2006 4079 S.
2047 4027 2430 4089 Adalbertum‚
2483 4024 2578 4078 sed
2613 4024 2711 4077 ali·

401 4125 503 4175 quo
546 4110 659 4176 Jam
708 4114 951 4175 tempore
999 4108 1204 4161 Romae
1255 4112 1379 4160 erat
1429 4112 1749 4174 procurator
1795 4107 1859 4159 de
1909 4106 2090 4159 causis
2138 4106 2290 4170 fidei,
2341 4105 2482 4158 unde
2532 4108 2708 4156 ortum

401 4194 487 4243 est
525 4190 641 4256 ejus
679 4203 890 4241 nomen.
