3281 5014
630 389 734 439 184
1047 384 1276 438 XXXII.
1313 384 1397 439 De
1432 382 1794 438 Pontificibus
1830 383 2109 439 Avenione
2146 382 2505 437 commoratiS.

625 530 921 591 auctores
992 526 1593 614 excommunicavit3
1665 525 1776 591 sed
1837 525 2302 609 protectionem
2368 546 2581 589 eorum
2646 522 2927 605 suscepit

629 622 1016 700 Ludovicus,
1078 615 1190 706 qui
1246 625 1310 687 et
1366 620 1725 686 Marsilium
1785 621 2090 687 vicarium
2145 620 2384 685 creavit
2430 619 2760 685 Romanae
2806 617 2929 682 Ec·

627 719 872 784 clesiae.
931 754 1018 764 —
1070 716 1169 783 De
1225 723 1465 782 natura
1512 718 1771 801 Imperii
1819 717 2098 782 Romani
2152 717 2397 801 pariter
2444 714 2676 781 Occam
2737 715 2928 780 variis

628 815 883 898 scriptis
900 813 948 899 1)
1009 816 1281 899 pessime
1339 816 1571 898 sensit,
1625 814 1776 879 dum
1834 815 2105 895 antiquo
2149 813 2428 897 Imperio
2482 812 2714 897 gentili
2767 811 2929 876 illud

626 917 977 997 coaequat3
1052 912 1441 996 dignitatem
1515 912 1687 995 regis
1772 910 2155 976 Germaniae
2229 913 2295 973 et
2369 909 2780 993 Imperatoris
2854 916 2929 972 ut

628 1007 915 1073 eamdem
976 1008 1371 1084 considerat,
1436 1029 1822 1092 omnemque
1885 1006 2159 1071 Romani
2223 1005 2556 1071 Pontificis
2616 1006 2923 1070 influxum

625 1106 697 1170 in
743 1110 1081 1189 utramque
1128 1107 1516 1187 potestatem
1563 1104 1796 1188 rejicit.

292 1257 480 1328 3510102
505 1257 606 1298 Fra·
804 1255 911 1320 38.
969 1252 1066 1317 Ex
1126 1251 1702 1318 Pseudominoritis
1760 1252 1903 1317 istis
1948 1250 2221 1317 Michael
2271 1252 2586 1318 Caesenas
2643 1273 2698 1315 a.
2759 1251 2926 1314 1344

319 1318 582 1361 ¹⁵¹⁰⁰u⁰mm‘
628 1350 818 1417 morti
893 1349 1220 1432 proximus
1238 1345 1308 1430 ‚2)
1376 1346 1686 1414 Occamus
1752 1370 1902 1414 vero
1970 1370 2025 1413 a.
2099 1348 2302 1433 1349,
2370 1349 2607 1433 aliique
2672 1350 2852 1431 pauci
2875 1343 2928 1429 ³)

626 1446 963 1530 resipuisse
1011 1450 1077 1509 et
1123 1444 1450 1509 Ecclesiae
1495 1444 1892 1510 reconciliati
1938 1444 2303 1511 traduntur.
2392 1444 2733 1510 Caeterum
2772 1443 2927 1507 Fra-

626 1542 987 1607 ticellorum
1043 1541 1348 1625 pestifera
1396 1547 1571 1605 secta
1616 1546 1758 1606 toto
1802 1543 2055 1607 saeculo
2099 1540 2262 1606 XIV
2306 1539 2684 1606 catholicam
2729 1539 2925 1605 socie-

626 1644 829 1705 tatem
885 1638 1201 1718 turbavit,
1257 1659 1459 1721 eoque
1517 1638 1879 1703 dementiae
1934 1639 2189 1704 sectarii
2242 1638 2339 1703 illi
2393 1636 2710 1721 progressi
2755 1642 2928 1711 sunt,

626 1741 699 1803 ut
758 1739 1118 1821 jactarent,
1184 1735 1674 1800 ecclesiasticam
1739 1734 2162 1800 hierarchiam
2227 1735 2400 1800 inter
2463 1748 2611 1799 suos
2674 1740 2928 1798 tantum

623 1833 971 1910 contineri,
1029 1829 1335 1895 Pontifici
1380 1836 1622 1910 autem,
1683 1830 2128 1897 Cardinalibus
2175 1836 2241 1896 et
2289 1829 2623 1913 Episcopis
2670 1833 2930 1913 propter

625 1931 849 1995 luxum
931 1929 1032 1992 vel
1116 1927 1375 1991 delicias
1458 1928 1832 2010 abrogatam
1917 1950 2071 1993 esse·
2126 1928 2592 1993 auctoritatem.
2711 1925 2931 2009 Atque

624 2028 795 2092 hanc
852 2026 1171 2090 haeresim
1232 2028 1454 2108 postea
1507 2024 1824 2090 Wiclefus
1884 2025 1968 2089 ab
2030 2026 2182 2109 ipsis
2247 2024 2586 2088 mutuavit.
2667 2022 2932 2093 ‚Perma-

621 2146 757 2209 gna
821 2122 1057 2186 damna
1128 2121 1422 2186 societati
1491 2122 1877 2186 christianae
1948 2122 2184 2186 saeculi
2244 2120 2422 2186 XIV.
2510 2142 2589 2184 ex
2651 2117 2930 2185 Pseudo-

627 2219 1075 2285 minoritarum
1139 2219 1348 2283 turbis
1414 2224 1872 2302 provenerunt.
1968 2218 2175 2284 Erant
2236 2217 2408 2282 enim
2470 2217 2596 2300 ipsi
2659 2238 2931 2284 numero

626 2317 884 2401 plurimi
952 2338 1026 2380 ac
1080 2337 1231 2399 prae
1293 2337 1362 2380 se
1423 2316 1720 2380 ferebant
1781 2314 2075 2381 habitum
2131 2314 2389 2380 Ordinis
2450 2314 2760 2398 religiosi,
2818 2314 2926 2397 qui

623 2435 702 2477 eo
757 2412 1007 2477 saeculo
1067 2410 1317 2494 populis
1374 2418 1513 2477 erat
1560 2413 1743 2478 valde
1790 2417 2086 2496 acceptus
2132 2432 2565 2495 magnumque
2611 2410 2930 2473 influxum

624 2509 996 2585 exercebat3
1069 2530 1316 2573 morum
1402 2509 1673 2574 conficta
1755 2510 2096 2574 severitate
2179 2507 2626 2574 multitudines
2693 2506 2929 2571 allicie-

628 2607 819 2682 bant,
879 2626 1000 2671 nec
1058 2605 1355 2670 destituti
1417 2610 1602 2670 erant
1649 2605 1799 2670 viris
1851 2606 2114 2689 ingenio
2168 2604 2337 2669 haud
2394 2604 2693 2670 mediocri
2747 2626 2928 2687 prae-

624 2703 793 2769 ditis.
885 2700 1360 2767 Concutiebant
1406 2707 1623 2767 autem
1673 2702 1810 2785 ipsa
1856 2703 2097 2766 viscera
2144 2702 2473 2766 societatis
2520 2700 2926 2765 christianae.

630 2800 890 2864 Etenim
948 2804 1084 2862 tum
1141 2799 1495 2864 theoretice
1543 2798 1851 2863 doctrinis
1896 2799 2026 2863 suis
2062 2796 2471 2880 principium
2516 2793 2932 2861 auctoritatis

627 2896 1061 2971 subruebant,
1120 2904 1259 2959 tum
1317 2895 1592 2978 practice
1655 2895 2001 2959 schismate
2046 2896 2401 2963 constituto
2449 2894 2928 2959 multitudinem

626 3015 667 3057 a
735 2993 942 3076 capite
1011 2992 1339 3056 Ecclesiae
1413 2994 1701 3056 avertere
1770 2991 2154 3070 studebant,
2226 2997 2794 3075 contemptumque
2862 2991 2932 3054 in

630 3088 952 3153 Ecclesiae
1009 3088 1328 3172 principes
1389 3089 1720 3172 conjicere.
1810 3087 2030 3171 Atque
2085 3110 2158 3153 eo
2216 3089 2461 3172 majora
2507 3108 2585 3152 ex
2631 3087 2732 3152 his
2773 3086 2931 3152 orie·

629 3187 869 3250 bantur
929 3185 1239 3268 pericula,
1296 3183 1461 3268 quod
1510 3183 1738 3249 Italiae
1796 3191 1862 3250 et
1910 3183 2293 3249 Germaniae
2338 3185 2556 3268 populi
2602 3183 2932 3249 Pontifici·

632 3284 747 3348 bus
821 3282 1151 3346 Avenione
1226 3280 1656 3345 residentibus
1731 3282 1944 3346 minus
2011 3280 2250 3346 addicti
2317 3285 2381 3346 et
2447 3281 2664 3345 devoti
2725 3290 2933 3354 erant,

626 3388 696 3446 et
748 3377 1112 3443 diffidentia
1165 3377 1436 3462 quadam
1493 3377 1561 3442 in
1609 3377 1954 3443 Pontifices
2012 3378 2278 3443 natione
2326 3376 2545 3442 Gallos
2601 3397 2936 3461 praeoccu-

630 3477 795 3561 pati,
853 3475 1105 3539 facilius
1159 3474 1326 3538 male
1380 3472 1455 3537 de
1509 3473 1586 3537 iis
1632 3474 2002 3540 sentiebant
2049 3478 2114 3538 et
2160 3474 2230 3537 in
2275 3472 2545 3537 schisma
2593 3472 2935 3538 traheban-

630 3579 753 3638 tur.
864 3571 1149 3636 Accessit
1211 3569 1312 3633 his
1381 3568 1690 3634 diuturna
1759 3571 1934 3635 inter
1994 3571 2340 3635 Pontifices
2410 3574 2477 3632 et
2542 3568 2935 3634 Ludovicum

630 3668 953 3733 Bavarum
1015 3667 1222 3744 luct'a,
1287 3687 1453 3750 quae
1507 3664 2077 3731 Pseudominoritis
2136 3667 2530 3730 occasionem
2594 3664 2799 3742 dedit,
2860 3672 2935 3728 ut

632 3787 814 3829 suam
870 3786 1128 3827 causam
1191 3762 1493 3846 principis
1551 3763 1726 3826 illius
1786 3784 2013 3827 causae
2075 3764 2569 3846 conjungerent.
2668 3758 2791 3825 Sed
2857 3761 2935 3824 de

817 3949 857 4014 1)
896 3948 978 4002 De
1015 3946 1133 4015 ejus
1172 3944 1391 4011 scriptis
1430 3944 1525 3997 cfr.
1566 3944 1786 4000 Riezler
1819 3944 1855 3998 l.
1893 3960 1939 3997 c.
1976 3962 2027 4012 p.
2064 3947 2167 3998 241
2206 3959 2321 4012 sqq.

811 4027 856 4093 ²)
892 4028 959 4080 V.
997 4024 1265 4091 Raynald.
1304 4038 1353 4076 a.
1393 4025 1545 4077 1344.
1583 4040 1634 4077 n.
1677 4026 1759 4078 13.

816 4107 857 4171 ³)
894 4106 974 4158 Id.
1014 4121 1061 4159 a.
1104 4105 1255 4156 1349.
1291 4118 1341 4154 n.
1384 4105 1463 4154 17.
