3281 5014
701 434 804 485 340
969 432 1192 487 XXXV.
1231 432 1314 486 De
1352 432 1556 485 Concil.
1592 431 1901 486 Basileensi
1942 447 2006 486 ac
2042 433 2109 487 de
2148 433 2364 500 synodo
2401 432 2733 488 Florentina.

700 575 845 638 cilio
900 574 1303 638 oecumenico
1352 573 1676 638 vindicata
1733 581 1798 636 et
1840 574 1907 636 in
1967 573 2249 638 evidenti
2294 577 2435 638 luce
2496 574 2700 657 posita
2748 580 2863 639 est.
2917 609 3005 619 —-

702 670 991 754 Agemus
1037 670 1233 754 igitur
1288 671 1561 753 primum
1618 668 1694 733 de
1744 666 2028 734 Concilio
2073 669 2466 749 Basileensi,
2525 671 2669 735 dein
2729 669 2804 734 de
2848 669 3005 734 Flo-

701 765 976 832 rentino.

877 915 939 979 2.
1001 915 1094 979 De
1142 914 1423 980 Concilio
1477 914 1834 979 Basileensi
1891 917 2131 980 consuli
2190 922 2484 998 possunt:
2549 916 2802 992 Labbe,
2870 914 3008 982 Goz-

704 1011 879 1077 lectis
950 1009 1186 1077 Concil.
1265 1010 1335 1075 Τ.
1399 1009 1564 1077 XII.
1632 1047 1721 1055 —
1791 1012 2028 1085 Mansi,
2108 1011 2176 1075 T.
2238 1011 2864 1077 XXIX—XXXI.
2921 1050 3010 1058 —

705 1108 1025 1193 Raynaldi
1088 1117 1153 1170 et
1203 1106 1531 1192 Spondani
1595 1106 1890 1172 Annales
1953 1127 2010 1172 a.
2072 1108 2543 1173 1431-—1437.
2608 1147 2689 1155 —
2756 1109 3007 1174 Natalis

708 1205 1104 1281 Alexander,
1165 1203 1250 1268 Η.
1308 1204 1388 1268 Ε.
1445 1204 1729 1268 Dissert.
1774 1201 1965 1269 VIII.
2024 1203 2097 1270 in
2159 1225 2317 1270 saec.
2375 1205 2446 1270 X
2457 1205 2685 1270 V.-—X
2695 1205 2799 1270 VI.
2863 1226 3008 1270 cum

705 1299 1135 1366 animadvers,
1218 1300 1634 1384 Roncaqliae.
1712 1338 1795 1347 ——
1870 1301 2189 1368 Zaccaria.
2274 1301 2683 1384 Antifebron.
2759 1300 2832 1365 P.
2908 1301 3008 1366 II.

708 1397 787 1462 L.
833 1396 886 1461 I
890 1397 953 1461 V.
1011 1418 1058 1461 c.
1104 1396 1244 1462 III.
1300 1401 1361 1462 et
1418 1397 1829 1480 Antifebron.
1885 1397 2118 1462 vindic.
2166 1397 2445 1463 Dissert.
2492 1397 2611 1462 IV.
2660 1419 2706 1462 c.
2754 1397 2877 1463 IX.
2929 1436 3004 1444 -—

707 1495 1101 1570 Muzzarelli,
1180 1494 1285 1558 De
1344 1495 1734 1560 auctoritate
1801 1494 1989 1560 Rom.
2058 1493 2305 1576 Pontif.
2382 1495 2451 1559 T.
2519 1494 2617 1560 II.
2688 1516 2735 1560 c.
2799 1495 2858 1559 7.
2922 1533 3011 1542 -

708 1591 774 1656 C.
824 1591 983 1669 Fea,
1040 1588 1212 1667 Pius
1256 1590 1353 1656 II.
1400 1590 1589 1657 Pont.
1639 1592 1823 1657 Mam.
1882 1611 1924 1656 a
1981 1591 2330 1657 calumniis
2378 1591 2748 1657 vindicatus
2805 1591 3013 1657 ternis

707 1687 1278 1753 retractationibus
1341 1690 1510 1771 effac,
1581 1687 1818 1770 quibus
1882 1688 2057 1752 dicta
2117 1692 2179 1752 et
2236 1688 2482 1771 scripta
2534 1709 2661 1772 pro
2728 1687 3013 1754 Concilio

705 1783 1075 1849 Basileensi
1134 1789 1361 1850 contra
1414 1784 1792 1867 Euqenium
1839 1784 1959 1849 IV.
2017 1784 2317 1867 ejuravit.
2383 1785 2620 1851 Romae
2680 1788 2867 1850 1823.
2924 1823 3011 1832 -

708 1884 964 1971 Palma,
1022 1879 1332 1947 Praelect.
1397 1882 1465 1946 T.
1512 1881 1631 1946 IV.
1684 1903 1751 1964 p.
1799 1881 1855 1946 I.
1913 1902 1960 1946 c.
2004 1883 2064 1945 5.
2116 1919 2202 1928 -
2252 1882 2513 1967 Hefele‚
2577 1880 2639 1947 C.
2688 1883 2763 1948 G.
2824 1882 2905 1947 B.
2952 1881 3013 1948 I.

707 1976 1099 2060 Einleitunq
1142 1981 1203 2041 et
1247 1978 1329 2042 B.
1376 1977 1523 2043 VII.
1570 2017 1658 2024 —-
1700 1979 2007 2053 Lederer,
2053 1977 2321 2043 Johann
2366 2000 2489 2043 von
2543 1978 3011 2061 Torquemada,

711 2074 1022 2159 Freiburg
1098 2078 1282 2140 1879.
1357 2114 1436 2121 ——
1505 2075 2027 2160 Hergenriither,
2103 2074 2187 2138 K.
2256 2073 2332 2139 G.
2412 2075 2478 2139 T.
2538 2074 2635 2140 II.
2709 2074 2772 2142 C.
2841 2075 2898 2140 I.
2966 2074 3012 2140 i.

706 2172 794 2253 (p.
840 2171 928 2235 90
984 2174 1183 2253 sqq.),·
1249 2172 1318 2236 Τ.
1366 2171 1505 2236 ΙΙΙ.
1559 2193 1626 2254 p.
1674 2171 1835 2251 357,
1900 2173 2009 2236 ubi
2070 2174 2278 2238 varios
2339 2174 2497 2238 alios
2559 2180 2854 2238 auctores
2915 2174 3017 2237 in-

709 2270 928 2333 venies
976 2272 1222 2334 citatos.
1285 2307 1368 2315 —-
1429 2270 1525 2333 De
1572 2272 1649 2334 iis
1707 2269 1817 2354 qui
1873 2270 2265 2353 scripserunt
2320 2271 2397 2334 de
2446 2268 2705 2352 Synodo
2752 2269 3017 2334 Floren-

710 2358 871 2435 tina,
921 2357 1190 2422 inferius
1238 2379 1518 2442 agemus,

1826 2651 1883 2720 1.

1318 2781 1447 2844 De
1495 2779 1860 2846 Concilio
1905 2781 2403 2846 ,Basileensi.

891 2955 951 3018 3.
1016 2954 1223 3030 Quum
1287 2954 1356 3018 in
1423 2952 1707 3019 Concilio
1773 2952 2285 3032 Constantiensi,
2352 2955 2630 3020 sessione
2691 2952 3019 3038 trigesima

538 3100 564 3129 a
599 3038 695 3126 5⁰³⁸
717 3073 919 3130 nona,
980 3051 1205 3115 fuisset
1263 3053 1613 3132 statutum,
1680 3055 1754 3114 ut
1814 3059 1957 3133 post
2011 3050 2526 3135 quinquennium
2588 3049 2760 3114 aliud
2820 3048 3016 3132 habe·

716 3153 896 3212 retur
952 3147 1308 3212 Concilium
1368 3147 1698 3231 generale,
1757 3153 1823 3211 et
1882 3146 2202 3212 Martinus
2240 3146 2343 3222 V.,
2400 3148 2682 3212 sessione
2743 3144 3016 3230 quadra·

712 3245 962 3329 gesima
1023 3249 1283 3328 quarta,
1345 3244 1422 3307 de
1482 3242 1755 3308 Patrum
1813 3265 2127 3308 consensu
2188 3244 2345 3307 illud
2397 3242 2634 3328 Papiae
2690 3242 3017 3308 celebran-

718 3341 867 3404 dum
927 3341 1291 3419 indixisset,
1349 3341 1512 3404 idem
1565 3340 1866 3405 Pontifex
1927 3363 1982 3405 a.
2039 3341 2205 3403 1423
2262 3340 2441 3405 misit
2499 3346 2779 3424 quatuor
2835 3360 3017 3421 prae-

716 3438 884 3502 latos
962 3436 1260 3522 Papiam,
1328 3439 1438 3523 qui
1510 3437 1796 3503 Concilio
1870 3437 2113 3502 indicto
2189 3443 2579 3520 praeessent.
2706 3434 3019 3500 Inchoata

715 3534 842 3599 fuit
906 3556 1127 3598 revera
1190 3530 1488 3617 Synodus
1557 3534 1660 3597 die
1727 3532 1841 3597 23⁰
1904 3533 2172 3616 Aprilis,
2241 3533 2348 3597 sed
2415 3555 2615 3616 quum
2676 3532 2836 3595 nulli
2902 3538 3018 3595 aut

717 3631 849 3694 fere
911 3631 1074 3700 nulli
1131 3631 1405 3718 episcopi
1439 3631 1849 3717 ¹transalpini
1909 3630 2316 3707 advenirent,
2381 3636 2448 3693 et
2501 3630 2639 3711 lues
2693 3649 3017 3712 grassare·

713 3732 857 3812 tur,
918 3733 1061 3810 post
1108 3725 1264 3791 duos
1325 3749 1572 3792 menses
1613 3727 1874 3811 placuit
1916 3726 2269 3791 Concilium
2332 3726 2681 3791 transferre
2738 3721 3017 3806 SenaS.¹)

718 3822 842 3887 Hic
904 3823 1004 3888 die
1067 3822 1136 3888 8⁰
1195 3824 1577 3889 Novembris
1631 3823 1841 3889 Sessio
1900 3824 2220 3908 generalis
2280 3823 2502 3888 habita
2564 3828 2685 3900 est,
2754 3824 2822 3886 in
2890 3842 3018 3905 qua

907 4084 944 4150 ¹)
993 4085 1256 4152 Tempore
1305 4083 1688 4137 translationis
1739 4084 1967 4137 aderant
2019 4088 2250 4150 quatuor
2300 4081 2537 4150 episcopi
2585 4080 2869 4144 Germani,
2927 4096 3026 4135 sex

725 4163 888 4230 Galli,
927 4170 984 4218 et
1021 4163 1230 4230 aliquot
1265 4163 1452 4232 Angli.
