3281 5014
1124 381 1207 436 De
1245 380 1460 449 Synodo
1497 381 1836 437 Florentina.
2530 388 2633 439 389

316 522 524 586 forma
579 522 1083 587 confirmationis
1122 522 1463 590 indicatur.
1521 560 1607 568 —
1669 525 1840 589 Dum
1884 547 2034 589 vero
2093 526 2410 609 POEQfiE
2454 549 2629 592 vaso·

316 641 461 682 rum
505 640 830 684 sacrorum
885 618 1211 683 indicatur
1266 627 1338 683 ut
1392 622 1665 686 materia
1714 620 2005 698 Ordinis,
2065 622 2489 705 nullomodo
2533 622 2633 687 his

318 715 1026 800 excluditurjmadnuum
1072 716 1432 800 impositio,
1478 720 1763 803 matQIfiR
1800 718 2192 794 essentialiS,
2253 741 2417 802 quae
2464 719 2632 802 apud

467 792 534 800 —..‚
577 792 682 799 -Ή-
1768 794 2167 806 r>-—·---.-..m--„„...q.

317 817 634 877 Armenos
690 812 790 876 uti
846 804 1013 901 ¹apud
1059 810 1332 878 Latinos
1381 815 1520 897 jam
1567 819 1707 878 erat
1762 816 1832 879 in
1891 837 2011 879 usu
2069 819 2134 878 et
2181 816 2635 880 continebatur

316 911 385 974 in
433 905 812 989 Pontificali
855 907 1185 988 RomanO,
1245 910 1417 994 quod
1471 932 1586 994 pro
1638 913 1771 976 ritu
1826 910 2307 976 ordinationum
2367 913 2436 976 in
2496 915 2634 995 ipso

319 1008 598 1071 Decreto
662 1006 1161 1071 commendatur.
1272 1005 1602 1091 Eugenius
1659 1006 1776 1073 IV.
1842 1007 1922 1070 de
1990 1010 2391 1092 porrectione
2458 1030 2635 1073 vaso*-

316 1126 459 1167 rum
516 1104 833 1187 loquitur,
895 1103 1045 1187 quia
1099 1102 1534 1179 desiderabat,
1599 1110 1676 1168 ut
1722 1104 2126 1168 obtineretur
2180 1105 2374 1169 etiam
2422 1104 2635 1188 quoad

1609 1173 1983 1190 mmm-*ffl-

317 1201 484 1264 hanc
542 1201 875 1264 materiam
931 1201 1377 1285 integrantem
1437 1204 1501 1265 et
1557 1201 1971 1266 accessoriam
1988 1170 2445 1295 ffifformitas
2491 1224 2633 1266 cum

319 1297 603 1361 Ecclesia
636 1296 950 1376 Romana,
997 1303 1195 1381 utque
1227 1297 1494 1362 Armeni
1531 1298 1706 1361 hunc
1737 1299 1934 1361 ritum
1981 1300 2403 1382 susciperent.
2476 1298 2635 1363 Pro-

316 1394 486 1458 fecto
556 1393 889 1478 Eugenius
965 1416 1310 1478 omnesque
1381 1393 1602 1459 Latini
1668 1394 2103 1458 Armenorum
2173 1396 2501 1478 episcopos
2573 1403 2637 1459 et

317 1491 730 1577 presbyteros
789 1491 1117 1556 habebant
1172 1496 1246 1554 ut
1292 1490 1496 1555 valide
1554 1490 1916 1572 ordinat08‚
1973 1493 2266 1574 quamvis
2321 1492 2636 1574 porrectio

317 1609 613 1652 vasorum
668 1589 874 1651 locum
932 1610 1066 1652 non
1125 1588 1482 1662 habuisset3
1545 1588 1649 1651 vel
1708 1609 1781 1650 ex
1839 1586 1957 1650 hoc
2016 1609 2146 1652 uno
2207 1587 2464 1652 evidens
2522 1592 2636 1667 est,

318 1684 698 1757 Pontificem
744 1706 877 1748 non
908 1683 1267 1749 intendisse
1299 1684 1743 1748 definitionem
1778 1684 1924 1747 fidei
1974 1685 2391 1761 constituere,
2438 1707 2633 1768 quum

317 1782 654 1846 materiam
705 1780 965 1846 Ordinis
1009 1782 1305 1864 praefato
1354 1781 1542 1846 modo
1588 1777 1916 1863 indicat.¹)

496 1930 598 1992 60.
672 1927 838 1993 Unio
893 1927 1346 1993 Jacobitarum
1405 1946 1517 1991 seu
1581 1925 1926 2019 Coptorum
1990 1928 2231 2012 pariter
2291 1928 2372 1992 ab
2430 1928 2637 2013 Euge·
2655 1938 2768 1979 Unio
2810 1936 2967 1989 Copto-

319 2027 427 2090 nio
471 2025 588 2090 IV.
651 2027 716 2089 in
777 2025 1062 2090 Concilio
1130 2016 1510 2091 Florentino
1577 2014 1805 2089 effecta
1869 2034 1985 2090 est.
2060 2061 2139 2071 —
2210 2025 2638 2091 Advenerunt
2757 2012 2863 2041 ’ω’

318 2123 616 2187 videlicet
660 2146 715 2186 a.
771 2124 940 2186 1440
981 2121 1379 2187 Florentiam
1426 2122 1623 2205 legati
1672 2121 1950 2186 Joannis
1987 2121 2408 2187 Patriarchae
2453 2123 2638 2188 Jaco-

317 2220 598 2284 bitarum
645 2221 716 2282 in
761 2218 1080 2302 Aegypto,
1185 2216 1249 2282 Is
1299 2218 1378 2281 ab
1426 2206 1727 2302 E'ffig‘enio
1775 2219 1855 2282 ad
1903 2217 2260 2284 Concilium
2304 2211 2639 2303 inviffiffis,

320 2316 398 2380 ad
443 2315 604 2380 illud
650 2315 969 2400 delegavit
1017 2316 1340 2403 Andr-eam
1387 2315 1708 2393 abbatem,
1756 2316 1867 2399 qui
1915 2317 2176 2380 nomine
2227 2316 2638 2382 Patriarchae

322 2420 388 2477 et
434 2413 720 2477 omnium
775 2414 884 2496 qui
946 2402 1148 2477 erant
1194 2402 1300 2476 iiia
1317 2408 1455 2496 ejus
1514 2404 1882 2476 obedientia
1928 2413 2236 2477 unionem
2283 2436 2425 2478 cum
2474 2411 2638 2477 Sede

320 2510 695 2594 Apostolica
770 2515 835 2575 et
908 2510 1195 2575 Ecclesia
1260 2509 1557 2574 Romana
1624 2510 2004 2592 postularet.
2126 2507 2205 2573 In
2273 2512 2635 2575 litterarum

320 2630 480 2691 quas
526 2609 703 2672 misit
746 2608 1165 2691 inscriptione
1202 2609 1338 2691 jam
1387 2607 1736 2689 primatum
1776 2605 2107 2670 Romanae
2151 2606 2334 2671 Sedis
2373 2609 2639 2673 omnino

320 2705 638 2789 agnoscit,
700 2704 983 2788 adeoque
1035 2705 1304 2780 dixeris,
1367 2704 1842 2787 separationem
1900 2725 2310 2789 nequaquam
2369 2707 2638 2788 comple—

321 2807 456 2866 tam
503 2802 719 2865 fuisse.
812 2801 918 2864 Sic
961 2802 1131 2864 enim
1175 2801 1422 2864 scribit:
1484 2798 1775 2863 Joannes
1831 2797 2101 2863 humilis
2157 2820 2382 2865 servus
2428 2821 2637 2865 servo-

320 2919 471 2963 rum
524 2895 812 2976 Christi,
871 2895 1171 2960 minister
1218 2895 1404 2960 Sedis
1449 2894 1514 2959 S.
1561 2895 1809 2975 Marci,
1863 2916 2141 2979 maynae
2199 2897 2440 2961 scilicet
2486 2896 2639 2962 Aze-

320 2993 646 3059 xandriae
692 2998 751 3058 et
799 2993 1000 3057 totius
1046 2992 1354 3075 Aeqypti,
1412 2990 1697 3073 Libyae,
1748 2992 2161 3074 Aethiopiae,
2217 2992 2640 3076 Pentapoleos

322 3091 752 3170 occidentalis,
801 3089 1092 3172 Africae,
1142 3088 1466 3169 totiusque
1501 3088 2020 3170 praedicationis
2068 3089 2368 3171 Apostoli
2399 3090 2637 3169 Marci,

322 3187 593 3260 humilis
650 3188 789 3252 dico
845 3187 918 3251 in
970 3186 1111 3251 suis
1155 3184 1466 3267 peccatis,
1522 3184 1733 3266 petita
1779 3185 1981 3268 prius
2034 3186 2224 3250 venia
2281 3190 2341 3249 et
2386 3186 2638 3251 absolu-

324 3284 497 3349 tione
550 3285 629 3351 ab
678 3284 818 3367 ipso
874 3282 1192 3360 Domine,
1252 3302 1455 3363 usqae
1512 3282 1599 3345 ad
1655 3286 1868 3345 terrae
1915 3281 2364 3364 pavimentum
2422 3304 2637 3349 coram

324 3385 409 3458 te,
450 3380 821 3463 justissime
877 3384 937 3444 et
991 3377 1396 3444 sanctissime
1451 3378 1681 3457 Pater,
1739 3377 2013 3457 incline,
2063 3379 2378 3462 perfectio
2433 3399 2641 3445 sacer-

324 3476 515 3557 dotii,
561 3481 796 3560 pastor
839 3476 1104 3559 optime,
1152 3472 1507 3539 honestatis
1553 3493 1627 3538 ac
1673 3474 2046 3540 sanctitatis
2081 3475 2421 3558 princeps,
2478 3474 2642 3557 piis-

323 3573 481 3638 sime
534 3574 764 3640 dactor
822 3594 1070 3652 eorum,
1130 3570 1243 3654 qai
1300 3571 1373 3635 in
1431 3569 1559 3635 via.
1597 3570 1800 3652 hujus
1853 3570 2415 3654 pereqrinationis
2471 3572 2643 3636 ince—

324 3670 517 3751 dunt,
576 3670 689 3753 qai
735 3670 950 3734 studio
995 3689 1071 3733 ac
1117 3667 1460 3733 sanctitate
1517 3667 1787 3731 caeteris
1832 3667 2007 3732 viam
2053 3666 2288 3731 salutis
2338 3666 2644 3746 ostendis,

323 3767 579 3832 domine
631 3766 896 3849 Enyeni
942 3786 1126 3848 papa
1179 3783 1490 3847 maynae·
1513 3762 1697 3827 urbis
1752 3764 2028 3840 Romae,
2103 3763 2392 3829 omnium
2454 3764 2642 3829 eccle·

323 3863 577 3929 siarum
641 3863 1157 3929 christianarum
1217 3859 1558 3942 apostolice
1612 3864 1874 3942 pastor,
1936 3860 2317 3947 principum
2386 3860 2643 3928 Christi

507 4116 549 4181 ²)
587 4116 697 4170 Cfr.
737 4115 1167 4184 Hergenrother‚
1208 4113 1504 4182 AntiJanus
1540 4130 1592 4181 p.
1632 4115 1716 4167 59.
