3281 5014
1075 412 1438 467 Pontificatus
1473 411 1524 466 S.
1564 412 1864 468 Coelestini
1889 411 1953 464 V.
2632 416 2665 468 5

341 564 518 628 tum,
570 555 948 639 elegerunt.
1054 553 1406 619 Electionis
1470 559 1686 619 autem
1746 556 1914 620 ratio
1978 555 2133 619 haec
2197 555 2339 619 fuit.
2454 554 2661 630 Quum

344 650 757 727 CardinaleS,
841 652 1142 716 commoti
1211 656 1416 716 morte
1484 654 1823 736 inopinata
1884 654 2160 738 insignis
2227 653 2347 717 viri
2418 675 2495 717 ex
2569 653 2663 716 fa·

349 750 529 838 milia
592 749 1006 832 Ursinorum,
1073 749 1591 833 colloquerentur
1653 751 1730 813 de
1793 773 2007 815 rerum
2070 750 2496 814 humanarum
2558 773 2661 815 ca-

344 847 661 921 ducitate,
708 851 774 910 et
817 846 895 909 de
941 847 1326 910 necessitate
1373 847 1746 930 providendi
1794 847 2113 911 Ecclesiae
2162 846 2283 911 Dei
2327 868 2444 929 per
2490 847 2659 912 Pon·

343 944 540 1019 tificis
603 943 1013 1017 electionem,
1084 941 1357 1006 Latinus
1413 941 1770 1007 Cardinalis
1833 942 2191 1020 Ostiensis,
2262 944 2361 1007 vir
2422 946 2661 1027 pietate

350 1039 759 1123 conspicuuS,
835 1040 1028 1103 verba
1094 1039 1322 1103 habuit
1389 1040 1466 1103 de
1535 1040 1776 1104 visione
1844 1041 2175 1124 cujusdam
2238 1041 2361 1104 viri
2430 1043 2661 1118 sancti,
2721 1026 2781 1083 Υ

343 1161 482 1222 qua
548 1136 996 1202 cardinalibus
1065 1157 1300 1221 magna
1367 1137 1538 1201 mala
1609 1138 2106 1202 nuntiabantur.
2215 1136 2381 1200 Tum
2450 1137 2661 1202 Bene·
2679 1138 2957 1244 emeca-os.

340 1237 556 1300 dictus
619 1233 967 1318 Cajetanus
1031 1231 1409 1297 subridens:
1475 1233 1709 1310 „Quid‚
1769 1232 2013 1317 inquit,
2078 1235 2238 1297 haec
2301 1233 2467 1298 forte
2528 1258 2660 1299 una
2715 1205 2990 1249 ⁰⁹¹⁰⁵t¹¹¹¹v‘

343 1340 449 1399 est
518 1359 594 1400 ex
659 1333 1012 1396 visionibus
1080 1331 1259 1396 Petri
1325 1331 1402 1395 de
1474 1331 1855 1396 Murrone?“
1925 1332 2299 1396 Affirmavit
2366 1331 2659 1403 Latinus,

342 1439 549 1516 atque
624 1436 779 1496 tunc
852 1428 1028 1493 inter
1093 1448 1159 1491 se
1232 1425 1615 1492 Cardinales
1680 1427 1908 1509 plures
1984 1426 2061 1491 de
2138 1425 2413 1510 eyreyiis
2477 1426 2662 1492 Petri

348 1526 708 1592 virtutibus
771 1545 1094 1589 sermones
1165 1523 1608 1603 contulerunt,
1684 1528 1746 1587 et
1807 1524 2253 1605 quaesierunt,
2324 1544 2484 1589 num
2554 1545 2659 1606 qe-

342 1622 549 1687 rendo
610 1620 1026 1704 pontificatui
1080 1621 1363 1686 ,idoneus
1429 1625 1604 1686 esset.
1623 1620 1667 1705 ¹)
1786 1620 2091 1686 Omnium
2165 1623 2407 1705 primus
2479 1621 2659 1685 Lati-

348 1746 472 1786 nus
530 1721 887 1787 Cardinalis
955 1721 1329 1804 suffragium
1397 1742 1585 1784 suum
1650 1718 1746 1783 illi
1813 1719 2085 1796 addixit,
2153 1741 2302 1783 mox
2374 1718 2480 1782 alii
2549 1719 2659 1782 ad·

338 1822 665 1904 jecerunt,
730 1817 1121 1883 distulerunt
1181 1817 1509 1893 nonnulli,
1579 1817 1782 1882 donec
1843 1816 2075 1880 Petrus
2140 1814 2209 1879 C.
2279 1815 2388 1899 qui
2453 1818 2661 1901 aegri-

348 1915 577 1980 tudine
636 1917 975 1980 laborabat
1039 1916 1510 1988 consuleretur;
1583 1936 1783 1998 eoque
1848 1914 2241 1977 assentiente
2312 1913 2433 1996 ipsi
2502 1935 2662 1997 quo-

344 2034 472 2096 que
529 2014 797 2078 caeteris
849 2035 915 2078 se
976 2012 1433 2096 adjunxerunt.
1537 2011 1719 2074 Tunc
1778 2009 2107 2074 decretum
2166 2008 2496 2074 electionis
2561 2009 2662 2074 die

344 2110 423 2174 5⁰
482 2109 638 2174 Julii
701 2111 1065 2175 confectum
1131 2112 1261 2185 est,
1332 2113 1398 2171 et
1441 2108 1616 2171 missi
1688 2113 1842 2173 sunt
1910 2108 2235 2190 praesules
2299 2107 2515 2190 plures
2583 2107 2662 2170 ad

352 2207 648 2284 Petrum,
717 2213 792 2270 ut
854 2208 973 2290 ipsi
1041 2207 1414 2270 electionem
1477 2206 1714 2270 factam
1772 2205 2234 2289 significarent.
2297 2238 2384 2247 -
2445 2202 2659 2267 Facile

350 2308 559 2387 patet,
626 2305 697 2367 in
765 2304 884 2368 hac
954 2304 1264 2368 electione
1331 2302 1755 2366 Benedictum
1825 2301 2210 2386 Cajetanum
2274 2300 2659 2385 peculiarem

342 2400 665 2465 influxum
728 2401 899 2464 haud
967 2400 1342 2465 exercuisse.
1467 2398 1609 2464 Imo
1677 2421 1811 2462 non
1876 2398 2194 2481 immerito
2260 2399 2657 2482 conjicimus,

342 2521 492 2563 eum
553 2521 698 2563 cum
758 2499 1007 2583 aliquot
1068 2498 1209 2562 aliis
1272 2495 1757 2574 Cardinalibus,
1827 2495 2128 2560 electioni
2190 2497 2454 2559 tantum
2509 2518 2657 2579 pro-

344 2595 571 2679 pterea
625 2595 1016 2680 adhaesisse,
1073 2597 1245 2679 quod
1298 2596 1367 2657 in
1420 2617 1495 2658 ea
1550 2593 1830 2658 medium
1887 2614 1924 2655 a
1983 2592 2205 2655 divina
2250 2592 2659 2676 providentia

341 2693 630 2757 oblatum
691 2693 974 2769 videbat,
1038 2699 1114 2756 ut
1173 2691 1470 2756 concordi
1525 2689 1779 2754 ratione
1840 2688 2163 2753 Ecclesiae
2227 2694 2446 2771 pastor
2505 2711 2657 2754 con-

341 2790 744 2854 stitueretur.
851 2791 1191 2855 Caeterum
1239 2810 1419 2864 vero,
1485 2809 1679 2871 quum
1741 2785 1973 2850 Petrus
2034 2785 2112 2848 de
2173 2783 2481 2851 Murrone
2537 2784 2657 2849 Ca·

340 2887 482 2950 rolo
540 2890 676 2971 regi
737 2895 903 2952 esset
959 2886 1279 2964 addictuS,
1346 2891 1413 2950 et
1459 2884 1840 2948 Benedictus
1886 2880 2272 2959 Cardinalis,
2336 2883 2657 2966 perspica÷

342 2984 434 3047 cis
496 2983 743 3066 ingenii
798 2985 924 3067 vir,
995 2984 1225 3048 merito
1289 2983 1574 3058 timeret,
1645 3003 1730 3044 ne
1793 2981 1984 3044 rebus
2038 2979 2339 3063 gerendis
2394 2981 2493 3044 vir
2547 2981 2657 3046 ille

338 3084 603 3144 sanctus
658 3102 792 3144 non
847 3085 1014 3145 esset
1060 3079 1245 3144 valde
1301 3078 1594 3155 idoneuS,
1649 3078 1817 3141 forte
1865 3077 2003 3162 jam
2048 3082 2206 3141 tunc
2251 3077 2513 3155 metuit,
2575 3100 2657 3142 ne

341 3197 446 3239 res
493 3177 564 3238 in
609 3175 1065 3241 detrimentum
1116 3172 1436 3240 Ecclesiae
1480 3175 1749 3240 cederet.

525 3301 583 3364 6.
633 3299 866 3363 Petrus
912 3299 989 3362 de
1022 3300 1352 3375 Murrone,
1399 3298 1505 3382 qui
1537 3319 1777 3362 nomen
1824 3296 2098 3379 sumpsit
2139 3292 2655 3392 OQ,

337 3399 559 3460 aetate
612 3396 752 3480 jam
811 3400 950 3459 erat
1001 3395 1186 3458 valde
1244 3398 1613 3477 provectuS,
1680 3394 1775 3458 ita
1838 3398 1909 3457 ut
1956 3394 2185 3457 saltem
2242 3394 2658 3477 septuaginta

336 3490 533 3569 duos,
604 3513 684 3554 ex
746 3493 905 3556 aliis
957 3492 1293 3575 octoginta
1350 3491 1486 3555 fere
1547 3513 1756 3555 annos
1819 3490 2107 3558 haberet.
2199 3491 2465 3555 Litteris
2524 3492 2657 3575 qui-

336 3586 488 3650 dem
548 3588 1033 3653 humanioribus
1094 3589 1317 3672 fuerat
1380 3589 1698 3666 imbutus,
1768 3610 1887 3653 nec
1936 3589 2125 3670 omni
2185 3587 2518 3652 hominum
2584 3610 2657 3653 ac

339 3706 558 3749 rerum
623 3686 1024 3768 experientia
1084 3685 1462 3761 destitutus3
1530 3689 1820 3748 attamen
1886 3685 2002 3749 tali
2063 3683 2346 3770 gerendo
2405 3688 2657 3750 muneri

333 3786 407 3846 et
471 3784 652 3847 oneri
717 3783 1088 3847 nullatenus
1148 3805 1265 3866 par
1332 3804 1468 3847 esse
1532 3782 1705 3847 visus
1767 3786 1882 3846 est.
1987 3781 2202 3846 Facile
2266 3781 2332 3845 id
2392 3783 2657 3866 patebit,

331 3869 391 3942 si
457 3884 646 3962 gesta
703 3878 1049 3944 Coelestini
1120 3879 1406 3943 breviter
1461 3879 2186 3962 commemoraverimus.
2305 3876 2655 3960 Attende‘nr

519 4079 565 4147 ²)
609 4079 646 4133 J
649 4081 848 4133 acobus
898 4080 1052 4135 Oard.
1106 4079 1449 4140 Stefaneschi
1495 4082 1568 4147 (a.
1618 4081 1778 4147 1296)
1830 4080 1885 4133 in
1934 4080 2115 4136 Praef.
2167 4082 2234 4135 ad
2282 4081 2470 4136 Vitam
2524 4080 2656 4136 Coe-

330 4157 548 4213 lestini.
590 4188 654 4194 —-
692 4160 793 4227 Ap.
833 4160 1081 4214 Bolland.
1120 4161 1262 4214 Acta
1299 4160 1388 4214 SS.
1428 4161 1555 4229 Maj.
1596 4160 1719 4214 Vol.
1756 4159 1851 4214 IV.
1890 4177 1941 4228 p.
1978 4163 2099 4216 437.
2139 4229 2142 4232 Ι
