3281 5014
390 607 420 637 ιι

358 657 399 700 fe

422 607 469 636 sa

403 658 572 700 ctIoms.

644 440 751 493 254
1142 439 1404 493 XXXIII.
1439 439 1523 493 De
1558 455 1760 509 magno
1798 438 2111 494 Occidentis
2148 429 2458 495 schismate.

826 584 926 646 19.
975 580 1165 645 Haud
1209 581 1306 646 ita
1350 581 1537 645 facile
1585 585 1683 646 est
1720 580 2956 663 inveniresterasdefiectionis-causas,

646 683 713 742 et
754 684 1049 743 accurate
1094 682 1299 742 totam
1346 677 1569 742 seriem
1626 677 1981 741 tristissimi
2027 676 2200 741 illius
2246 683 2513 743 eventus
2558 699 2955 762 cognoscere.

643 774 841 839 Plura
881 774 1277 839 concurrisse
1321 772 1656 850 videntur,
1715 795 1880 856 quae
1929 774 2209 838 breviter
2252 775 2621 840 innuemus.
2673 812 2763 820 —
2814 775 2956 839 Ali-

643 893 772 955 qua
824 871 1141 955 oppositio
1196 870 1349 934 inde
1406 871 1488 934 ab
1541 870 1737 934 initio
1793 871 2106 935 remansit
2158 870 2231 935 in
2285 872 2552 937 castello
2609 870 2671 938 S.
2721 871 2957 956 Angeli

643 991 720 1041 ex
789 974 973 1052 parte
1042 968 1377 1032 castellani
1442 966 1623 1032 Petri
1681 967 2019 1051 Rostagni.
2132 965 2265 1050 Ipsi
2335 989 2411 1032 ex
2478 971 2664 1052 parte
2718 966 2956 1052 Grego-

640 1066 722 1130 rii
777 1063 923 1142 XL,
982 1064 1080 1128 uti
1140 1064 1501 1140 asserebat,
1565 1063 1942 1127 mandatum
2006 1067 2175 1141 erat,
2237 1085 2321 1128 ne
2372 1065 2707 1130 castellum
2766 1064 2957 1128 alicui

641 1162 930 1226 traderet
1004 1162 1145 1225 sine
1219 1182 1532 1226 consensu
1600 1158 2035 1225 cardinalium
2111 1160 2224 1244 qui
2292 1160 2633 1226 Avenione
2701 1183 2953 1226 reman-

639 1265 876 1323 serant.
981 1256 1156 1323 Hinc
1217 1257 1429 1322 noluit
1492 1255 1762 1322 Urbano
1824 1277 2035 1321 arcem
2099 1257 2287 1323 istam
2352 1256 2637 1334 tradere,
2703 1257 2813 1322 sed
2876 1255 2956 1320 ad

630 1376 752 1419 sex
798 1353 1166 1420 Cardinales
1212 1355 1698 1419 Avenionenses
1751 1353 1928 1418 misit
1981 1354 2346 1437 epistolam,
2403 1353 2475 1418 in
2532 1375 2660 1438 qua
2713 1352 2831 1418 hac
2875 1354 2954 1418 de

637 1474 709 1516 re
755 1472 861 1516 eos
906 1451 1263 1528 consuluit,
1323 1450 1509 1515 simul
1568 1449 1855 1527 edicens,
1907 1450 2028 1514 sibi
2087 1450 2466 1515 electionem
2512 1449 2760 1515 Urbani
2811 1472 2955 1534 pro-

633 1555 785 1632 pter
837 1552 1079 1613 metum
1136 1548 1460 1612 incussum
1515 1569 1650 1612 non
1697 1545 1899 1611 videri
1953 1547 2332 1631 legitimam.
2425 1546 2798 1612 Cardinales
2854 1552 2952 1613 ta·

640 1667 792 1710 men
847 1645 909 1709 ei
964 1644 1385 1728 scripserunt,
1458 1648 1535 1709 ut
1586 1644 1920 1708 castellum
1983 1643 2301 1716 traderem
2356 1643 2468 1707 sed
2523 1644 2663 1727 ipse
2721 1643 2954 1723 noluit,

632 1748 708 1806 -et
769 1742 930 1807 illud
991 1741 1060 1806 in
1122 1762 1234 1805 sua
1294 1740 1567 1804 retinuit
1625 1740 2047 1822 possessione.
2155 1737 2341 1804 Unde
2404 1739 2496 1803 ibi
2557 1740 2743 1806 facile
2806 1762 2953 1805 cen·

629 1844 813 1903 trum
874 1838 1134 1921 aliquod
1187 1836 1609 1921 oppositionis
1670 1837 1781 1921 figi
1842 1841 2116 1920 poterat.
2190 1873 2266 1883 —
2330 1836 2702 1902 Cardinales
2762 1859 2952 1921 porro

638 1935 940 2000 videntur
1004 1955 1325 2018 sperasse,
1399 1932 1769 2014 Urbanum,
1849 1933 2133 1997 moribus
2198 1933 2530 1999 Gallorum
2607 1932 2952 2010 addictum,

632 2052 1049 2097 reversurum
1093 2051 1228 2094 esse
1274 2029 1707 2104 Avenionem;
1764 2029 1875 2094 sed
1930 2030 2064 2112 ipse
2108 2037 2375 2115 rogatus
2421 2030 2505 2094 ab
2550 2031 2641 2095 eis
2687 2031 2951 2095 omnino

640 2129 706 2193 id
773 2122 1169 2207 recusavit.¹)
1279 2122 1556 2203 Audivi,
1629 2125 1852 2190 scribit
1918 2124 2197 2191 Thomas
2270 2126 2489 2204 Petra,
2564 2124 2775 2192 asseri
2827 2146 2953 2208 per

638 2222 1004 2290 Dominum
1048 2226 1347 2288 nostrum
1383 2220 1827 2305 praedictum,
1886 2220 2056 2303 quod
2112 2221 2437 2287 discordia
2481 2221 2748 2288 illorum
2794 2226 2953 2287 tanc

644 2319 1101 2388 Cardinalium
1169 2319 1335 2403 fnit,
1410 2316 1567 2401 qnia
1636 2316 2057 2400 requirebant
2122 2339 2269 2383 eum
2343 2318 2514 2401 qnod
2576 2318 2706 2384 iret
2770 2316 2953 2384 ultra

634 2422 912 2499 montes,
972 2421 1032 2481 et
1091 2415 1230 2499 ipse
1273 2414 1546 2498 penitus
1601 2412 2004 2498 recusavit.¹)
2063 2452 2151 2461 —
2212 2415 2467 2500 Optime
2523 2416 2780 2501 quidem
2831 2416 2953 2480 hac

639 2519 710 2582 in
768 2540 841 2581 re
901 2518 1087 2592 fecit3
1149 2514 1258 2580 sed
1315 2537 1460 2578 eum
1516 2514 1871 2578 insolentia
1933 2514 2209 2598 quadam
2266 2512 2661 2598 imprudenti
2720 2525 2786 2578 et
2842 2513 2952 2577 du·

639 2615 789 2678 ritie
850 2614 1088 2677 multos
1149 2610 1486 2676 offendisse
1549 2610 1772 2693 negari
1835 2633 1967 2676 non
2030 2615 2263 2694 potest.
2368 2608 2500 2674 Die
2561 2609 2756 2674 lunae
2815 2608 2954 2673 Pa·

628 2708 910 2787 schatis,
979 2708 1201 2773 scribit
1269 2706 1739 2788 Theodoricus,
1811 2705 1885 2771 in
1959 2706 2202 2789 capella
2268 2705 2535 2788 majori,
2604 2727 2704 2770 me
2758 2726 2950 2789 prae-

630 2811 843 2885 sente,
899 2805 1036 2887 ipse
1092 2803 1397 2869 Urbanus
1439 2800 1701 2885 publice
1743 2801 1985 2885 incepit
2037 2803 2377 2885 increpare
2429 2801 2779 2886 episcopos,
2835 2802 2952 2884 qai

628 2903 778 2968 illic
820 2905 1162 2981 venerant,
1219 2898 1514 2978 dicende,
1571 2897 1742 2981 quod
1797 2920 2015 2964 omnes
2060 2905 2268 2965 essent
2300 2898 2593 2983 perjuri,
2652 2898 2811 2982 quia
2856 2920 2949 2964 ec-

640 3000 867 3065 clesias
910 3018 1067 3063 suas
1112 2997 1472 3062 desererent
1525 2995 1600 3061 in
1647 2994 1836 3060 curia
1895 2995 2246 3061 residendo.
2291 3047 2305 3060 .
2353 3046 2366 3061 .
2415 3047 2429 3060 .
2477 2995 2952 3078 &obsequenter

627 3100 858 3162 autem
916 3094 1019 3159 die
1076 3095 1270 3160 lunae
1323 3092 1695 3158 immediate
1743 3096 1896 3175 post
1949 3092 2296 3158 secundam
2359 3092 2749 3158 dominicam
2797 3097 2951 3176 post

640 3190 898 3258 Pascha
959 3192 1095 3274 ipse
1149 3189 1479 3256 Dominus
1558 3188 1863 3254 Urbanus
1927 3188 2197 3254 tenendo
2247 3189 2586 3273 publicum
2645 3189 2949 3254 consisto·

628 3289 846 3369 rium,
895 3339 908 3352 .
956 3338 970 3352 .
1017 3341 1030 3354 .
1079 3286 1321 3370 incepit
1364 3305 1718 3350 sermonem
1762 3284 1999 3367 facere,
2046 3289 2233 3369 cujzts
2278 3286 2494 3352 thema
2534 3285 2709 3369 fnit:
2764 3285 2950 3367 „Eyo

628 3408 783 3452 -sum
820 3389 1054 3469 pastor
1101 3384 1363 3465 bonus“,
1422 3403 1608 3465 quem
1652 3380 1876 3446 minus
1921 3387 2107 3447 caute
2149 3403 2264 3447 nec
2309 3404 2439 3448 non
2485 3382 2682 3448 etiam
2727 3381 2951 3447 minu-s

631 3490 872 3550 ornate
913 3483 1088 3565 fecit,
1134 3480 1205 3546 in
1253 3500 1379 3562 quo
1409 3477 1607 3543 etiam
1655 3499 1864 3543 mores
1898 3466 2379 3544 Cardinaliam‘
2402 3481 2463 3543 et
2495 3479 2949 3562 praelatorum

639 3578 879 3663 incepit
932 3578 1350 3660 redaryuere,
1412 3573 1580 3655 quod
1631 3573 1764 3656 ipsi
1818 3594 2010 3657 aeyre
2062 3575 2371 3641 tulerunt.
2428 3625 2441 3639 .
2499 3625 2513 3639 .
2570 3625 2584 3638 .
2643 3573 2950 3640 B'aerwnt

626 3675 1111 3759 ‘increpationes
1166 3672 1318 3737 illae
1373 3670 1862 3753 intempestivae
1902 3670 2264 3753 fomentum
2312 3670 2683 3736 schismatis
2733 3670 2947 3735 subse-

626 3772 911 3854 quentis.
1019 3770 1359 3837 Collectori
1422 3770 1750 3833 fructuum
1813 3768 2121 3833 Gamerae
2178 3770 2589 3853 Apostolicae
2648 3769 2947 3833 offerenti

630 3870 1023 3934 summulam
1092 3867 1344 3931 ratione
1407 3866 1506 3929 sui
1572 3864 1768 3929 officii
1831 3864 2223 3946 respondens
2283 3864 2416 3930 ait:
2477 3861 2770 3929 Pecunia
2828 3867 2949 3928 tua

819 4094 860 4162 ¹)
894 4095 960 4147 V.
999 4093 1341 4161 Raynaldum
1380 4107 1428 4144 a.
1469 4093 1605 4144 1378
1640 4107 1696 4145 n.
1732 4093 1826 4157 24;
1864 4091 2049 4144 Balut.
2081 4088 2146 4145 V.
2186 4092 2249 4146 P.
2285 4091 2330 4144 I.
2367 4094 2488 4145 994.
2529 4093 2681 4144 1209.

819 4173 863 4240 ²)
897 4176 999 4239 Ap.
1036 4173 1236 4238 Balut.,
1271 4173 1358 4234 V„
1394 4172 1456 4225 P.
1495 4170 1569 4223 ΙΙ.
1613 4184 1665 4235 p.
1709 4172 1863 4225 1222.
