3281 5014
613 437 721 488 424
1006 437 1257 491 XXXVI.
1296 438 1379 491 De
1417 444 1566 493 statu
1604 438 1889 494 Ecclesiae
1925 448 2191 509 vergente
2225 458 2366 496 saec.
2406 442 2524 495 XV.

357 590 442 632 1xi
540 623 551 632 -
611 577 1061 662 pontificatum
1127 579 1420 662 pervenit
1482 581 1601 663 ipsi
1667 603 2020 666 permagna
2081 583 2303 648 aderat
2363 584 2553 647 turba
2612 590 2919 667 nepotum

513 669 576 698 ¹¹⁸·
613 683 677 739 et
741 680 1185 759 pronepotum.
1294 674 1669 751 Quindecim
1730 680 1961 743 saltem
2015 679 2188 744 facili
2242 681 2502 764 negotio
2560 681 2920 744 enumerari

613 777 903 855 possunt,
949 773 1062 856 qui
1100 775 1449 857 juventute
1490 779 1558 838 et
1603 775 1831 840 robore
1860 775 2186 851 florentes,
2234 798 2455 840 omnes
2502 799 2538 840 a
2574 798 2726 840 sene
2761 776 2920 841 Pon·

610 869 781 934 tifice
826 870 1033 934 multa
1080 874 1147 933 et
1189 891 1426 955 magna
1481 871 1790 936 beneficia
1832 873 2297 956 exspectabant
2351 877 2548 955 atque
2591 873 2919 955 petebant.

611 963 748 1029 Nec
791 966 1088 1031 frustrati
1133 972 1290 1031 sunt
1333 967 1648 1033 desiderio
1693 990 1829 1034 sno,

786 1124 988 1189 Primi
1046 1126 1156 1209 qui
1208 1126 1456 1207 experti
1513 1131 1672 1190 sunt
1718 1125 2052 1192 Pontificis
2112 1127 2601 1192 beneficentiam
2649 1129 2920 1193 fuerunt

608 1224 844 1288 Petrus
906 1221 1196 1311 RiariuS,
1259 1222 1427 1288 Sixti
1493 1244 1570 1286 ex
1624 1222 1869 1288 Blanca
1921 1246 2139 1288 sorore
2199 1247 2429 1309 nepoS,
2503 1232 2568 1290 et
2624 1225 2919 1291 Julianus

609 1296 1159 1403 (imre,
1190 1319 1540 1404 Raphae'lis
1603 1320 1825 1384 fratris
1891 1321 2088 1403 filius,
2156 1323 2266 1405 qui
2330 1329 2551 1406 postea
2614 1324 2741 1387 fuit
2802 1323 2918 1388 Ju-

612 1396 1252 1509 lifflntifex.
1361 1416 1493 1482 Hos
1547 1439 1769 1481 mense
1828 1417 2167 1482 Decembri
2219 1441 2393 1484 anno
2455 1420 2621 1484 1471
2681 1421 2919 1484 creavit

611 1516 1010 1590 Cardinales3
1089 1519 1422 1624 praeterea
1488 1536 1597 1579 eos
1669 1515 2059 1578 commendis
2134 1517 2629 1627 episcopatuum
2672 1539 2745 1580 ac
2813 1517 2918 1580 be-

610 1611 983 1677 neficiorum
1042 1612 1376 1696 pinguium
1436 1612 1879 1693 locupletavit,
1950 1616 2015 1675 et
2076 1634 2289 1676 eorum
2354 1614 2667 1696 imprimis
2727 1635 2919 1696 opera

608 1713 680 1775 in
724 1710 914 1774 rebus
957 1709 1229 1792 publicis
1266 1708 1789 1773 administrandis
1838 1730 1987 1772 usus
2035 1713 2151 1773 est.
2200 1745 2284 1754 —
2334 1710 2708 1775 Leonardus
2754 1710 2920 1775 della

556 1839 561 1844 ·
614 1806 892 1883 Rovere,
967 1805 1129 1869 alius
1200 1803 1531 1868 Pontificis
1594 1826 1834 1888 nepOS,
1914 1828 2083 1870 auno
2156 1807 2322 1870 1472
2352 1795 2663 1870 '‘mense-⁵
2680 1806 2920 1871 Martio

611 1905 968 1989 praefectus
1041 1902 1283 1967 Romae
1347 1907 1598 1965 creatus
1668 1911 1801 1984 est,
1881 1904 2062 1986 isque
2130 1926 2392 1968 uxorem
2467 1903 2652 1967 duxit
2718 1903 2919 1968 Joan-

609 2025 788 2080 nam,
845 2002 1037 2065 filiam
1096 1999 1360 2064 notham
1408 1998 1800 2064 Ferdinandi
1857 2000 2027 2084 regis
2085 1998 2411 2084 Neapolis·
2500 2000 2796 2065 Joannae
2848 2001 2918 2063 in

609 2101 823 2164 dotem
880 2097 1189 2163 concessit
1243 2095 1690 2161 Ferdinandus
1743 2097 2042 2162 ducatum
2100 2093 2421 2162 Soranum
2482 2102 2547 2161 et
2607 2097 2917 2182 quaedam

607 2197 902 2275 castella,
947 2195 1024 2258 de
1068 2193 1295 2276 quibus
1340 2194 1718 2279 gravissima
1763 2195 1841 2258 lis
1887 2195 2101 2259 fuerat-
2146 2195 2318 2259 inter
2361 2199 2645 2258 sanctam
2694 2192 2916 2259 Sedem

611 2299 675 2359 et
738 2314 975 2377 regem.
1097 2291 1275 2357 Haec
1340 2292 1540 2377 igitur
1606 2293 1762 2355 unio
1825 2293 2106 2375 proficua
2176 2292 2507 2356 videbatur
2575 2291 2916 2356 Ecclesiae.

610 2390 768 2469 Sed,
828 2412 978 2475 rege
1038 2396 1331 2474 petente,
1394 2387 1615 2453 Sixtus
1664 2387 1774 2452 IV.
1837 2387 2244 2453 Ferdinando
2301 2410 2433 2452 non
2496 2392 2756 2453 tantum
2816 2409 2919 2452 re-

609 2489 784 2553 misit
837 2488 1067 2554 debita.
1111 2511 1275 2572 quae
1320 2491 1750 2552 contraxerat
1803 2486 1872 2550 in
1931 2489 2224 2550 sanctam
2273 2484 2528 2567 Sedem,
2592 2507 2790 2569 quum
2841 2505 2917 2548 ex

607 2588 896 2673 pluribus
970 2587 1162 2649 annis
1226 2606 1487 2649 censum
1556 2583 1876 2648 feudalem
1941 2584 2111 2646 8000
2177 2581 2510 2646 unciarum
2577 2583 2717 2646 auri
2784 2603 2919 2645 non

605 2685 929 2762 solvisset,
989 2682 1099 2746 sed
1151 2682 1345 2746 etiam
1400 2702 1655 2745 censum
1701 2679 1873 2743 hunc
1931 2680 2138 2762 ipsum
2194 2681 2487 2761 sustulit,
2545 2678 2728 2743 modo
2785 2679 2916 2741 sin-

606 2781 777 2864 gulis
837 2781 1026 2844 annis
1080 2800 1313 2862 equum
1374 2777 1591 2840 album
1654 2777 1828 2841 feudi
1886 2779 2146 2842 nomine
2201 2778 2488 2854 offerret,
2551 2798 2727 2840 oram
2783 2797 2916 2838 ma-

608 2879 889 2942 ritimam
948 2876 1197 2939 duobus
1252 2873 1618 2937 triremibus
1678 2895 1928 2956 semper
1986 2874 2228 2958 paratis
2286 2878 2509 2938 contra
2567 2872 2917 2956 praedones

607 2979 932 3050 tueretur,
995 2976 1061 3035 et
1105 2970 1514 3046 Pontificem,
1576 2972 1628 3033 si
1686 2993 1846 3053 opus
1903 2971 2099 3047 foret,
2157 2971 2360 3034 milite
2406 2971 2685 3053 juvaret.
2777 2967 2919 3032 Hoc

609 3069 723 3153 qui
782 3067 1227 3151 improbarent
1290 3065 1479 3149 fuere
1542 3065 1736 3130 multi
1756 3116 1773 3146 ‚
1850 3070 1955 3130 sat
2017 3087 2148 3131 esse
2216 3066 2529 3146 dieentes,
2599 3064 2657 3129 si
2725 3063 2916 3129 dimi-

607 3172 950 3240 nueretur,
1015 3185 1146 3229 non
1207 3163 1468 3228 omnino
1529 3162 1862 3228 tolleretur
1918 3163 2269 3245 tributum,
2329 3163 2462 3227 sive
2521 3162 2692 3244 quod
2746 3182 2916 3227 mm-

609 3284 804 3347 quam
856 3260 1133 3327 solverat
1189 3261 1249 3326 ei
1302 3260 1853 3341 condonaretur.¹)
1951 3260 2075 3327 Sed
2130 3263 2303 3327 inter
2356 3262 2514 3326 alios
2562 3259 2919 3325 Cardinalis

533 3375 540 3382 “
615 3362 970 3446 papiensis,
1039 3362 1137 3425 vir
1177 3381 1460 3437 severus,
1525 3359 1692 3423 hanc
1738 3360 1829 3423 rei
1879 3359 2363 3443 dispositionem
2420 3363 2492 3422 ut
2538 3358 2917 3441 prudentem

610 3466 675 3522 et
722 3459 945 3522 utilem
998 3457 1284 3521 laudavit
1337 3461 1401 3521 et
1455 3457 1943 3521 commendavit.
2003 3494 2086 3502 —
2144 3454 2478 3519 Leonardo
2536 3458 2683 3538 post
2738 3453 2919 3517 bien-

612 3555 789 3618 nium
840 3556 976 3638 jam
1039 3554 1375 3629 morienti,
1444 3553 1782 3617 substituit
1844 3550 2066 3617 Sixtus
2125 3553 2237 3617 IV.
2299 3559 2372 3616 ut
2435 3552 2673 3616 Romae
2735 3572 2920 3634 prae·

609 3652 848 3716 fectum
908 3652 1103 3715 alium
1165 3656 1464 3733 nepotem
1521 3649 1840 3714 Joannem
1899 3651 2066 3714 della
2121 3648 2402 3727 Rovere,
2460 3647 2708 3713 Juliani
2765 3647 2917 3710 Car·

611 3749 841 3813 dinalis
889 3747 1183 3828 fratrem,
1234 3747 1344 3831 qui
1392 3747 1498 3810 vix
1547 3747 1676 3810 tria
1731 3747 1939 3810 lustra
1994 3754 2382 3821 excesserat,
2441 3746 2624 3828 eique
2670 3745 2739 3807 in
2786 3766 2917 3823 ma-

610 3845 984 3932 trimonium
1051 3845 1386 3908 collocavit
1446 3842 1770 3926 Jouannam
1823 3843 2238 3930 Urbinatium
2303 3842 2481 3907 ducis
2546 3842 2765 3905 filiam.
2831 3875 2917 3885 -—

792 4100 833 4158 ¹)
881 4098 1017 4152 Vita
1065 4097 1205 4151 Sixti
1251 4095 1344 4150 IV.
1405 4112 1492 4164 ap.
1541 4095 1808 4149 Muratori
1857 4095 1987 4150 Ror.
2046 4095 2172 4148 Ital.
2223 4094 2418 4162 Script.
2469 4094 2531 4147 T.
2579 4093 2681 4147 ΠΙ.
2732 4094 2793 4146 Ρ.
2842 4093 2918 4145 ΙΙ.

610 4197 660 4248 p.
703 4181 854 4233 1059.
