3281 5014
660 462 764 512 384
927 458 1151 515 XXXV.
1189 461 1272 515 De
1310 460 1514 514 Concil.
1551 459 1858 515 Basileensi
1897 476 1960 513 ac
1998 461 2064 514 de
2106 461 2322 528 Synodo
2361 461 2695 515 Florentina.

660 602 804 665 aliis
853 600 1187 666 Codicibus
1232 602 1468 666 saeculi
1514 599 1694 676 XV„
1747 625 1908 683 quae
1954 604 2021 668 in
2058 601 2377 667 Vaticana
2422 602 2815 667 bibliotheca
2860 623 2976 665 ex-

658 702 868 775 stant,
926 696 1148 762 eadem
1205 698 1397 762 lectio
1454 697 1867 781 invenitur&
1960 699 2057 763 De
2115 700 2401 783 genuina
2445 698 2648 783 igitur
2700 697 2974 762 lectione

662 795 913 858 nullum
960 803 1249 877 superest
1294 794 1580 860 dubium.

839 944 942 1007 53.
1014 943 1346 1008 Immerito
1407 966 1663 1028 quoque
1730 946 2126 1029 postulatur,
2192 945 2503 1028 imprimis
2568 943 2973 1008 consideran·

500 1040 524 1068 ³
548 1041 586 1069 ¹¹·
662 1040 807 1104 dam
855 1062 990 1105 esse
1034 1040 1378 1104 lectionem
1424 1060 1742 1123 graecam,
1796 1057 1871 1105 eo
1915 1040 2086 1124 quod
2129 1041 2323 1106 lectio
2367 1042 2575 1107 latina
2620 1040 2823 1104 versio
2869 1040 2971 1103 sit.

661 1136 738 1201 Id
798 1137 971 1200 enim
1034 1136 1266 1202 falsum
1331 1140 1455 1219 est3
1518 1138 1649 1202 imo
1709 1142 1928 1202 textus
1993 1138 2240 1204 latinus
2300 1139 2693 1202 inserviebat
2756 1138 2973 1221 potius

662 1231 1057 1298 conficiendo
1111 1255 1358 1317 graeco,
1461 1234 1873 1299 Conveniunt
1929 1235 2102 1299 enim
2160 1234 2415 1313 Graeci,
2473 1258 2510 1299 a
2560 1233 2817 1300 Latinis
2870 1235 2976 1298 de·

661 1336 905 1395 cretum
957 1331 1214 1395 unionis
1260 1331 1620 1395 confectum
1670 1353 1829 1397 esse.
1908 1329 2013 1396 Sic
2054 1333 2278 1397 scribit
2323 1331 2677 1415 Syropulus
2720 1331 2974 1396 Latinis

662 1427 964 1491 infestus:
1024 1425 1397 1509 Imperator
1448 1425 1703 1492 invitus
1747 1426 2114 1507 succubuit,
2174 1433 2250 1493 ut
2304 1447 2703 1510 quocumque
2743 1426 2975 1492 vellent

661 1522 845 1588 modo
890 1523 1197 1588 unionem
1231 1528 1616 1606 panqerent.
1694 1522 1818 1589 Oui
1863 1523 2288 1605 conficiendae
2324 1524 2791 1608 praefecerunt
2823 1524 2975 1589 Am·

663 1619 950 1685 brosium
983 1621 1405 1701 (Traversari)
1436 1620 1855 1700 Monachum,
1903 1620 2018 1703 qui
2062 1621 2455 1687 eruditionis
2505 1621 2793 1686 Graecae
2826 1619 2972 1704 pal—

661 1737 835 1782 mam
874 1715 1145 1781 Latinis
1186 1715 1485 1782 omnibus
1519 1717 1918 1801 praeripuit.
1991 1717 2347 1784 Pruriebat
2396 1718 2707 1804 (ἠδέλησε)
2756 1720 2972 1782 autem

663 1812 1025 1893 Nicaenus,
1086 1833 1263 1877 voces
1325 1812 1576 1895 aliquot
1644 1813 1719 1878 in
1766 1815 2045 1898 phrases
2101 1815 2501 1881 venustiores
2556 1819 2618 1879 et
2674 1813 2976 1901 loquendi

656 1930 864 1993 yenus
912 1909 1122 1992 maqis
1153 1909 1444 1974 Atticum
1492 1912 1680 1994 (πρὸς
1708 1914 2199 1995 ἕλληνικώτεραν
2228 1910 2644 1993 καλλιέπειαν)
2692 1910 2974 1982 variare,

663 2007 756 2072 Εἰ
801 2006 1174 2072 disertiores
1205 2006 1605 2073 Latinorum
1656 2007 1951 2088 aderant,
1999 2028 2468 2090 quamcumque
2496 2028 2708 2072 vocem
2738 2006 2976 2072 Nicae-

661 2124 791 2170 nus
835 2107 1109 2187 poneret
1142 2115 1277 2185 'per
1329 2102 1557 2169 horam
1604 2102 1956 2183 multoties,
2012 2104 2369 2186 aliquando
2414 2124 2539 2187 per
2589 2103 2757 2168 duas
2810 2102 2974 2168 inte-

657 2220 819 2285 yras
872 2199 1226 2282 expendere
1283 2205 1346 2265 et
1398 2204 1845 2266 commentare.
1938 2199 2123 2279 Quod
2176 2200 2389 2265 electis
2442 2200 2528 2265 ad
2581 2200 2653 2265 id
2699 2199 2974 2265 Latino-

662 2318 816 2362 rum
861 2296 1171 2362 litteratis
1223 2297 1602 2363 vocabulum
1652 2296 1913 2376 arrisit,
1971 2296 2356 2373 admissum,
2414 2297 2584 2378 quod
2642 2295 2978 2379 displicuit

663 2393 1099 2478 repudiatum.
1187 2394 1487 2477 Eamque
1541 2413 1881 2459 censuram
1929 2393 2003 2458 in
2060 2392 2196 2457 dies
2242 2393 2435 2459 denos
2482 2394 2975 2473 continuarunt,

665 2491 900 2575 quibus
948 2490 1387 2572 definitionem
1430 2490 1504 2558 in
1560 2490 1918 2573 formulam
1976 2510 2106 2572 qua
2163 2511 2340 2557 nunc
2391 2490 2668 2557 habetur
2713 2490 2975 2557 eaecude-

663 2593 824 2655 runt
879 2592 963 2674 (p.
1017 2588 1193 2673 271).
1300 2590 1480 2654 Idem
1537 2591 1864 2674 colligitur
1919 2612 1996 2654 ex
2049 2589 2259 2654 verbis
2313 2590 2354 2655 J
2360 2591 2557 2655 uliani
2616 2589 2978 2654 Cardinalis

666 2690 734 2751 in
785 2686 1096 2753 Oratione
1142 2688 1222 2751 ad
1268 2687 1541 2770 Papam,
1595 2708 1796 2770 quum
1852 2685 2217 2751 schedulam
2263 2686 2657 2752 definitionis
2707 2688 2765 2751 ei
2809 2708 2978 2751 com-

668 2787 1048 2849 municaret.
1153 2781 1405 2848 Ultima
1451 2781 1825 2864 differentia
1868 2780 2006 2862 fuit
2050 2780 2126 2845 de
2159 2780 2482 2863 primatu,
2529 2785 2590 2845 et
2634 2781 2791 2847 haec
2834 2781 2978 2846 visa

668 2883 761 2945 est
817 2880 1030 2962 quoad
1087 2877 1564 2945 humanitatem
1624 2876 1992 2961 difficilior,
2062 2877 2219 2959 quia
2296 2878 2565 2943 libenter
2626 2877 2873 2944 subditi
2937 2898 2977 2941 a

668 2975 876 3059 capite
926 2976 1218 3055 deviant,
1274 2980 1336 3040 et
1391 2975 1465 3040 in
1515 2966 1615 3040 rei
1658 2974 1932 3040 veritate
1978 2994 2180 3056 usque
2238 2995 2416 3041 nunc
2458 2996 2594 3041 non
2642 2974 2793 3040 bene
2837 2994 2977 3041 sen-

668 3078 896 3139 serunt
955 3073 1031 3138 de
1080 3075 1401 3156 potestate
1455 3071 1747 3137 Romani
1808 3070 2174 3151 Pontificis,
2236 3071 2544 3145 dicentes,
2605 3071 2775 3153 quod
2837 3076 2980 3137 erat

667 3175 863 3252 caput
929 3169 1142 3251 quoad
1208 3190 1418 3235 unum
1489 3172 1724 3247 totum,
1791 3171 1868 3231 ut
1929 3168 2227 3233 decanm.
2317 3168 2409 3233 Et
2464 3167 2714 3233 auditis
2773 3166 2981 3233 sacris

668 3261 1035 3348 Scripturis
1094 3269 1154 3330 et
1219 3264 1428 3331 sacris
1489 3262 1799 3331 Consiliis
1856 3263 2000 3329 visa
2062 3268 2155 3329 est
2214 3264 2485 3344 veritas,
2518 3333 2522 3338 ,
2560 3264 2731 3347 quod
2787 3263 2982 3329 Sedes

669 3361 1042 3447 Apostolica
1096 3366 1157 3427 et
1203 3362 1548 3428 Romanus
1594 3360 1909 3443 Pontifex
1963 3365 2055 3425 est
2112 3381 2435 3427 successor
2480 3360 2697 3426 Petri:
2751 3360 2981 3426 deinde

667 3458 1042 3542 disponente
1093 3458 1323 3526 divina
1374 3459 1619 3541 pietate
1676 3457 1930 3540 factum
1983 3462 2104 3536 est,
2166 3463 2244 3523 ut
2296 3457 2693 3524 assenserint
2743 3456 2982 3524 Graeci

667 3555 1018 3620 secundum
1066 3555 1355 3622 cedulam
1401 3555 1624 3621 datam
1662 3574 1788 3637 per
1833 3552 2189 3638 Latinos.²)
2283 3555 2497 3634 Vides,
2552 3555 2653 3621 hic
2699 3557 2979 3640 praecise

668 3654 772 3738 agi
821 3654 897 3717 de
945 3675 1021 3718 ea
1067 3653 1461 3719 definitionis
1509 3659 1694 3737 parte
1740 3673 1905 3736 quae
1953 3657 2202 3737 spectat
2246 3655 2611 3736 primatum.

850 3881 892 3947 ¹)
932 3880 1039 3934 Cfr.
1078 3879 1283 3933 Civilta
1318 3883 1450 3933 catt.
1490 3893 1595 3932 ser.
1622 3876 1749 3931 VH.
1789 3896 1840 3932 v.
1881 3882 1929 3931 9.
1967 3878 2005 3931 1.
2043 3894 2108 3943 c.,
2143 3876 2235 3931 ubi
2273 3877 2439 3932 etiam
2468 3875 2756 3931 Facsimile
2790 3881 2977 3931 textus

670 3976 960 4027 expressus
1001 3965 1102 4015 est.
1173 3959 1241 4012 In
1277 3958 1393 4011 cod.
1432 3974 1576 4010 num.
1613 3959 1755 4010 4037
1792 3956 2165 4011 abbreviatum
2212 3963 2299 4012 est
2342 3955 2479 4009 illud
2525 3955 2689 4010 etiam
2733 3953 2978 4010 evidenti

669 4040 908 4106 ratione;
957 4054 1023 4094 ex
1070 4037 1338 4107 ejusmodi
1383 4042 1566 4091 autem
1616 4037 2082 4091 abbreviationum
2129 4053 2230 4090 usu
2273 4035 2437 4090 facile
2476 4034 2805 4102 explicatur,
2851 4051 2978 4102 quo-

671 4120 828 4174 modo
869 4117 925 4172 in
964 4117 1090 4172 aliis
1130 4116 1448 4184 quibusdam
1488 4115 1766 4169 codicibus
1804 4119 1857 4170 et
1888 4115 2009 4170 loco
2047 4115 2211 4170 etiam
2247 4115 2545 4183 irrepserit.

850 4198 893 4265 ²)
928 4197 1109 4251 Labbe
1145 4196 1299 4249 XIII.
1342 4196 1496 4250 1161.
