3281 5014
253 875 371 918 Mors
403 874 566 927 Grego-

329 937 382 978 rii
413 936 492 978 XI.

265 3861 556 3904 Dissidiorum

341 3935 475 3975 origo,

584 442 686 495 170
948 439 1178 492 XXXII.
1216 438 1299 492 De
1337 435 1691 491 Pontificibus
1728 436 2008 492 Avenione
2046 436 2407 491 commoratis.

582 583 651 647 in
698 582 892 647 Italia
947 580 1361 644 difficultates
1422 600 1494 643 ac
1553 600 1690 643 sese
1747 579 1946 643 veluti
2007 578 2380 643 derelictum
2435 577 2667 643 ibidem
2731 601 2882 643 sen·

582 680 765 755 iuret,
817 680 952 762 jam
1011 676 1186 740 brevi
1247 674 1571 758 cogitabat
1616 675 1694 739 de
1740 674 1948 738 reditu
1998 675 2064 738 in
2113 672 2411 739 Galliam.
2505 674 2626 740 Sed
2674 680 2885 740 morte

585 778 969 858 praeventus
1025 773 1172 837 fuit.
1270 769 1628 853 Greyorius
1686 769 2004 849 videlicet,
2065 790 2107 834 a
2154 771 2502 853 juventate
2560 770 2722 835 satis
2775 770 2879 835 de-

588 868 737 934 bilis
795 873 856 933 et
909 866 1462 946 valetudinarius,
1517 887 1559 932 a
1609 866 1804 949 ,oravi
1859 865 2242 946 infirmitate
2299 866 2618 944 detentas,
2666 867 2887 932 devote

584 965 854 1048 receptis
921 964 1365 1030 Sacramentis
1436 984 1580 1028 cani
1651 983 1892 1045 mayna
1960 962 2170 1028 cordis
2237 963 2620 1029 contritione
2680 967 2883 1046 prout

582 1058 873 1128 Domino
921 1060 1180 1144 placuit
1231 1059 1335 1125 die
1388 1060 1500 1124 27⁸
1556 1059 1794 1125 mensis
1847 1058 2088 1125 Martii
2145 1059 2310 1125 anni
2369 1059 2541 1124 1378
2597 1060 2669 1126 in
2719 1080 2885 1143 pace

584 1158 844 1243 quievit.
911 1208 924 1222 .
989 1208 1002 1221 .
1067 1205 1082 1222 .
1158 1155 1487 1236 Quamdiu
1554 1155 1882 1222 Ecclesiae
1938 1155 2240 1238 praefuit
2315 1157 2505 1239 quasi
2579 1157 2886 1222 continue

584 1254 892 1321 mentales
947 1253 1310 1320 anxietates
1364 1252 1595 1319 habuit
1637 1257 1910 1336 propter
1967 1253 2394 1332 turbationeS,
2457 1274 2620 1337 qaae
2680 1254 2881 1319 eidem

582 1351 907 1418 Ecclesiae
976 1371 1091 1416 sno
1147 1355 1425 1434 tempore
1488 1351 1923 1433 contiyerant‚
1989 1349 2224 1431 quibus
2288 1355 2606 1432 quantam
2660 1350 2882 1433 potuit

584 1470 727 1515 cam
788 1447 964 1513 omni
1025 1447 1366 1530 diliqentia
1428 1445 1726 1512 obviavit.
1816 1444 1943 1510 Sed
1986 1445 2177 1528 plene
2222 1467 2352 1512 non
2396 1447 2616 1512 valens
2663 1468 2880 1512 occar-

582 1565 756 1625 rere,
815 1544 1012 1609 etiam
1068 1564 1200 1609 non
1252 1542 1475 1608 ‘minas
1526 1542 1815 1625 afflictas
1867 1547 1961 1607 est
2015 1543 2091 1608 in
2125 1562 2445 1626 persona;
2490 1564 2683 1625 qaam
2726 1564 2884 1628 qra-

582 1641 723 1707 vela
783 1642 939 1707 adeo
979 1641 1312 1724 qravavit‚
1370 1639 1539 1720 quod
1583 1639 1720 1703 dies
1766 1660 1916 1703 suos
1959 1639 2031 1704 in
2081 1659 2320 1722 mayna
2356 1645 2549 1722 parte
2594 1640 2883 1706 minora-

581 1739 693 1804 vit.
783 1737 1091 1803 Nondam
1136 1736 1307 1802 enini
1352 1757 1599 1801 annum
1651 1736 2219 1820 qaadraqesimum
2261 1735 2604 1819 septimum
2648 1737 2889 1803 aetatis

583 1856 740 1901 suae
806 1834 1146 1917 attiqerat,
1221 1833 1479 1915 quando
1548 1834 1690 1917 ejus
1754 1834 2032 1916 spiritus
2123 1838 2198 1898 at
2248 1834 2362 1916 pie
2424 1832 2727 1911 creditur,
2798 1833 2888 1898 ad

584 1952 850 2015 superos
912 1928 1257 2013 evolavit.¹)
1365 1930 1522 1995 Post
1584 1933 1719 2014 ejus
1786 1932 2033 1995 obitum
2099 1937 2243 1995 orta
2306 1938 2402 1994 est
2466 1932 2531 1994 in
2600 1929 2884 1995 Ecclesia

584 2030 809 2094 divisio
869 2029 1231 2106 teterrima,
1294 2049 1457 2112 quae
1520 2027 1738 2092 multis
1792 2028 1980 2092 annis
2035 2027 2318 2104 duravit,
2377 2027 2624 2092 duobus
2671 2027 2916 2106 simul‚·

585 2124 932 2211 aliquando
996 2125 1204 2189 tribus
1268 2122 1725 2201 Pontificibus,
1791 2124 1934 2188 aliis
2000 2122 2273 2205 Romae,
2339 2123 2480 2188 aliis
2539 2123 2888 2188 Avenione

586 2226 652 2286 et
710 2221 863 2286 alibi
918 2220 1306 2286 sedentibus.
1398 2220 1534 2296 Quo
1590 2221 1668 2284 de
1723 2220 2063 2285 schismate
2119 2221 2244 2285 alia
2299 2221 2363 2284 iu
2417 2220 2889 2285 Dissertatione
2957 2292 2961 2296 ¹

585 2340 868 2404 agemus,

1679 2611 1774 2678 ΙΙ.

1159 2776 1289 2840 De
1338 2772 1959 2840 Minoritarum
2006 2774 2299 2840 turbis·

761 2949 864 3014 23.
958 2947 1268 3032 Magnum
1314 2949 1645 3030 negotium
1698 2947 2118 3012 Pontificibus
2170 2946 2754 3027 Avenionensibus‚
2813 2971 2890 3013 ac

583 3046 920 3130 praecipue
964 3044 1206 3109 Joanni
1249 3044 1503 3122 XXII„
1563 3046 1932 3110 excitarunt
1985 3045 2271 3128 dissidia,
2325 3067 2486 3129 quae
2527 3045 2595 3109 in
2644 3043 2889 3109 Ordine

583 3142 880 3207 Fratrum
949 3141 1277 3206 Minorum
1344 3147 1565 3206 exorta
1630 3148 1804 3207 sunt.
1904 3140 1999 3206 Eo
2061 3141 2161 3206 vel
2224 3144 2425 3225 magis
2487 3145 2703 3205 autem
2764 3140 2884 3204 hac

583 3240 659 3304 de
704 3261 775 3304 re
820 3239 1003 3303 nobis
1053 3238 1370 3322 agendum
1422 3244 1538 3318 est,
1588 3238 1755 3323 quod
1801 3259 1952 3303 mox
1999 3237 2591 3302 Pseudominoritae
2637 3237 2718 3300 ab
2764 3236 2881 3300 Ec·

582 3336 776 3401 clesia
828 3334 1196 3400 deficientes
1243 3357 1497 3400 causam
1549 3334 1856 3400 Ludovici
1903 3332 2135 3399 Bavari
2180 3334 2592 3399 vehementer
2638 3355 2887 3417 promo·

581 3436 843 3510 verunt,
913 3435 978 3496 et
1040 3453 1175 3495 non
1232 3433 1463 3516 exigua
1518 3432 1687 3496 mala
1745 3432 1878 3495 suis
1935 3431 2244 3495 doctrinis
2305 3440 2370 3495 et
2413 3430 2600 3495 factis
2648 3430 2715 3494 in
2766 3428 2887 3493 Ec-

584 3531 774 3594 clesia.
822 3528 1199 3593 excitarent.
1293 3527 1386 3592 Ut
1433 3550 1580 3593 vero
1622 3549 1812 3594 causa
1856 3529 1982 3592 ista
2027 3528 2213 3612 plene
2260 3528 2693 3610 intelligatur,
2736 3525 2890 3590 inde

584 3626 665 3690 ab
718 3625 910 3689 initio
958 3626 1096 3708 ejus
1143 3624 1409 3708 originis
1456 3625 1898 3689 enarrabimus
1948 3628 2012 3689 et
2057 3625 2423 3690 ulteriorem
2470 3624 2618 3689 dein
2666 3624 2888 3688 evolu-

585 3724 828 3786 tionem
875 3742 1349 3805 prosequemur.

665 3860 674 3865 ⁴
757 3843 835 3907 In
900 3842 1134 3908 Ordine
1194 3843 1603 3908 celeberrimo
1664 3848 1729 3907 et
1789 3843 2178 3926 amplissimo
2240 3840 2301 3907 S.
2349 3840 2694 3919 Francisci‚
2744 3843 2885 3926 jam

584 3942 719 4025 ipso
778 3940 1121 4005 fundatore
1186 3940 1473 4020 vivente,
1538 3944 1602 4004 et
1665 3939 1813 4005 dein
1877 3939 2152 4003 maxime
2209 3944 2354 4022 post
2415 3939 2552 4021 ejus
2613 3943 2884 4003 mortem

766 4167 807 4234 ¹)
845 4166 1025 4220 Balut.
1064 4166 1248 4219 Prima
1285 4165 1418 4218 Vita
1454 4165 1616 4233 Greg.
1657 4164 1754 4218 XI.
1792 4180 1842 4231 p.
1881 4166 1999 4218 441.
