3281 5014
1010 440 1092 506 De
1127 440 1292 515 Bulla
1334 439 1512 517 Unam
1550 439 1820 513 Sanctam.
2493 441 2573 499 ‚63

267 583 334 648 id
374 586 488 662 est,
534 602 778 658 canone
807 579 1072 646 Bibliae
1122 584 1464 660 asserente,
1511 579 1886 663 spiritualis
1912 584 2203 662 potestas
2249 584 2573 645 terrenam

260 682 637 763 potestatem
689 676 1038 753 instituere
1100 676 1324 754 habet:
1385 680 1448 740 et
1503 676 1755 760 supple,
1781 762 1786 766 ᾗ
1816 675 1875 741 si
1934 675 2122 758 habet
2183 697 2323 742 eam
2383 676 2573 749 insti-

269 781 442 840 tuere
454 768 484 855 ,²
530 773 729 851 habet⁶
776 794 918 839 eam
958 773 1300 855 judicare,
1361 772 1421 838 si
1479 773 1646 850 bona
1689 794 1820 839 non
1875 773 2117 855 fuerit:
2177 764 2334 855 quia
2373 774 2577 856 cujus

266 878 357 939 est
402 871 688 951 condere,
736 871 878 954 eJ’us
923 874 1017 934 est
1047 871 1394 940 destruere.
1443 920 1455 933 .
1503 920 1538 951 .‚
1567 920 1582 936 .
1629 869 1740 936 Sic
1785 869 1958 936 enim
2004 871 2360 938 secundum
2404 870 2579 936 hunc

272 969 524 1035 modum
571 968 646 1033 de
683 966 979 1032 Ecclesia
1037 971 1097 1031 et
1143 966 1568 1032 ecclesiastica
1618 971 1939 1050 potestate
1992 967 2371 1048 verificatur
2411 968 2578 1033 vati-

268 1065 515 1131 cinium
549 1064 903 1130 Jeremiae:
948 1062 1113 1131 Ecce
1150 1063 1460 1129 constitui
1505 1067 1565 1127 te
1611 1063 1815 1143 hodie,
1862 1063 1933 1128 id
1962 1068 2074 1143 est,
2121 1063 2226 1129 die
2271 1085 2401 1146 qua
2443 1064 2579 1147 for-

271 1167 447 1227 mata
501 1165 595 1225 est
649 1159 970 1240 Ecclesia,
1026 1180 1224 1242 super
1271 1164 1494 1242 centes
1547 1164 1607 1224 et
1664 1181 1897 1243 reyna,
1950 1165 2027 1225 ut
2079 1157 2309 1234 evellas
2362 1165 2424 1225 et
2478 1161 2579 1226 de-

270 1264 492 1324 struas
555 1261 617 1322 et
680 1256 1017 1340 disperdas
1080 1260 1142 1321 et
1209 1256 1481 1339 dissipes
1533 1277 1608 1321 ea
1668 1254 2105 1323 destituendo:
2164 1244 2459 1338 aedifices
2523 1261 2585 1322 et

260 1357 522 1440 plantes
579 1374 654 1419 ea
707 1352 1130 1419 instituendo,
1229 1352 1611 1421 Notandum
1661 1356 1877 1418 autem
1935 1353 2105 1435 quod
2159 1353 2351 1418 dicit:
2410 1353 2584 1418 Veri-

272 1456 403 1517 tate
468 1454 741 1516 testante
808 1448 1183 1529 spiritualis
1233 1453 1523 1532 potestas
1584 1452 1915 1514 terrenam
1974 1448 2318 1515 instituere
2377 1449 2585 1530 habet,

273 1548 460 1632 quia,
524 1552 607 1614 ut.
634 1551 830 1630 patet,
857 1567 945 1621 ‚ex
991 1546 1193 1611 veteri
1248 1547 1379 1629 leye
1424 1550 1485 1610 et
1534 1566 1615 1610 ea:
1670 1565 1913 1622 canone
1959 1545 2271 1625 Bibliae„
2288 1546 2587 1629 primum

274 1667 319 1711 a
361 1645 505 1730 Deo
542 1642 975 1710 sacerdotium
1018 1641 1403 1717 institutum
1449 1646 1569 1721 est,
1631 1647 1694 1707 et
1737 1643 1918 1724 post,
1963 1642 2237 1724 ‚jicbente
2282 1642 2588 1721 Domina,

267 1763 390 1826 per
451 1740 883 1831 sacerdotium
951 1738 1195 1822 reqalis
1252 1742 1542 1821 potestas
1606 1738 1915 1817 ordinata
1972 1743 2080 1804 est.
2089 1738 2139 1823 1)
2248 1740 2590 1806 Caeterum

265 1843 405 1926 jam
450 1838 755 1916 diximus,
811 1839 1005 1902 verba
1051 1837 1370 1919 Jeremiae
1425 1834 1801 1902 consuetum
1857 1836 2051 1917 fuisse
2104 1837 2394 1922 generali
2440 1859 2590 1922 quo·

276 1936 419 2024 dam
478 1957 669 2019 sensu
712 1935 905 1998 variis
949 1935 1019 1998 in
1054 1934 1406 2023 ‘adjunctis
1453 1933 1695 2011 afferri,
1753 1938 1829 1997 ut
1872 1935 2379 2016 praeeminentia
2422 1938 2593 2018 pote·

278 2026 470 2113 statis
513 2032 866 2115 spiritualis
911 2022 1065 2114 prae
1111 2031 1283 2095 civili
1310 2031 1828 2113 exprimeretur.

456 2152 917 2220 Subordinatio
971 2155 1173 2239 igitur
1230 2153 1568 2236 potestatis
1625 2157 1919 2218 terrenae
1973 2153 2092 2216 sub
2146 2153 2468 2236 spirituali
2525 2154 2594 2217 in

276 2251 475 2316 Bulla
533 2249 740 2315 Unam
788 2254 1084 2315 sanctam
1131 2250 1496 2315 affirmatur
1541 2271 1617 2314 ea
1658 2250 1941 2328 ratione,
1997 2271 2126 2334 qua
2162 2252 2299 2332 jam
2346 2250 2596 2333 saepius

281 2349 363 2412 ab
409 2347 555 2421 aliis
604 2347 1053 2422 Pontificibus,
1109 2348 1205 2412 uti
1261 2347 1331 2411 in
1391 2346 1836 2412 Decretalibus
1893 2344 2065 2424 „Per
2103 2342 2596 2435 Venerabilem“,

279 2441 838 2524 „Venerabilem“,
895 2441 1180 2524 „Novit“
1236 2443 1457 2510 eadem
1512 2444 1837 2509 affirmata
1888 2445 2121 2510 fuerat.
2213 2441 2340 2509 Sed
2375 2443 2596 2509 ⁴domi-

283 2541 465 2607 natio
528 2541 842 2626 quaedam
902 2542 1211 2606 absoluta¹
1253 2542 1327 2604 in
1384 2542 1766 2624 temporalia
1824 2562 2170 2627 regnorum
2232 2563 2269 2605 a
2330 2539 2596 2605 Boni-fa-

282 2640 377 2703 tio
415 2636 599 2702 VIII.
659 2638 1035 2703 nullatenus
1091 2638 1214 2701 sibi
1274 2626 1668 2720 vindicatur,
1730 2638 1826 2702 uti
1885 2645 1953 2702 et
2008 2639 2143 2723 ipse
2202 2639 2270 2703 in
2338 2635 2597 2703 Allocu·

278 2736 463 2800 tione
509 2734 708 2800 citata
753 2734 988 2800 diserte
1035 2734 1344 2799 edixerat.

467 2883 572 2949 68.
625 2879 720 2945 Ut
775 2881 982 2947 adhuc
1034 2881 1453 2967 quorumdam
1501 2884 1843 2947 verborum
1899 2904 2155 2947 sensum
2214 2882 2604 2947 determine·
2668 2913 2809 2966 Quidz
2839 2913 2893 2954 ad

283 3002 451 3057 mus,
473 3049 479 3072 ἰ
501 2978 911 3056 advertimus,
957 2980 1163 3043 levem
1194 2981 1535 3064 quamdam
1576 2979 2009 3045 differentiam
2042 3000 2348 3064 apparere
2393 2976 2607 3063 quoad
2623 2984 2938 3078 Μιὲζήίζὸωΐ·

284 3078 639 3152 rationem,
698 3097 827 3160 qua
874 3075 1339 3142 intellexerunt
1383 3078 1544 3142 varii
1600 3082 1895 3142 auctores
1941 3076 2056 3140 illa
2100 3076 2318 3140 verba:
2374 3075 2606 3158 „Uter-
2834 3067 2845 3077 ⁹

282 3194 418 3259 que
481 3192 635 3256 ergo
684 3170 989 3256 (gladius)
1044 3174 1110 3237 in
1173 3179 1500 3258 potestate
1547 3172 1899 3255 Ecclesiae,
1953 3172 2307 3256 spiritualis
2364 3172 2611 3237 scilicet

282 3269 542 3355 gladius
597 3272 665 3333 et
711 3270 1100 3342 materialis:
1154 3271 1269 3335 ,sed
1325 3271 1381 3336 is
1437 3270 1695 3355 quidem
1739 3291 1870 3353 pro
1924 3267 2237 3345 Ecclesia,
2302 3268 2412 3332 ille
2462 3291 2611 3334 vero

283 3367 379 3441 ab¹
434 3364 726 3430 Ecclesia
773 3366 1204 3442 exercendus:
1271 3368 1381 3432 ille
1443 3366 1826 3443 sacerdotis,
1883 3366 1952 3429 is
2015 3387 2210 3429 manu
2270 3386 2487 3449 regum
2550 3373 2615 3430 et

287 3463 603 3540 militum,
662 3460 773 3525 sed
825 3461 911 3526 ad
952 3466 1189 3528 nutum
1235 3466 1297 3526 et
1340 3460 1740 3548 patientiam
1784 3459 2190 3526 sacerdotis“.
2251 3497 2334 3508 -—
2393 3461 2614 3545 Aliqui

285 3565 589 3632 auctores
644 3560 756 3642 qui
797 3560 867 3622 in
914 3580 1066 3623 voce
1118 3557 1331 3641 yladii
1387 3559 1766 3642 praesertim
1825 3558 1903 3622 ad
1950 3561 2334 3642 potestatem
2384 3560 2615 3624 coacti·

286 3678 436 3720 vam
488 3660 555 3719 et
602 3655 999 3720 materialem
1054 3656 1416 3740 principum
1462 3654 1843 3733 attendunt,
1903 3659 1970 3718 et
2016 3653 2391 3733 advertunt,
2448 3654 2618 3719 hanc

282 3752 355 3817 in
408 3752 873 3837 protectionem
907 3751 1227 3817 Ecclesiae
1270 3752 1698 3817 adhibendam
1747 3773 1903 3834 esse,
1946 3772 2018 3815 ac
2064 3757 2327 3835 propter
2374 3754 2617 3816 motiva

283 3849 520 3934 gravia
577 3850 777 3914 etiam
826 3871 1010 3913 usum
1057 3849 1247 3934 hujus
1302 3849 1500 3934 gladii
1559 3848 1638 3913 ad
1696 3848 1866 3913 bella
1918 3849 2165 3933 injusta
2203 3849 2285 3912 ab
2334 3848 2618 3914 Ecclesia

288 3939 574 4010 inhiberi
618 3967 828 4029 posse:
876 3945 1221 4022 sacerdotiis
1267 3947 1437 4010 nutu
1474 3945 1855 4030 intelligunt
1901 3946 2281 4028 petitionem
2330 3950 2444 4014 aut
2491 3946 2620 4011 sol-

474 4173 518 4239 ²)
555 4173 658 4242 Ap.
696 4173 921 4229 Molitor
956 4174 989 4227 1.
1029 4191 1073 4227 c.
1105 4190 1158 4240 p.
1200 4175 1318 4226 104.
1357 4178 1491 4226 nota
1531 4175 1580 4226 3.

401 4269 668 4321 Jungmann,
701 4270 1058 4311 Dissertationes.
1088 4270 1209 4310 Tom.
1241 4268 1322 4309 VI.
2017 4241 2022 4252 ἶ
2379 4262 2411 4312 5
