3281 5014
314 574 550 626 Argumen·
602 608 607 612 ,
648 606 649 609 ,

299 635 481 678 tationis
507 633 570 674 in-

365 695 500 738 doles.

348 3789 526 3832 Glossa-

605 434 675 485 62
1183 431 1354 484 xxx.
1394 432 1475 485 De
1512 431 1848 485 Pontificatu
1884 412 2151 485 Bonifatii
2178 430 2336 485 vm.

785 573 891 636 66.
947 573 1048 636 Ad
1094 570 1684 654 arqumentationis
1728 570 2006 636 indolem
2039 572 2228 656 ¹quod
2283 574 2550 648 attinet,
2605 569 2913 635 Pontifex

608 669 1098 753 praecellentem
1160 669 1545 753 dignitatem
1615 670 1957 751 potestatis
2021 669 2373 752 spiritualis
2440 667 2729 733 ostendit
2789 666 2914 750 pri·

609 788 781 830 mum
831 788 908 830 ex
956 770 1192 830 natura
1237 765 1359 842 rei,
1423 763 1581 845 quia
1625 763 2007 846 spiritualia
2065 764 2444 848 temporalia
2501 762 2909 840 antecellunt.

603 862 777 926 ‘Dein
850 866 1346 948 argumentatur
1413 885 1493 927 ex
1556 863 2080 944 institutionibus
2144 864 2336 947 juris,
2417 867 2490 927 et'
2560 884 2636 925 ex
2702 882 2910 924 rerum

605 958 1104 1044 gubernatione,
1174 981 1370 1044 quum
1444 959 1827 1042 principium
1892 959 2228 1043 spirituale
2288 958 2647 1024 materialia
2708 961 2912 1041 regat.

610 1055 837 1138 Populi
894 1055 1191 1120 videlicet
1237 1055 1557 1121 Ecclesiae
1612 1055 1888 1121 decimas
1938 1056 2229 1133 solvunt,
2284 1056 2605 1140 principes
2665 1055 2749 1118 ab
2794 1052 2911 1116 Ec·-

600 1152 798 1216 ‘clesia
868 1152 1368 1229 benedicuntur,
1444 1153 1935 1218 sanctificantur
2003 1165 2067 1218 et
2133 1153 2215 1217 ab
2285 1152 2570 1218 Ecclesia
2628 1151 2917 1235 insignia

607 1262 756 1312 suae
802 1249 1141 1332 potestatis
1172 1249 1517 1332 accipiunt,
1563 1250 1662 1313 uti
1707 1251 2067 1334 generatim
2114 1272 2217 1314 res
2256 1249 2618 1325 materiales
2664 1269 2702 1310 a
2747 1246 2918 1330 prin·

607 1346 770 1428 cipio
817 1346 1139 1428 spirituali
1186 1345 1660 1429 gubernantur.
1757 1343 1942 1424 Quod
1986 1344 2182 1410 etiam
2240 1365 2321 1409 ex
2363 1343 2759 1408 decimarum
2787 1341 2916 1406 ‘da-

607 1438 807 1519 tione,
862 1444 922 1503 et
969 1439 1423 1520 benedictione,
1482 1446 1543 1506 et
1586 1441 2125 1522 sanctificatione,
2184 1462 2265 1505 ex
2315 1440 2527 1524 ipsius
2578 1437 2919 1522 potestatis

607 1536 994 1619 acceptione,
1051 1558 1133 1602 ex
1175 1538 1473 1620 ipsarum
1515 1559 1740 1603 rerum
1789 1538 2262 1620 yubernatione
2316 1536 2513 1602 claris
2571 1534 2773 1601 oculis
2816 1535 2917 1600 in-

608 1637 883 1699 tuemur.
942 1666 1046 1681 -—··
1086 1635 1354 1700 Accedit
1412 1641 1632 1701 autem
1689 1635 2058 1720 Scripturae
2118 1636 2496 1712 auctoritas,
2559 1656 2688 1718 qua
2746 1642 2917 1698 com-

606 1732 934 1813 probatur,
979 1754 1115 1796 rem
1159 1733 1252 1796 ita
1300 1732 1531 1797 debere
1574 1732 1829 1797 habere.
1921 1730 2096 1796 Nam
2141 1729 2422 1797 Veritate
2467 1733 2739 1794 testante
2783 1726 2914 1811 spi-

608 1826 876 1892 ritualis
936 1831 1227 1910 potestas
1295 1832 1621 1894 terrenam
1681 1828 2027 1893 instituere
2087 1827 2303 1907 habet,
2372 1831 2433 1892 et
2487 1825 2794 1909 judicare
2860 1823 2919 1887 si

609 1924 775 1989 bona
829 1944 961 1989 non
1022 1925 1257 2007 fuerit.
1341 1926 1689 2002 Videlicet,
1750 1925 2083 2010 Scriptura
2142 1926 2463 1991 Ecclesiae
2520 1946 2654 1988 non
2711 1924 2916 1988 solum

598 2025 996 2106 potestatem
1049 2025 1308 2101 tribuit,
1364 2029 1440 2086 ut
1492 2025 1974 2088 consecratione
2032 2045 2150 2087 sua
2209 2023 2515 2087 instituat
2567 2020 2920 2104 principem

609 2118 680 2181 in
725 2140 841 2183 sua
897 2120 1315 2195 auctoritate,
1370 2120 1479 2184 sed
1539 2119 1731 2184 etiam
1795 2125 1869 2184 ut
1925 2124 2240 2204 tanquam
2291 2139 2658 2202 supremum
2712 2115 2919 2180 tribu-

612 2214 723 2278 nal
768 2217 1023 2280 ratione
1067 2218 1333 2300 peccati,
1380 2215 1474 2300 (si
1520 2214 1686 2280 bona
1731 2236 1863 2280 non
1905 2214 2165 2297 fuerit,)
2209 2210 2562 2300 principem
2610 2213 2688 2277 ad
2734 2234 2919 2276 suum

610 2310 899 2375 tribunal
962 2314 1159 2376 citare
1223 2320 1290 2377 et
1355 2335 1499 2378 eum
1558 2312 1849 2398 judicare
1911 2315 2132 2396 possi-ti
2195 2346 2277 2358 --
2344 2313 2574 2394 Itaque
2637 2308 2922 2393 Ecclesia

612 2408 813 2471 veluti
870 2407 1122 2472 confert
1185 2409 1458 2492 principi
1519 2407 1998 2472 institutionem
2056 2398 2453 2471 cardinalem
2519 2427 2631 2469 seu
2674 2400 2921 2467 ‘'instal-

613 2500 947 2582 lationem,
1001 2527 1166 2588 quae
1213 2528 1346 2570 non
1392 2513 1567 2571 creat
1597 2509 1737 2591 jus,
1794 2505 1900 2571 sed
1953 2505 2201 2571 inducit
2245 2503 2621 2568 solemniter
2663 2501 2748 2579 in
2777 2522 2923 2584 pos-

610 2600 959 2678 sessionem
1005 2601 1081 2665 de
1126 2602 1317 2666 facto.
1374 2638 1460 2649 —
1516 2601 1833 2686 Sepositis
1879 2602 2021 2667 aliis
2066 2601 2352 2666 textibus
2406 2604 2472 2663 et
2516 2598 2705 2663 factis
2749 2596 2923 2662 Scri-

612 2702 871 2780 pturae,
928 2697 1169 2761 citatur
1216 2698 1366 2763 dein
1416 2699 1523 2763 ille
1569 2699 1890 2765 Jeremiae
1937 2703 2189 2786 textus,
2247 2698 2357 2780 qui
2415 2696 2565 2760 inde
2607 2694 2924 2778 a'quinto

609 2794 864 2859 saeculo
903 2795 1042 2877 jam
1087 2794 1375 2859 adhiberi
1423 2796 1701 2878 solebat,
1753 2818 1827 2860 ac
1882 2796 2027 2858 dein
2081 2794 2222 2857 ‘fere
2279 2793 2557 2857 formula
2611 2790 2923 2876 quaedam

609 2912 789 2954 sacra
852 2890 1063 2955 factus
1130 2895 1230 2956 est
1297 2892 1464 2975 apud
1534 2891 1882 2958 Pontifices
1919 2890 2018 2955 ‘et
2052 2895 2375 2955 'auctores
2445 2887 2923 2965 ecclesiasticOS,

598 2985 870 3070 ‘quando
931 2988 1244 3071 agebatur
1301 2989 1377 3052 de
1439 2993 1762 3073 potestate
1820 2988 2143 3053 Ecclesiae
2200 2988 2271 3050 in
2334 2985 2649 3069 principes
2706 2983 2925 3048 civiles

615 3088 683 3146 et
745 3104 967 3168 regna.
1074 3083 1241 3149 Ecce
1309 3084 1620 3151 constitui
1688 3089 1748 3150 te
1809 3082 1995 3148 hodie
2060 3101 2256 3164 super
2318 3085 2541 3165 gentes
2608 3083 2669 3144 et
2730 3098 2927 3160 super

616 3186 837 3259 reyna,
882 3183 960 3244 ut
1003 3180 1235 3245 evellas
1279 3186 1340 3245 et
1385 3181 1686 3247 destruas
1723 3184 1784 3245 et
1822 3180 2158 3263 disperdas
2204 3183 2264 3244 et
2308 3176 2598 3259 dissipes,
2646 3180 2706 3241 et
2750 3175 2925 3241 aedi·

611 3273 761 3354 fices
799 3279 859 3339 et
893 3276 1171 3359 plantes.
1262 3279 1403 3343 Hoc
1448 3284 1636 3345 textu
1681 3278 2028 3343 secundum
2084 3278 2263 3343 illam
2316 3274 2927 3359 interpretationem

615 3382 681 3437 et
727 3375 1214 3457 applicationem
1263 3377 1773 3454 traditionalem,
1822 3375 2322 3454 confirmabatur
2365 3377 2706 3446 assertum,
2759 3368 2928 3454 quod

615 3470 939 3536 Ecclesiae
1001 3478 1167 3537 esset
1221 3472 1550 3557 judicare,
1616 3495 1731 3555 per
1789 3472 1983 3537 verba
2045 3473 2123 3535 ut
2185 3467 2415 3534 evellas
2477 3471 2537 3530 et
2562 3503 2565 3506 ι
2593 3465 2893 3530 destruas
2907 3483 2930 3540 ,·

616 3568 786 3652 quod
855 3569 1053 3652 ipsius
1125 3578 1294 3634 esset
1358 3572 1553 3634 etiam
1616 3566 1991 3647 instituere,
2065 3590 2179 3651 per
2246 3566 2440 3631 verba
2500 3567 2576 3628 ut
2638 3560 2931 3641 aedifices

618 3669 678 3729 et
712 3664 990 3748 plantes.
2307 3697 2310 3698 ν
2640 3689 2645 3694 ·

794 3764 899 3829 67.
959 3763 1393 3848 Explicationi
1445 3764 1593 3828 huic
1642 3762 1868 3827 Glossa
1917 3759 2216 3844 (Joannis
2263 3753 2588 3839 Andreae)
2644 3756 2712 3818 in
2760 3753 2933 3816 huuc

617 3864 820 3928 locum
853 3863 1199 3929 consentit.
1284 3859 1514 3925 Glossa
1548 3860 1635 3924 ad
1672 3878 1920 3923 vocem:
1967 3856 2142 3922 Nam
2187 3853 2468 3919 Veritate
2499 3853 2788 3916 testante.
2825 3898 2837 3911 .
2872 3898 2885 3911 .
2918 3897 2931 3911 .

620 3958 1065 4026 Continuatur
1112 3978 1260 4041 erqo
1307 3959 1434 4022 sic:
1487 3956 1690 4033 Bene.
1723 3954 1969 4020 dictum
2013 3957 2135 4032 est,
2195 3949 2364 4033 quod
2411 3952 2701 4033 potestas
2745 3944 2930 4010 eccle-

614 4056 883 4123 siastica
928 4058 1308 4138 potestatem
1363 4058 1690 4118 terrenam
1751 4049 2087 4126 benedicit,
2144 4046 2534 4127 sanctificat,
2600 4047 2661 4109 et
2715 4042 2796 4108 ab
2850 4061 2926 4107 ea

607 4159 895 4238 potestas
939 4157 1195 4217 terrena
1240 4155 1618 4233 potestatem
1665 4147 1915 4231 accipit.
2007 4145 2184 4211 Nam
2227 4142 2507 4207 Veritate
2552 4143 2927 4217 attestante,
