3281 5014
616 393 684 444 36
1192 391 1365 444 XXX.
1402 391 1486 445 De
1523 390 1859 445 Pontificatu
1894 390 2161 446 Bonifatii
2189 390 2346 445 VIII.

618 531 761 596 licet
805 552 938 595 ‘non
985 531 1275 597 omnium
1322 529 1691 610 oblationes,
1730 552 2048 613 pressura
2093 530 2190 596 vel
2228 534 2616 614 paupertate
2654 550 2923 613 praepe-

617 627 855 706 diente,
902 627 1178 709 injectae
1222 628 1373 693 sint.
1462 627 1708 693 Devote
1753 627 1967 693 oblata
2013 628 2229 693 devote
2274 627 2766 710 dispensantur,
2824 646 2926 691 ca-

616 725 774 789 stris
818 723 1171 804 casalibus,
1221 722 1520 808 praediis
1565 744 1646 788 ex
1691 745 1766 789 ea
1810 724 2087 806 pecunia
2130 723 2271 806 ipso
2316 745 2566 789 summo
2609 720 2927 804 Pontifice

602 820 874 905 Jube‘nte
918 821 1006 886 ad
1035 821 1157 904 jus
1210 826 1271 886 et
1321 820 1792 904 proprietatem
1841 820 2261 885 basilicarum
2307 819 2791 903 comparandis,
2850 839 2926 885 ac

615 917 844 999 deiude
899 938 981 983 ex
1034 918 1328 1001 ipsorum
1384 916 1703 982 reditibus
1756 916 2001 982 divinis
2048 916 2629 999 Apostolorumque
2684 935 2924 998 auqe‘n·

615 1014 718 1079 dis
787 1014 1066 1080 cultibus
1131 1013 1572 1098 officiisque.¹)
1695 1015 1793 1079 Ex
1863 1015 1963 1079 his
2042 1014 2497 1080 convelluntur
2561 1013 2925 1078 chronistae

616 1113 809 1177 verba
854 1113 1158 1196 maligna.
1254 1111 1381 1177 Sed
1419 1114 1621 1187 videS,
1678 1134 1874 1196 quam
1920 1113 2160 1195 injuste
2204 1111 2525 1175 interdum
2576 1111 2926 1174 accusatio-

491 1270 496 1274 .
615 1231 731 1275 nes
778 1211 848 1274 in
896 1209 1241 1275 Pontifices
1289 1210 1611 1292 ferantur3
1672 1231 1745 1273 ac
1793 1210 1845 1273 si
1891 1208 2202 1273 avaritiae
2257 1212 2589 1271 accusatus
2634 1207 2765 1271 fuit
2808 1205 2928 1270 Bo·

323 2224 545 2266 Florentia
521 2237 570 2267 ‘ie

320 2285 561 2339 respublica

616 1307 917 1384 nifatius,
977 1329 1110 1372 non
1168 1311 1266 1372 est
1321 1329 1435 1371 cur
1489 1305 1803 1390 ejusmodi
1858 1304 2162 1369 conviciis
2206 1305 2306 1368 vel
2358 1303 2689 1367 minimam
2735 1302 2924 1366 fidem

615 1399 1044 1487 habeamusfl)

792 1536 895 1599 38.
959 1534 1270 1601 Bonifatii
1305 1534 1483 1601 VIII.
1534 1538 1672 1621 jam
1727 1537 2019 1621 superius
2064 1534 2158 1620 (n.
2205 1536 2315 1618 18)
2380 1536 2658 1601 breviter
2708 1535 2927 1601 innui·

619 1655 762 1696 mus
825 1633 952 1696 alia
995 1636 1202 1721 gesta.
1300 1632 1422 1698 Sed
1479 1639 1731 1699 restant
1787 1656 1862 1698 ea
1918 1632 2501 1710 commemoranda,
2554 1653 2719 1715 quae
2777 1631 2927 1695 fecit

619 1728 927 1794 Pontifex
984 1729 1063 1794 ad
1118 1751 1221 1795 res
1270 1729 1795 1796 Florentinorum
1852 1731 2321 1813 componendas
2375 1729 2618 1813 optima
2670 1727 2927 1810 quidem

613 1827 1012 1902 intentione,
1069 1826 1180 1890 sed
1225 1848 1513 1892 successu
1562 1849 1969 1911 nequaquam
2025 1826 2213 1891 felici.
2305 1824 2456 1889 Non
2502 1825 2708 1889 solum
2755 1824 2927 1888 enim

613 1923 956 1988 discordias
1019 1923 1252 1987 civium
1301 1921 1665 1988 Florentiae
1723 1923 1942 1987 sedare
2002 1921 2171 1985 haud
2234 1922 2474 2005 potuit,
2534 1920 2644 1984 sed
2704 1942 2926 2004 quam-

611 2020 918 2103 plurimos
962 2018 1162 2084 Italos
1208 2019 1329 2084 sibi
1375 2018 1653 2084 reddidit
1699 2019 2172 2099 infestissimos,
2217 2017 2504 2101 iramque
2550 2018 2620 2081 in
2665 2039 2732 2081 se
2778 2038 2927 2099 pro-

613 2117 864 2180 vocavit
905 2115 1138 2180 Dantis
1184 2120 1434 2199 poetae,
1483 2116 1593 2200 qui
1642 2117 2007 2181 memoriam
2057 2106 2372 2178 Bonifatii
2419 2114 2652 2197 pluries
2698 2113 2767 2177 in
2812 2135 2928 2178 sua

616 2210 875 2297 Divina
922 2192 1288 2285 Commedia
1342 2212 1503 2303 diris
1506 2212 1831 2299 deyggget.
1930 2210 2088 2274 Erat
2139 2209 2470 2275 Florentia
2518 2231 2593 2273 eo
2639 2213 2928 2293 tempore

566 2309 851 2393 duplici
896 2310 1176 2374 factione
1220 2309 1444 2386 divisa,
1488 2286 1844 2393 Nigrorum
1889 2313 2084 2391 atque
2127 2307 2471 2389 Alborum3
2522 2305 2733 2370 ultimi
2778 2327 2929 2369 mox

615 2405 1087 2471 Gibellinorum
1144 2405 1514 2470 tendentias
1580 2406 1704 2485 (uti
1760 2426 1868 2469 eas
1923 2405 2213 2487 superius
2272 2402 2708 2486 exposuimus)
2774 2406 2931 2466 sunt

615 2504 844 2587 secuti,
901 2503 1088 2569 alteri
1145 2502 1525 2567 Guelforum
1586 2502 1919 2586 principiis
1978 2523 2045 2565 se
2101 2499 2384 2566 addictos
2443 2498 2927 2584 profitebantur.

615 2601 713 2666 Ex
760 2601 966 2665 turbis
1014 2599 1381 2664 Florentiae
1429 2601 1691 2677 exortis,
1741 2598 2056 2674 Etruriae,
2103 2599 2231 2663 imo
2279 2598 2477 2662 totius
2522 2595 2755 2660 Italiae
2801 2617 2928 2678 pax

612 2700 683 2763 in
739 2697 1079 2762 discrimen
1129 2697 1339 2777 venit,
1395 2694 1560 2761 unde
1606 2696 1834 2760 merito
1886 2694 2254 2760 Bonifatius
2313 2716 2532 2778 pacem
2585 2692 2930 2756 restituere

615 2801 885 2860 conatus
940 2799 1058 2858 est.
1160 2792 1357 2865 Initio
1412 2793 1570 2857 anni
1623 2794 1791 2857 1300
1848 2792 2023 2857 misit
2088 2791 2480 2855 Florentiam
2526 2786 2929 2853 Cardinalem

614 2892 1017 2958 Matthaeum
1064 2890 1618 2975 Aquispartanum
1674 2891 1787 2974 qui
1834 2890 2039 2953 multa
2083 2888 2239 2952 fecit
2285 2885 2363 2952 ad
2417 2886 2732 2951 factiones
2778 2906 2929 2948 con-

615 2988 953 3070 ciliandas3
1004 2988 1112 3051 sed
1159 3008 1356 3070 quum
1405 2986 1566 3051 nihil
1595 2986 1950 3070 proficeret,
1999 2985 2328 3050 civitatem
2357 2981 2699 3046 interdicto
2744 2981 2927 3064 puni·

614 3094 752 3151 tam
809 3085 1093 3169 reliquit.
1184 3083 1368 3148 Tunc
1430 3084 1602 3149 aliud
1664 3083 1996 3148 consilium
2063 3081 2212 3145 iniit
2270 3079 2659 3144 Bonifatius·
2765 3077 2927 3141 Cum

615 3183 912 3248 videlicet
971 3181 1176 3265 magis
1237 3182 1569 3266 magisque
1642 3202 1766 3263 pax
1827 3178 2201 3243 turbaretur
2270 3181 2336 3239 et
2395 3178 2796 3257 emergerent
2857 3172 2926 3235 in

612 3281 746 3345 dies
796 3279 948 3343 novi
996 3277 1293 3361 tyranni,
1350 3278 1460 3362 qui
1516 3276 1824 3342 ditionem
1872 3274 2266 3359 pontificiam
2312 3270 2791 3353 discerpebant,
2847 3267 2926 3332 ad

617 3399 726 3442 eos
783 3375 1290 3458 comprimendos
1346 3378 1413 3438 et
1469 3374 1537 3437 in
1596 3373 1808 3437 officio
1863 3371 2129 3456 populos
2184 3367 2605 3434 continendos
2657 3386 2926 3450 praepo-

616 3472 818 3539 tentis
865 3472 1138 3556 alicujus
1183 3469 1358 3534 ducis
1411 3491 1667 3553 operam
1725 3469 1847 3533 sibi
1892 3467 2310 3533 necessariam
2364 3464 2570 3528 duxit.
2657 3462 2735 3526 In
2782 3483 2924 3525 eam

618 3592 753 3636 rem
808 3570 1004 3654 elegit
1061 3567 1358 3632 Carolum
1392 3565 1725 3631 Valesium
1774 3564 2054 3648 Philippi
2111 3563 2283 3647 regis
2332 3559 2579 3626 Galliae
2636 3559 2923 3631 fratrem,

617 3670 953 3751 virumque
1014 3666 1124 3750 qui
1183 3664 1318 3747 ipse
1378 3663 1677 3748 ingentia
1736 3661 2003 3727 consilia
2065 3658 2279 3723 animo
2337 3656 2661 3732 volvebat,
2728 3657 2805 3718 ut
2854 3653 2924 3718 in

800 3893 818 3923 1

795 3892 841 4037 ²3
876 3888 1196 4038 ‹Iazoprooridis
1225 3889 1284 4021 iln
1309 3904 1429 4020 esua
1465 3971 1655 4031 satyra
1694 3962 1983 4017 avaritiam
2019 3959 2286 4015 Bonifatii
2332 3956 2520 4025 arguit
2562 3956 2773 4012 acerbis
2809 3956 2922 4011 illis

619 4049 828 4116 verbi8‚
882 4049 956 4114 „O
1006 4048 1244 4117 pessima
1281 4044 1520 4100 avaritia
1569 4074 1636 4081 —
1689 4043 1814 4096 Sete
1861 4040 2198 4107 induplicata
2250 4068 2321 4075 —-
2371 4038 2579 4091 Bevere
2627 4041 2785 4090 tanta
2831 4051 2924 4103 pe-

621 4128 782 4183 cunia
818 4160 884 4165 -«
921 4128 1043 4182 Non
1081 4142 1262 4182 essere
1300 4123 1554 4179 satiatas·
