3281 5014
412 3252 542 3295 Bulla

328 3318 520 3356 Ausculta
548 3318 624 3361 nli.

659 408 733 459 40
1245 405 1414 459 XXX.
1450 406 1533 461 De
1570 405 1901 460 Pontificatu
1938 404 2202 458 Bonifatii
2228 404 2381 459 VIII.

662 547 936 627 videret,
981 547 1211 612 merito
1257 549 1538 626 censuit,
1594 549 1823 633 majori
1868 569 2012 610 cum
2056 547 2276 630 vigore
2321 552 2546 613 contra
2589 549 2796 631 ipsum
2848 547 2970 612 Ec·

658 643 891 708 clesiae
927 645 1079 728 jura
1122 643 1505 708 vindicanda
1536 666 1693 709 esse.
1767 643 2062 727 Philippo
2108 643 2309 727 igitur
2354 644 2779 722 denuntiavit,
2821 666 2968 708 eum

659 761 959 805 censuras
1017 741 1440 818 contraxisse,
1498 742 1622 806 nisi
1677 741 1834 806 alias
1879 739 2202 825 graviores
2251 740 2406 805 facti
2454 742 2735 807 rationes
2783 743 2967 806 affer·

661 842 785 913 ret,
845 838 1319 920 praecepitque,
1374 842 1449 901 ut
1493 837 1852 922 praesulem
1900 837 2357 919 Apamiensem
2412 860 2489 902 ex
2538 836 2966 904 Narbonnen·

659 932 746 997 sis
801 932 1253 1016 archiepiscopi
1312 933 1598 1000 custodia
1653 934 1958 999 liberaret
2015 937 2081 997 et
2137 933 2218 997 ad
2267 935 2699 1017 Apostolicam
2742 935 2965 1001 Sedem

659 1031 891 1094 reverti
947 1031 1375 1113 permitteret,
1428 1031 1803 1095 restitueret
1866 1029 2163 1094 ecclesiae
2225 1029 2602 1113 Apamiensi
2660 1041 2968 1116 occupata

661 1126 849 1201 bona,
899 1148 1015 1190 nec
1060 1126 1129 1191 in
1176 1134 1505 1211 posterum
1550 1149 1760 1192 sacras
1807 1148 1957 1211 opes
1997 1126 2319 1210 diriperet.

834 1319 955 1385 Die
1019 1317 1091 1384 4⁰
1158 1320 1526 1385 Decembris
1591 1342 1707 1403 per
1772 1320 2023 1384 Bullam
2090 1317 2393 1384 Salvator
2455 1318 2686 1385 mundi
2746 1342 2966 1386 omnes

655 1419 900 1503 gratias
971 1423 1036 1481 et
1101 1417 1434 1501 privilegia
1496 1417 1634 1501 regi
1700 1420 1766 1479 et
1827 1416 2408 1498 praedecessoribus
2473 1419 2611 1499 ejus
2671 1438 2968 1482 concessa

655 1514 1015 1596 suspendit,
1077 1513 1418 1597 additaque
1466 1514 1738 1596 epistola
1781 1511 2012 1595 Nuper
2056 1532 2137 1576 ex
2183 1511 2689 1578 rationabilibus
2750 1511 2967 1577 causis

655 1611 716 1677 d.
762 1611 821 1676 d.
885 1607 956 1674 5⁰
1004 1610 1371 1674 Decembris
1435 1610 1500 1674 id
1559 1610 1856 1694 Philippo
1914 1610 2332 1695 significavit3
2397 1611 2590 1675 simul
2649 1632 2800 1675 vero
2861 1610 2965 1674 be·

657 1708 855 1793 nigne
902 1707 1210 1784 advertit,
1267 1710 1528 1791 propter
1582 1708 1822 1772 bonum
1872 1729 2208 1772 commune
2263 1708 2329 1771 id
2375 1707 2543 1783 fieri,
2599 1729 2794 1791 seque
2838 1713 2966 1772 ter-

659 1806 903 1869 minum
974 1804 1335 1887 assignare,
1400 1823 1525 1885 quo
1586 1852 1601 1866 .
1659 1853 1672 1866 .
1734 1851 1749 1865 .
1814 1802 2243 1867 concessiones
2305 1803 2677 1885 praedictae
2742 1807 2966 1868 nostro

654 1898 1019 1982 conspectui
1069 1902 1601 1981 praesententur,
1668 1903 1742 1964 ut
1797 1899 2221 1964 consideratis
2279 1899 2444 1982 ipsis
2499 1904 2561 1964 et
2604 1899 2763 1963 visis
2810 1920 2964 1981 pro-

654 1995 864 2060 videri
898 1995 1126 2078 possit,
1172 1994 1233 2059 si
1272 1994 1444 2060 dicta
1490 1993 1825 2077 suspensio
1867 1994 2078 2077 fuerit
2121 1995 2195 2060 in
2229 1995 2448 2079 aliquo
2493 1995 2590 2060 vel
2635 1995 2967 2078 aliquibus

655 2093 1072 2158 moderanda.
1165 2094 1344 2158 Misit
1401 2094 1596 2157 etiam
1655 2093 1991 2176 epistolam
2046 2094 2126 2158 ad
2180 2116 2404 2160 omnes
2456 2093 2705 2159 Galliae
2762 2093 2966 2158 archi·

654 2191 1009 2274 episcopos,
1061 2190 1418 2274 episcopos,
1474 2190 1757 2273 capitula
1812 2190 2206 2255 cathedralia
2263 2195 2330 2255 et
2384 2195 2648 2256 sanctae
2694 2190 2965 2255 Theolo-

650 2290 794 2373 giae
840 2287 1144 2371 Jurisque
1195 2287 1503 2365 doctores,
1560 2309 1722 2371 quos
1769 2309 1991 2352 omnes
2038 2286 2309 2352 Romam
2361 2288 2631 2352 vocabat
2675 2287 2756 2352 ad
2801 2286 2966 2352 Con·

650 2385 869 2448 cilium
929 2383 1030 2448 die
1096 2381 1160 2447 1⁰
1204 2382 1590 2448 Novembris
1653 2405 1826 2448 anno
1887 2385 2051 2451 1302
2118 2383 2361 2449 Romae
2419 2384 2811 2459 habendum,
2871 2387 2965 2462 nt,

653 2481 895 2559 scribit,
937 2484 1153 2545 vestra
1189 2478 1518 2563 possimus
1548 2478 1781 2545 habere
1812 2479 2102 2562 consilia,
2149 2479 2265 2564 qui
2296 2480 2474 2564 apud
2505 2500 2721 2563 reqem
2753 2479 2964 2563 suspi-

650 2577 830 2643 cione
875 2577 1139 2658 caretis,
1190 2582 1251 2642 et
1297 2576 1423 2641 sibi
1476 2581 1537 2641 et
1590 2597 1788 2659 reyno
1845 2577 2085 2661 accepti
2139 2578 2293 2643 estis
2338 2582 2399 2642 et
2437 2577 2655 2661 qrati,
2715 2581 2776 2642 et
2820 2577 2965 2642 dili-

644 2673 807 2757 qitis
851 2674 1067 2757 ipsum
1113 2694 1342 2756 reyem,
1388 2694 1635 2738 necnon
1683 2677 1985 2755 tractare,
2032 2674 2313 2757 diriyere
2359 2678 2420 2738 et
2461 2679 2765 2751 statuere,
2810 2695 2964 2756 pro-

650 2772 892 2851 cedere,
950 2771 1166 2854 facere
1212 2775 1272 2835 et
1315 2769 1649 2849 ordinare,
1700 2791 1864 2852 quae
1909 2771 1996 2836 ad
2049 2771 2354 2836 honorem
2400 2771 2531 2836 Dei
2586 2776 2646 2836 et
2693 2770 2963 2854 Aposto-

651 2868 811 2934 licae
858 2868 1061 2950 Sedis,
1110 2871 1531 2950 auymentum
1579 2866 1928 2932 catholicae
1969 2867 2138 2947 fidei,
2185 2868 2734 2934 conservationem
2779 2867 2964 2933 eccle-

651 2964 954 3030 siasticae
999 2963 1337 3041 libertatis,
1385 2984 1461 3028 ac
1488 2963 2017 3045 reformationem
2062 2963 2236 3045 reyis
2266 2984 2342 3029 ac
2371 2964 2577 3047 reyni,
2625 2963 2966 3029 correctio·

651 3082 799 3127 nem
836 3060 1346 3144 praeteritorum
1393 3080 1795 3140 excessuum,
1844 3065 1905 3125 et
1952 3060 2188 3126 bonum
2233 3060 2520 3144 reyimen
2562 3061 2749 3144 reyni
2795 3062 2962 3142 ejus-

653 3158 793 3223 dem
861 3157 1218 3223 viderimus
1292 3156 1607 3240 expedire.
1680 3195 1767 3203 —
1838 3158 2033 3223 Dedit
2105 3161 2344 3242 pariter
2417 3157 2787 3223 Bonifatius
2863 3159 2963 3222 die

657 3253 728 3320 5⁰
772 3254 1142 3322 Decembris
1200 3256 1279 3320 ad
1346 3254 1716 3339 Philippum
1777 3255 2084 3319 celebrem
2145 3253 2400 3320 Bullam
2464 3251 2961 3339 Qulmffii,

652 3354 723 3417 in
766 3374 896 3436 qua
953 3358 1225 3436 paterna
1278 3352 1467 3416 simul
1529 3373 1603 3416 ac
1663 3352 1845 3416 firma
1887 3351 2207 3417 scribendi
2266 3353 2517 3416 ratione
2569 3372 2746 3428 usuS,
2810 3350 2965 3415 Phi·

652 3450 826 3533 lippo
881 3449 964 3514 ob
1008 3449 1225 3514 oculos
1283 3449 1467 3532 ponit
1524 3448 1904 3531 multiplicia
1952 3449 2150 3525 mala,
2205 3469 2369 3534 quae
2416 3469 2617 3533 regno
2659 3470 2801 3525 suo,
2861 3469 2963 3512 ec·

648 3545 858 3610 clesiis
921 3549 989 3610 et
1048 3544 1289 3611 civibus
1352 3544 1667 3609 intulerat
1725 3544 2204 3629 inferebatque,
2265 3548 2332 3609 et
2392 3567 2538 3609 eum
2598 3544 2677 3608 ad
2737 3545 2961 3628 resipi-

649 3641 961 3706 scentiam
1032 3646 1227 3725 atque
1296 3640 1376 3705 ad
1448 3641 1827 3726 corrigenda
1895 3642 2064 3706 mala
2132 3643 2312 3707 illata
2388 3642 2643 3728 incitat.
2758 3640 2961 3706 Simul

649 3738 709 3802 ei
763 3738 1287 3803 convocationem
1344 3738 1779 3821 episcoporum
1841 3742 1907 3802 et
1960 3738 2288 3803 doctorum
2346 3738 2426 3801 ad
2482 3738 2821 3802 concilium
2875 3738 2964 3801 si·

648 3834 944 3919 gnificat,
1002 3841 1068 3899 et
1113 3834 1414 3912 advertit,
1476 3854 1724 3916 regem,
1785 3835 1840 3898 si
1897 3835 2200 3912 voluerit,
2263 3835 2362 3899 vel
2423 3856 2535 3918 per
2586 3856 2653 3898 se
2700 3835 2803 3898 vel
2850 3856 2965 3917 per

651 3930 866 3995 fideles
927 3935 990 3995 et
1046 3929 1340 4015 providos
1392 3930 1564 3994 viros
1621 3951 1805 4014 posse
1867 3930 2208 4008 interesse,
2270 3939 2341 3996 ut
2392 3954 2555 4016 quae
2602 3937 2962 4014 opportuna

649 4027 870 4092 credat
917 4031 1233 4111 exponat;
1287 4026 1574 4110 alioquin
1616 4047 1685 4090 se
1731 4048 2175 4110 processurum
2222 4049 2389 4111 esse,
2447 4033 2518 4093 ut
2566 4028 2772 4092 visum
2829 4027 2965 4091 fue-

654 4124 749 4188 rit
793 4122 1112 4207 expedire.
