3281 5014
913 445 1309 500 Accusationes
1345 445 1535 501 variae
1570 445 1629 499 in
1667 445 1798 500 Tem
1808 444 2031 511 plarios.
2527 445 2628 500 133

316 584 680 651 Gulielmus
734 607 927 671 aegre
980 586 1229 651 ferebat
1285 586 1760 670 exemptionem
1820 584 2079 650 Ordinis
2139 585 2407 670 Templi.
2501 585 2628 651 Ge·

314 683 593 748 neratim
651 684 823 748 enim
877 682 1227 768 Templarii
1288 705 1363 748 ea
1418 687 1636 748 aetate
1691 683 2022 768 religionis
2078 682 2467 748 christianae
2524 685 2629 749 de·

314 781 603 844 fensores
670 780 873 845 fortes
939 801 1007 844 se
1073 778 1520 845 ostenderunt.
1590 815 1680 824 —
1752 780 2068 844 Auctores
2134 779 2369 843 saeculi
2434 777 2625 845 XIII.

313 877 477 940 varii
535 876 613 941 de
665 876 1173 960 Templariorum
1233 876 1532 959 superbia
1590 882 1657 941 et
1716 875 2021 952 avaritia,
2080 897 2154 940 ac
2214 876 2292 939 de
2351 875 2628 941 dissidiis

314 994 456 1037 cum
505 973 832 1057 equitibus
864 970 928 1036 S.
964 971 1239 1037 Joannis
1286 974 1661 1057 frequenter
1698 979 2203 1057 conqueruntur,
2252 974 2426 1037 inter
2469 995 2627 1057 quos

314 1069 593 1134 maxime
658 1068 1028 1134 Matthaeus
1093 1068 1304 1143 Paris;
1378 1068 1638 1133 difficile
1703 1073 1922 1133 tamen
1985 1072 2083 1133 est
2143 1090 2295 1133 vera
2351 1090 2391 1132 a
2450 1070 2627 1133 falsis

313 1164 729 1250 distinguere.
819 1163 944 1230 Sed
997 1166 1193 1230 etiam
1240 1164 1517 1229 Romani
1565 1164 1944 1240 Pontifices,
2001 1166 2112 1249 qui
2170 1166 2405 1230 merito
2450 1164 2629 1230 Ordi-

315 1282 461 1326 nem
524 1263 985 1347 protegebant,
1051 1262 1306 1346 saepius
1367 1282 1475 1327 eos
1538 1283 1758 1326 severe
1820 1261 2236 1347 redarguunt.
2346 1260 2421 1326 Id
2474 1262 2628 1327 fecit

314 1356 737 1422 Innocentius
768 1357 889 1423 III.
933 1358 1180 1443 insigni
1226 1381 1369 1423 cum
1399 1360 1638 1443 vigore,
1687 1381 1763 1423 ex
1796 1360 1979 1444 cujus
2012 1359 2287 1443 epistola
2307 1357 2355 1444 ¹)
2401 1360 2626 1445 liquet,

314 1475 584 1539 magnos
649 1456 715 1519 in
790 1453 1032 1519 Ordine
1096 1457 1337 1520 abusus
1399 1458 1535 1540 jam
1605 1456 1908 1540 viguisse3
1988 1462 2054 1520 et
2120 1478 2174 1520 a.
2254 1458 2420 1521 1265
2491 1457 2629 1522 Cle-

314 1573 497 1616 mens
555 1551 673 1619 IV.
736 1553 902 1635 stylo
966 1574 1190 1617 severo
1253 1551 1556 1617 Ordinem
1633 1552 2071 1636 reprehendit,
2142 1553 2350 1619 minas
2410 1556 2626 1639 justas

313 1648 621 1726 intendit,
680 1654 750 1714 et
805 1648 1237 1733 obsequentes
1291 1650 1483 1732 jubet
1535 1671 1702 1724 esse,
1764 1649 2189 1733 subjungens:
2251 1649 2353 1714 Ne
2401 1655 2625 1715 nostra

313 1747 376 1807 et
419 1742 633 1825 ipsius
674 1743 1002 1810 Ecclesiae
1034 1743 1397 1827 patientia,
1451 1763 1615 1826 quae
1660 1744 1871 1809 multa
1926 1742 2001 1808 in
2055 1743 2233 1809 vobis
2276 1750 2337 1810 et
2385 1745 2627 1812 Ordine

302 1839 642 1924 praedicto
698 1861 824 1923 per
890 1840 1437 1908 dissimulationis
1497 1839 1979 1905 conniventiam
2042 1840 2303 1922 tolerat,
2373 1842 2624 1924 vestris,

314 1936 486 2019 quod
527 1936 727 2017 absit,
787 1936 1155 2003 insolentiis
1193 1942 1551 2022 provocata
1593 1936 1714 2001 illa
1757 1937 2032 2002 deducat
2084 1937 2159 2002 in
2204 1937 2627 2004 discussionis

314 2053 604 2114 examen,
651 2034 725 2099 in
764 2034 999 2116 quibus
1045 2054 1191 2100 cum
1236 2034 1494 2100 nullum
1539 2033 2027 2099 subsistentiam
2065 2034 2246 2117 juris
2281 2034 2622 2115 inveniret,

314 2149 392 2194 ea
433 2150 549 2195 nec
593 2130 747 2195 velit
790 2151 906 2196 nec
949 2131 1162 2197 valeat
1201 2129 1487 2214 amplius
1530 2150 1679 2195 cum
1718 2129 1915 2212 qravi
1957 2151 2253 2196 remorsu
2302 2131 2621 2198 conscien-

313 2225 445 2291 tiae
491 2225 842 2312 tolerare.²)
884 2265 973 2274 —
1021 2229 1371 2294 Dicterium
1421 2229 1615 2292 etiam
1660 2227 1822 2292 illud
1865 2234 2428 2293 commemoratur:
2474 2228 2623 2309 „Bi-

310 2323 461 2389 bere
528 2329 603 2388 ut
669 2325 1143 2409 Templarius“;
1219 2332 1287 2391 et
1352 2326 1424 2387 in
1493 2324 1737 2409 Anglia
1811 2324 1995 2407 pueri
2073 2330 2426 2389 narrantur
2494 2327 2623 2390 cla·

307 2441 544 2485 masse:
591 2420 869 2503 „Cavete
915 2423 998 2485 ab
1043 2422 1279 2486 osculis
1328 2418 1959 2504 Templariorum.“⁸)

487 2553 592 2618 49.
650 2550 1024 2636 Suppressio
1079 2552 1588 2635 Templariorum
1649 2551 1822 2615 facta
1881 2554 2202 2634 postremo
2264 2556 2361 2617 est
2413 2553 2619 2618 forma
2703 2565 2730 2594 ¹²

307 2650 585 2733 quadam
644 2649 978 2732 peculiari,
1044 2648 1341 2713 videlicet
1404 2670 1535 2712 non
1597 2669 1710 2731 per
1767 2646 2162 2711 definitivam
2222 2651 2615 2715 sententiam

307 2745 386 2811 de
448 2746 680 2810 reitate
741 2746 942 2810 totius
989 2743 1249 2810 Ordinis
1314 2767 1444 2829 qua
1505 2745 1687 2823 talis,
1756 2743 1867 2807 sed
1928 2764 2042 2827 per
2095 2744 2352 2808 modum
2409 2747 2618 2830 provi-

307 2842 506 2907 sionis
561 2863 674 2905 seu
735 2841 1164 2905 ordinationis
1225 2841 1657 2925 Apostolicae.
1763 2839 1836 2904 Id
1898 2862 2052 2923 prae
2112 2841 2309 2905 oculis
2369 2842 2616 2907 haben-

305 2937 454 3001 dum
519 2943 645 3015 est,
714 2942 791 3001 ut
854 2941 1103 3021 pateat,
1174 2937 1334 3002 nihil
1403 2937 1724 3002 Clementi
1783 2936 1902 3001 hac
1963 2938 2031 3000 in
2100 2959 2170 3001 re
2233 2939 2390 3003 vitio
2454 2940 2618 3005 verti

303 3055 520 3117 posse,
573 3033 683 3099 sed
742 3054 886 3098 eum
936 3035 1115 3118 juste
1171 3038 1237 3099 et
1288 3035 1644 3118 prudenter
1699 3033 1920 3117 egisse.
1978 3067 2065 3078 -
2121 3035 2340 3117 Atque
2399 3035 2617 3120 impri-

303 3130 424 3195 mis
470 3130 943 3196 observandum
989 3134 1117 3209 est,
1176 3131 1299 3195 toti
1347 3130 1633 3196 Concilio
1681 3129 1747 3195 id
1802 3129 2006 3213 magis
2051 3130 2254 3194 visum
2302 3132 2617 3215 expedire,

302 3249 500 3311 quam
561 3228 895 3311 negotium
965 3225 1172 3291 adhuc
1232 3226 1608 3311 protrahere
1670 3248 1783 3310 per
1843 3225 2251 3292 defensiones
2309 3228 2616 3312 juridicus

303 3321 586 3389 Ordinis.
681 3323 778 3387 Ex
841 3323 1242 3407 processibus
1287 3323 1583 3388 videlicet
1625 3323 1856 3407 majori
1912 3322 2079 3406 parti
2125 3322 2409 3388 nondum
2457 3325 2616 3390 satis

298 3424 597 3504 constare
639 3420 1006 3496 videbatur,
1067 3423 1273 3483 totum
1321 3419 1625 3485 Ordinem
1689 3441 1826 3484 esse
1881 3419 2133 3485 haeresi
2169 3420 2494 3487 ,infectum
2541 3443 2616 3487 ac

481 3629 523 3695 ²)
561 3630 706 3697 Epp.
742 3629 930 3684 Innoc.
970 3629 1074 3683 111.
1112 3629 1198 3684 ed.
1233 3626 1461 3682 Balutii.
1499 3627 1561 3681 T.
1600 3627 1675 3680 ΙΙ.
1711 3643 1762 3693 p.
1801 3629 1885 3681 68.
1926 3642 2007 3695 ep.
2049 3629 2165 3682 121.

478 3708 524 3770 ²)
559 3710 667 3775 Ap.
704 3709 973 3776 Raynald.
1011 3709 1082 3762 ad
1118 3724 1166 3762 a.
1207 3708 1359 3761 1265.
1397 3723 1451 3760 n.
1488 3706 1574 3762 75.
1613 3708 1697 3759 76.

481 3787 525 3855 ³)
562 3787 629 3842 In
653 3789 861 3857 Anglia
884 3791 1060 3842 testes
1099 3786 1276 3852 multi,
1313 3785 1541 3839 Fratres
1568 3785 1828 3849 Minores,
1866 3784 2228 3849 Dominicani,
2267 3786 2612 3855 carmelitae,

298 3865 726 3936 Augustiniani,
781 3866 941 3933 laici,
997 3865 1171 3920 variis
1226 3862 1666 3919 accusationibus
1714 3864 2054 3932 Templarios
2104 3870 2419 3920 onerarunt.
2504 3867 2611 3928 Cfr,

298 3943 462 4000 Cone.
512 3946 699 4014 Magn.
746 3944 886 3999 Brit.
936 3945 1039 4011 (ed.
1088 3942 1357 4008 Wilkins)
1413 3943 1488 3997 H.
1545 3960 1597 4010 p.
1653 3945 1757 3997 329
1803 3959 1918 4011 sqq.
2005 3944 2193 4012 Quoad
2245 3944 2612 4013 Templarium

296 4023 564 4078 Adamum
610 4023 677 4078 de
713 4024 899 4079 Heton
945 4023 1148 4078 dicitur
1189 4024 1246 4076 in
1292 4022 1411 4092 ejus
1459 4022 1731 4077 examine:
1785 4024 1958 4091 „Dum
1995 4030 2120 4079 erat
2159 4024 2384 4093 juvenis
2425 4039 2613 4079 saecu·

295 4101 447 4166 laris,
487 4118 675 4158 omnes
711 4102 865 4170 pueri
901 4103 1212 4157 clamabant
1247 4101 1461 4169 publice
1499 4106 1557 4156 et
1593 4101 1905 4170 vulgariter
1941 4118 2077 4156 unus
2101 4103 2172 4157 ad
2209 4103 2466 4158 alterum:
2507 4103 2609 4157 Cu·

293 4182 555 4238 stodiatis
590 4182 747 4238 vobis
784 4183 851 4237 ab
888 4183 1076 4238 osculo
1117 4179 1597 4250 Templariorum.“
