3281 5014
687 458 791 509 310
1281 457 1533 512 XXXIV.
1570 459 1653 513 De
1692 458 1937 514 Concilio
1976 427 2403 516 constantiensi.

677 616 802 679 per
879 596 1231 663 Concilium
1302 599 1461 663 illud
1536 623 1683 665 vere
1758 602 2233 667 oecumenicum
2311 603 2588 689 fuisse.¹)
2708 606 3000 691 Reliquis

692 694 897 759 verbis
979 696 1351 759 continetur
1418 698 1677 780 quidem
1745 698 2089 781 implicite,
2162 700 2545 765 Pontificem
2621 709 2762 765 rata
2837 726 2997 787 quo-

687 813 811 875 que
878 791 1111 855 habere
1179 814 1345 877 quae
1417 818 1454 858 a
1520 794 1806 859 Concilio
1878 796 2230 879 approbata
2299 797 2595 878 fuerant,
2672 799 2781 863 sed
2849 801 2998 883 ipsis

688 887 897 951 verbis
951 885 1026 951 in
1080 889 1372 969 favorem
1423 888 1576 968 fidei
1631 894 1693 953 et
1736 889 2009 957 salutem
2064 891 2441 959 animarum
2492 897 2630 980 jam
2677 894 3001 960 restrictio

689 984 1001 1067 quaedam
1065 984 1394 1061 innuitur3
1454 987 1672 1051 eadem
1739 1010 1817 1051 ex
1883 990 2093 1054 indole
2155 1012 2367 1055 rerum
2434 1014 2507 1055 ac
2567 993 3000 1058 declaratione

689 1081 1072 1163 posteriore,
1151 1103 1273 1165 qua
1350 1083 1647 1147 Pontifex
1716 1107 2012 1168 expresse
2074 1087 2348 1171 requirit
2412 1093 2724 1173 tanquam
2787 1089 3001 1153 condi-

691 1178 967 1253 tionem,
1026 1183 1099 1241 ut
1146 1177 1584 1243 conciliariter
1629 1180 1885 1246 decreta
1930 1183 2187 1247 condita
2234 1183 2508 1261 fuerint,
2564 1186 3000 1249 confirmatur.

693 1273 1009 1338 Martinus
1044 1273 1120 1340 V.
1186 1276 1441 1359 quidem
1504 1300 1637 1342 non
1700 1278 2047 1343 declaravit
2110 1286 2356 1362 aperte,
2427 1281 2663 1364 quibus
2734 1282 3004 1346 decretis

692 1372 1023 1454 speciatim
1087 1373 1637 1439 confirmationem
1706 1375 2087 1460 denegaret,
2156 1382 2349 1459 atque
2416 1378 2479 1441 id
2550 1382 2813 1462 propter
2877 1378 3005 1442 dif-

692 1468 884 1533 ficilia
936 1472 1292 1551 temporum
1353 1470 1661 1555 adjuncta
1714 1472 1881 1537 forte
1936 1472 2106 1536 haud
2159 1473 2496 1538 videbatur
2550 1483 3004 1558 opportunum.

693 1565 1025 1649 Eugenius
1070 1563 1187 1630 IV.
1250 1588 1398 1631 vero
1457 1592 1513 1632 a.
1578 1568 1749 1632 1446
1809 1569 1902 1633 ita.
1965 1570 2219 1652 scripsit
2275 1571 2353 1633 ad
2410 1593 2555 1635 suos
2610 1572 2677 1635 in
2738 1570 3001 1635 Germa-

696 1665 805 1727 nia
861 1662 1136 1746 legatos:
1204 1662 1310 1726 Ad
1366 1661 1795 1729 imitationem
1859 1670 2231 1730 sanctorum
2287 1665 2570 1731 Patrum
2630 1670 2690 1730 et
2740 1666 3009 1749 praede-

696 1779 1014 1823 cessorum
1084 1762 1486 1839 nostrorum,
1555 1760 1725 1825 sicut
1790 1760 1894 1825 illi
1954 1763 2293 1845 generalia
2352 1761 2645 1829 Concilia
2703 1762 3009 1829 venerari

695 1859 1189 1934 consueverunt,
1251 1855 1345 1920 sic
1392 1855 1730 1939 generalia
1796 1855 2085 1923 Concilia
2146 1857 2635 1925 Constantiense
2689 1862 2750 1924 et
2806 1859 3004 1924 Basi-

699 1953 902 2017 leense
947 1951 1027 2016 ab
1077 1952 1218 2035 ejus
1261 1952 1457 2017 initio
1502 1973 1707 2035 usque
1751 1954 1838 2018 ad
1883 1955 2376 2020 translationem
2424 1977 2542 2038 per
2578 1976 2695 2022 nos
2736 1956 3006 2038 factam,

698 2048 935 2131 absque
982 2053 1196 2114 tamen
1233 2049 1645 2133 praejudicio
1685 2049 1900 2133 juris,
1956 2051 2302 2135 diynitatis
2347 2057 2408 2117 et
2451 2051 3010 2133 praeeminentiae

650 2207 653 2211 Α
697 2150 958 2210 sanctae
1006 2144 1192 2210 Sedis
1237 2146 1663 2228 Apostolicae,
1712 2199 1725 2212 .
1768 2196 1782 2211 .
1837 2198 1850 2211 .
1903 2169 2048 2213 cum
2094 2149 2272 2213 omni
2318 2150 2678 2213 reverentia
2724 2153 2783 2213 et
2824 2149 3007 2213 devo-

882 2367 924 2432 l)
962 2365 1179 2434 Optime
1215 2365 1458 2420 advertit
1495 2365 1562 2419 cl.
1599 2366 1942 2429 Muzzarelli‚
1979 2366 2163 2433 aliqua
2199 2366 2463 2433 Concilia,
2498 2367 2579 2420 uti
2619 2368 2911 2422 secundum
2949 2372 3010 2421 et

701 2446 973 2516 quintum,
1026 2461 1136 2498 non
1191 2444 1624 2514 congregatione
1682 2446 1777 2500 sed
1832 2445 2167 2500 auctoritate
2222 2462 2343 2501 esse
2400 2447 2758 2501 oecumenica.
2853 2447 3009 2500 Haec

700 2532 882 2580 autem
921 2524 1224 2579 auctoritas
1261 2525 1578 2592 supervenit
1621 2529 1745 2593 post
1781 2526 2110 2581 celebratum
2151 2526 2449 2580 Concilium
2494 2542 2559 2580 ex
2597 2525 3011 2581 confirmatione

700 2605 935 2660 Romani
980 2603 1283 2658 Pontifici&
1356 2604 1490 2658 Inde
1538 2610 1723 2659 tamen
1771 2605 2134 2677 nuncupative
2180 2621 2276 2672 pro
2327 2612 2571 2673 tempore
2622 2605 3010 2661 celebrationis

701 2686 809 2754 jam
847 2683 956 2738 dici
997 2683 1178 2737 solent
1214 2682 1417 2750 Synodi
1457 2684 1761 2752 generales.
1810 2716 1875 2726 -
1923 2683 2096 2751 Quum
2134 2684 2403 2738 Martinus
2432 2684 2497 2739 V.
2538 2685 2842 2751 publicavit
2876 2684 3012 2738 Bul·

700 2764 809 2818 lam
846 2763 1001 2817 Inter
1035 2777 1238 2826 omnes,
1279 2763 1393 2830 jam
1433 2761 1732 2816 Concilium
1770 2763 2195 2818 Constantiense
2242 2762 2397 2831 quasi
2444 2764 2510 2818 de
2556 2780 2698 2819 novo
2735 2765 3011 2818 instaura·

700 2857 817 2897 tum
853 2844 1035 2897 fuerat
1073 2846 1130 2896 et
1167 2841 1527 2894 constitutum
1564 2842 1874 2898 universale
1916 2859 2013 2910 per
2048 2843 2300 2897 unionem
2338 2843 2779 2898 Obedientiarum
2817 2848 2873 2898 et
2910 2859 3014 2910 per

700 2921 1128 2991 praesidentiam
1165 2919 1404 2988 legitimi
1443 2921 1638 2975 summi
1676 2922 1963 2976 Pontificis
1998 2926 2250 2977 recenter
2286 2923 2474 2978 creati.
2542 2922 2787 2976 Summus
2826 2926 3013 2975 autem

700 3001 958 3057 Pontifex
993 2999 1264 3054 Martinus
1301 3016 1400 3067 per
1436 3002 1577 3055 hanc
1614 3000 1829 3054 Bullam
1869 3002 2208 3055 confirmavit
2244 3002 2422 3055 omnia
2461 3003 2680 3057 decreta
2709 3003 2823 3070 jam
2859 3000 3017 3055 facta

704 3100 736 3136 a
774 3080 1017 3136 Concilio
1056 3080 1467 3134 Constantiensi
1506 3081 1561 3133 in
1598 3081 1893 3135 retroactis
1939 3081 2273 3136 sessionibus
2310 3087 2500 3135 contra
2537 3081 2713 3135 dictas
2752 3081 3012 3134 haereses

704 3167 761 3216 et
806 3159 1130 3216 haereticos,
1201 3159 1397 3213 Potuit
1443 3158 1618 3227 igitur
1666 3160 1942 3226 appellare
1979 3160 2402 3215 Constantiense
2440 3159 2734 3214 Concilium
2766 3159 3018 3226 yenerale

706 3240 870 3296 etiam
916 3256 1017 3308 pro
1067 3254 1130 3294 eo
1181 3243 1448 3306 tempore,
1498 3237 1554 3291 in
1604 3255 1710 3306 quo
1747 3239 1860 3293 tale
1906 3239 2161 3308 rigorose
2207 3255 2316 3293 non
2351 3239 2561 3306 fuerat;
2612 3238 2862 3307 quoniam
2914 3253 3018 3304 per

705 3336 902 3375 novam
949 3317 1450 3372 condemnationem
1490 3316 1720 3371 Concilii
1766 3317 2075 3373 indubitate
2122 3318 2397 3386 generalis
2448 3324 2503 3372 et
2548 3316 3014 3372 confirmationem

706 3401 896 3465 Papae
935 3397 1288 3465 supplebatur
1325 3395 1570 3451 defectus
1599 3397 2071 3452 oecumenicitatis
2106 3397 2302 3465 prioris
2337 3397 2822 3452 condemnationis,
2876 3396 3018 3450 Inde

708 3479 873 3534 etiam
926 3479 992 3531 ab
1049 3478 1150 3530 hoc
1204 3481 1353 3529 certo
1410 3481 1560 3529 statu
1617 3476 2088 3531 oecumenicitatis
2138 3491 2207 3531 ex
2254 3476 2663 3531 confirmatione
2709 3475 3017 3544 PontificiS‚

709 3557 1010 3612 Concilium
1064 3555 1120 3608 in
1177 3560 1327 3607 statu
1383 3555 1742 3610 antecedente
1799 3561 2027 3609 vocatur
2081 3554 2443 3624 nuncupative
2497 3555 2754 3623 generale
2809 3554 3016 3620 absque

708 3635 966 3691 veritatis
1004 3634 1212 3689 offensa
1249 3635 1414 3704 juxta
1450 3649 1669 3688 sensum
1716 3634 1855 3688 alias
1892 3635 2171 3689 usitatum.
2243 3636 2327 3688 Ex
2371 3635 2455 3689 his
2497 3635 2660 3689 facile
2695 3633 3021 3702 intelligun-

707 3722 800 3769 tur
852 3715 952 3768 illa
1006 3713 1248 3782 ejusdem
1300 3714 1517 3767 Bullae:
1577 3715 1780 3783 „Item‚
1833 3719 2014 3767 utrum
2070 3715 2282 3783 credat,
2337 3715 2479 3782 quod
2535 3713 3020 3768 condemnationes

709 3793 939 3850 Joannis
977 3791 1198 3858 Wiclef,
1234 3792 1464 3846 Joannis
1495 3792 1637 3858 Eue,
1675 3798 1732 3848 et
1756 3792 2072 3860 Hieronymi
2112 3794 2177 3848 de
2203 3794 2405 3860 Praga‚
2439 3792 2621 3847 factae
2660 3793 2726 3846 de
2765 3791 3021 3858 personis

710 3890 922 3938 eorum,
970 3872 1129 3925 libris
1177 3877 1234 3925 et
1279 3872 1616 3926 documentis
1663 3887 1762 3939 per
1809 3887 2019 3924 sacrum
2067 3872 2324 3939 generale
2372 3871 2786 3925 Constantiense
2825 3869 3020 3924 Conci-

711 3954 871 4018 lium,
930 3950 1135 4005 fuerint
1176 3951 1331 4020 juste
1382 3958 1438 4005 et
1485 3951 1590 4005 rite
1639 3949 1821 4004 factae
1872 3956 1930 4004 et
1978 3968 2010 4005 a
2060 3950 2301 4017 quolibet
2345 3950 2613 4005 catholico
2660 3966 2757 4018 pro
2811 3949 3021 4003 talibus

711 4033 980 4088 tenendae
1027 4037 1083 4085 et
1129 4030 1358 4084 firmiter
1403 4029 1777 4085 asserendae.“
1854 4030 1991 4083 Erat
2029 4030 2326 4083 Concilium
2375 4030 2618 4097 rigorose
2665 4028 2923 4098 generale
2959 4027 3022 4081 in

713 4110 1119 4166 confirmatione
1169 4109 1664 4174 condemnationiS‚
1726 4116 1783 4163 et
1830 4117 2081 4175 respectu
2132 4108 2545 4176 approbationis
2594 4107 2904 4174 Pontificis,
2955 4123 3025 4160 ac

710 4190 1079 4256 nuncupative
1117 4188 1417 4244 universim
1457 4189 1712 4256 generale
1752 4188 1856 4241 dici
1894 4192 2132 4254 poterat.
