3281 5014
624 428 727 479 174
1045 425 1277 480 XXXII.
1316 427 1399 480 De
1436 391 1793 481 Pontificibus
1831 425 2111 482 Avenione
2150 428 2511 483 commoratis.

621 577 687 632 et
749 590 825 633 ex
890 568 1186 646 Oriente,
1244 568 1355 632 ubi
1417 567 1595 632 sedes
1661 591 1810 634 suas
1867 570 2165 647 fixerant,
2226 571 2294 635 in
2355 592 2503 635 suas
2561 572 2918 655 provincias

618 666 825 731 redire
888 667 1111 732 voluit.
1223 661 1350 729 Sed
1417 666 1707 749 quamvis
1774 666 1988 749 plures
2048 666 2115 730 in
2182 667 2441 732 Italiam
2507 671 2573 731 et
2640 665 2914 732 Galliam

617 762 932 838 redirent,
1000 767 1216 828 tamen
1286 763 1604 845 separatio
1674 784 1891 827 eorum
1962 785 2000 826 a
2066 763 2327 847 reliquis
2390 762 2715 828 Minoritis
2781 786 2917 848 per·

617 857 901 938 duravit,
973 860 1069 923 ita
1132 858 1417 943 quidem,
1484 863 1556 923 ut
1619 858 1911 923 habitum
1973 860 2360 943 peculiarem
2421 864 2783 943 portarent,
2850 873 2917 925 et

618 957 813 1020 etiam
872 978 1057 1020 suum
1113 954 1484 1020 Ministrum
1536 957 1907 1039 generalem
1960 955 2305 1032 haberent,
2366 957 2476 1039 qui
2524 966 2662 1021 erat
2708 956 2916 1021 Uber-

616 1054 793 1116 tinus
842 1076 879 1117 a
926 1051 1155 1115 Casali.

314 1245 578 1289 Constitutio
794 1198 897 1263 27.
975 1198 1266 1264 Clemens
1313 1195 1393 1261 V.
1453 1198 1524 1261 in
1571 1196 1856 1261 Concilio
1904 1196 2260 1262 Viennensi
2305 1199 2679 1263 scissionem
2720 1199 2913 1263 istam

286 1311 407 1349 Exim·
436 1314 487 1382 <ze
519 1297 877 1380 Pa-penitus
945 1296 1172 1359 tollere
1241 1293 1505 1371 statuit,
1576 1314 1650 1357 ac
1719 1298 2054 1376 propterea
2119 1293 2663 1360 constitutionem
2721 1296 2917 1361 edidit

369 1375 520 1411 ''“‘¹²⁸⁰‘
617 1389 825 1455 Exivi
878 1390 953 1454 de
1011 1387 1420 1469 Paradi80,¹)
1483 1411 1609 1473 qua
1664 1388 1919 1454 diremit
1974 1391 2382 1473 quaestiones
2433 1397 2698 1476 propter
2753 1414 2914 1476 quas

616 1488 999 1573 Spirituales
1055 1486 1153 1551 illi
1207 1487 1468 1569 reliquis
1527 1508 1594 1550 se
1649 1486 2091 1569 opponebant,
2146 1486 2239 1550 ita
2285 1491 2357 1552 ut
2401 1488 2663 1553 strictae
2708 1488 2918 1553 obser-

613 1585 887 1651 vationis
943 1584 1201 1669 regulae
1258 1583 1523 1647 omnino
1568 1584 1886 1647 rationem
1935 1582 2219 1647 haberet.
2307 1585 2444 1660 Quo
2490 1586 2660 1650 facto
2706 1587 2916 1669 coc'git

662 1682 1026 1766 pirituales,
1075 1685 1152 1743 ut
1191 1700 1336 1743 cum
1381 1679 1647 1763 reliquis
1695 1678 2022 1743 Minoritis
2061 1702 2128 1745 se
2175 1682 2468 1757 unirent,
2517 1685 2612 1746 ita
2655 1682 2913 1766 quidem

614 1785 687 1843 ut
750 1779 857 1863 qui
916 1781 1266 1842 renuerent
1309 1776 2035 1840 excommunicarentur.
2125 1774 2320 1841 Multi
2366 1777 2621 1861 quidem
2667 1777 2916 1843 obedie-

612 1884 800 1954 runt,
866 1874 976 1940 sed
1045 1873 1241 1937 factio
1305 1872 1617 1956 quaedam
1678 1874 1993 1936 remansit
2054 1872 2484 1951 schismatica,
2545 1895 2707 1957 quae
2769 1874 2913 1939 inde

604 1973 742 2056 jam
800 1971 919 2035 sub
975 1969 1236 2034 nomine
1282 1966 1785 2060 EQQQQm
1839 1968 2163 2053 designari
2217 1970 2398 2035 solet.
2494 1970 2576 2034 Hi
2635 1971 2777 2035 aliis
2823 1992 2914 2034 se-

495 2108 548 2176 *st
610 2068 828 2133 ctariis
889 2065 1409 2151 pseudomysticis
1463 2063 1847 2149 BeghardiS,
1905 2063 2221 2142 Bizochis,
2285 2065 2620 2131 Lolhardis
2670 2067 2913 2131 similes

611 2165 817 2242 fuere,
874 2165 968 2229 ita
1022 2168 1096 2227 ut
1153 2161 1371 2226 eadem
1420 2162 1614 2226 etiam
1662 2162 1925 2225 nomina
1970 2161 2348 2245 frequenter
2391 2161 2519 2226 illis
2565 2164 2753 2228 sectis
2799 2164 2908 2226 tri-

611 2262 917 2326 buantur.
1000 2259 1121 2323 Isti
1168 2257 1497 2323 Fraticelli
1544 2258 1613 2321 in
1662 2255 1874 2322 Gallia
1921 2257 2322 2322 meridionali
2369 2260 2910 2343 subsequentibus

611 2358 819 2436 annis,
867 2354 1247 2441 praesertim
1292 2359 1562 2420 vacante
1610 2352 1769 2419 Sede
1809 2352 2198 2437 Apostolica,
2244 2376 2437 2439 quum
2483 2356 2741 2440 plurimi
2784 2354 2905 2420 ibi-

609 2454 751 2519 dem
810 2458 1059 2529 essent,
1119 2473 1387 2537 magnas
1453 2451 1677 2516 turbas
1737 2450 1805 2515 in
1861 2450 2141 2535 reliquos
2187 2449 2531 2516 Minoritas
2585 2452 2902 2518 excitave-

607 2557 796 2630 runt,
851 2552 920 2615 in
967 2549 1174 2613 varias
1232 2550 1523 2633 regiones
1580 2570 1648 2612 se
1693 2546 2053 2611 dilatarunt
2099 2552 2164 2611 et
2209 2549 2537 2613 schismati
2582 2549 2905 2614 doctrinas
2988 2618 2991 2621 ,

607 2647 962 2712 haereticas
1010 2644 1408 2709 addiderunt.
1497 2643 1680 2708 Inter
1726 2644 1851 2708 alia
1895 2643 2243 2722 docebant,
2291 2644 2448 2710 duas
2495 2647 2769 2711 existere
2815 2667 2906 2710 ec-

430 2728 496 2817 >C
606 2744 846 2821 clesias‚
894 2743 1163 2806 alteram
1207 2741 1550 2815 carnalem,
1598 2739 1837 2804 divitiis
1882 2737 2315 2805 abundantem
2362 2744 2428 2804 et
2472 2741 2647 2805 vitiis
2692 2762 2908 2806 macu-

606 2841 831 2918 latam,
908 2839 1177 2903 alteram
1253 2837 1679 2920 spiritualem,
1756 2858 2094 2919 pauperem
2170 2843 2236 2901 et
2303 2837 2653 2902 virtutibus
2727 2838 2907 2903 deco-

606 2951 764 2992 ram.
863 2925 1051 2991 Hanc
1116 2925 1444 2989 ecclesiam
1496 2925 1667 3008 ipsos
1731 2925 2150 3003 constituere,
2216 2925 2501 3009 ipsisque
2557 2926 2708 2990 solis
2771 2947 2905 2990 esse

599 3026 710 3109 jus
771 3022 1262 3089 administrandi
1333 3025 1760 3098 sacramenta,
1826 3042 1945 3085 nec
2010 3020 2161 3085 alibi
2220 3043 2440 3086 verum
2500 3022 2905 3104 evangelium

606 3121 903 3186 inveniri.

295 3284 577 3327 Constitutio·
784 3271 887 3335 28.
944 3269 1229 3334 Joannes
1274 3264 1493 3330 XXII.
1540 3267 1810 3349 primum
1857 3288 1912 3332 a.
1967 3267 2133 3330 1317
2182 3266 2248 3329 in
2297 3287 2489 3330 causa
2529 3266 2656 3329 ista
2704 3262 2905 3329 Fran·

313 3347 557 3451 ἓῑῗέἓέχῖ
610 3367 1043 3442 ciscanorum,
1111 3372 1372 3449 petente
1435 3361 1750 3426 Michaele
1817 3361 2171 3426 Caesenate
2240 3363 2535 3427 ministro
2596 3361 2906 3445 generali,

610 3465 808 3530 edidit
871 3462 1125 3527 Bullam
1195 3457 1640 3539 Quorumdam
1709 3457 1998 3542 eaeiyit,2)
2067 3459 2137 3522 in
2206 3479 2363 3542 qua,
2428 3464 2502 3523 ut
2568 3458 2906 3522 renitenti·

606 3562 724 3625 bus
794 3581 1048 3625 omnem
1109 3559 1369 3622 tolleret
1437 3556 1858 3638 oppositionis
1924 3559 2366 3639 praetextum,
2437 3555 2612 3618 varia
2674 3555 2907 3620 statuit

605 3658 680 3722 de
746 3656 1031 3721 vestibus
1098 3652 1547 3717 Minoritarum
1614 3658 1679 3715 et
1746 3652 2043 3728 mandat,
2110 3656 2186 3716 ut
2248 3652 2317 3714 in
2382 3652 2763 3736 quaestione
2827 3651 2904 3715 de

605 3749 1011 3834 lonyitudine
1067 3751 1128 3813 et
1191 3745 1565 3825 latitudine,
1624 3745 1928 3829 grossitie
1991 3751 2051 3811 et
2112 3745 2502 3826 subtilitate,
2564 3746 2787 3829 forma
2845 3750 2905 3810 et

784 3993 823 4055 ¹)
862 3992 1182 4047 Clementin.
1220 3991 1281 4044 L.
1319 3990 1384 4043 V.
1426 3990 1486 4043 Τ.
1525 3990 1623 4045 ΧΙ.
1664 3989 1722 4043 C.
1759 3990 1803 4044 1.

785 4070 827 4137 2)
864 4071 1168 4138 Extravag.
1207 4068 1431 4123 ,Ioannis
1468 4069 1648 4122 XXII.
1691 4069 1798 4123 Tit.
1837 4070 1984 4123 XIV.
2033 4070 2088 4124 C.
2140 4069 2180 4122 1.
2230 4070 2311 4123 De
2360 4069 2645 4124 verborum
2695 4068 2881 4138 signifi

604 4150 836 4206 catione.
