3281 5014
1064 456 1147 511 De
1183 457 1233 510 b.
1272 457 1551 511 Ludovieo
1589 454 1918 514 Arelatensi.
2420 471 2427 478 ·
2544 465 2646 516 397

328 620 515 682 porro
562 597 941 682 Stiltingus,
986 603 1059 662 ut
1106 599 1260 662 satis
1309 599 1727 682 probabiliter
1772 602 2004 684 possim
2059 604 2456 679 existimare,
2504 605 2645 669 sine

328 698 501 762 omni
566 697 751 779 culpa
803 698 870 760 in
933 696 1220 761 Concilio
1281 697 1485 761 fuisse
1540 698 1805 762 beatum
1862 698 2279 765 Ludovicum.
2380 699 2521 765 Imo
2579 706 2646 765 et

327 795 558 858 lubens
616 814 919 878 agnosco,
979 794 1179 858 videri
1236 816 1312 857 ex
1368 795 1742 880 ignorantia
1798 799 2174 878 processisse
2231 799 2450 862 omnia
2509 798 2643 874 illa,

325 913 492 975 quae
546 891 617 954 in
668 889 957 954 Concilio
1012 891 1405 974 poenitenda
1463 892 1801 956 commisit.
1895 891 2129 956 Verum
2192 895 2428 957 iterum
2481 893 2641 971 dice,

324 1010 455 1052 non
523 988 698 1051 omni
760 988 1134 1070 ignorantia
1196 989 1483 1053 excusari
1545 989 1712 1052 male
1775 996 2097 1073 agentem.
2203 990 2412 1066 Quare
2473 992 2643 1055 malo

327 1084 466 1147 Deo
531 1084 933 1148 committere
995 1085 1301 1167 judicium
1374 1084 1452 1148 de
1518 1086 1894 1169 ignorantia
1958 1085 2141 1150 Beati
2216 1087 2450 1169 nostri3
2523 1108 2642 1151 nec

326 1182 537 1244 ausim»
578 1180 901 1264 judicare,
957 1202 1284 1264 quousque
1339 1180 1452 1246 illa
1511 1203 1814 1246 excusare
1870 1185 2153 1265 potuerit
2208 1185 2494 1248 actiones
2547 1189 2640 1248 te·

324 1277 632 1340 mer-arias
678 1283 743 1340 et
788 1277 1239 1341 schismaticas.
1330 1278 1500 1342 Illud
1546 1300 1663 1362 pro
1719 1288 1894 1344 certo
1948 1280 2186 1357 habeo,
2238 1281 2415 1344 illam
2463 1283 2644 1365 igno·

321 1373 601 1437 rantiam
665 1373 855 1437 beato
916 1372 1243 1459 Ludovieo
1308 1375 1624 1458 profuisse
1691 1376 1770 1439 ad
1830 1377 2085 1440 veniam
2150 1399 2188 1440 a
2249 1378 2466 1441 divina
2529 1379 2643 1441 mi·

322 1469 665 1534 sericordia
721 1469 971 1533 facilius
1026 1471 1517 1553 impetrandam.
1614 1470 1856 1535 Verum
1907 1474 2079 1535 omni
2129 1472 2374 1556 judicio
2425 1496 2642 1539 carere

322 1566 480 1630 mihi
545 1566 803 1630 videtur
866 1567 1104 1631 dictum
1172 1565 1558 1642 Alexandri,
1631 1589 1762 1631 non
1834 1569 2256 1650 poenituisse,
2332 1573 2482 1653 quia
2542 1574 2636 1635 ni·

321 1664 424 1727 hil
474 1684 542 1726 se
603 1662 809 1746 egisse
874 1664 1337 1745 poenitendum
1402 1685 1744 1745 persuasus
1806 1672 1962 1728 erat.
2063 1665 2322 1731 Etenim
2388 1667 2639 1731 etiamsi

320 1760 705 1843 perrexisset
779 1759 1059 1842 credere,
1134 1768 1209 1824 ut
1284 1761 1561 1825 fortasse
1636 1761 1707 1824 in
1782 1763 2052 1825 actionis
2122 1763 2370 1837 fervore
2441 1764 2638 1828 credi-

321 1856 532 1932 derat,
589 1858 807 1920 omnia
856 1859 1033 1941 juste
1090 1867 1230 1923 acta
1285 1879 1419 1922 esse
1478 1863 1706 1922 contra
1752 1858 2155 1942 Eugenium,
2213 1859 2471 1925 videbat
2513 1863 2640 1925 sal-

319 1956 451 2016 tem
513 1954 730 2016 omnia
788 1953 902 2018 illa
962 1955 1031 2017 in
1088 1955 1297 2018 fumos
1359 1955 1610 2020 abiisse.
1703 1955 2018 2032 Videbat,
2080 1956 2243 2021 nihil
2301 1957 2436 2021 fere
2483 1958 2638 2023 boni

318 2050 387 2113 in
465 2049 805 2114 schismate
880 2050 1142 2114 factum.
1251 2050 1565 2127 Videbat,
1654 2053 1997 2116 innumera
2073 2054 2242 2116 mala
2319 2075 2395 2117 ex
2471 2054 2636 2119 schi-

322 2150 561 2223 smate,
619 2146 786 2229 quod
836 2147 1085 2230 agendo
1144 2152 1371 2211 contra
1422 2147 1782 2231 Eugenium
1831 2149 2253 2227 induxerant,
2311 2154 2454 2214 orta
2501 2173 2637 2215 esse

322 2247 387 2305 et
448 2241 752 2306 damnum
821 2244 1182 2307 animarum
1247 2266 1380 2308 non
1436 2245 1595 2308 leve.
1697 2244 1954 2328 Itaque,
2020 2247 2143 2309 nisi
2206 2268 2315 2311 cor
2379 2247 2636 2312 babuis-

318 2342 418 2402 set
465 2360 618 2402 saxo
664 2339 901 2414 durirm,
950 2361 1082 2402 non
1132 2344 1387 2422 poterat
1432 2362 1562 2404 non
1613 2340 1943 2423 deplorare
1990 2347 2242 2407 tantam
2276 2344 2633 2407 animarum

311 2435 698 2520 jacturam.“
794 2433 898 2521 (L.
942 2433 1024 2519 c.)

483 2532 602 2599 ¹70.
668 2532 969 2598 Ostendit
1030 2555 1215 2616 porro
1274 2531 1647 2618 StiltinguS‚
1707 2542 2156 2620 argumentum
2221 2539 2636 2614 contrarium,

320 2651 454 2693 non
513 2651 697 2711 posse
753 2630 903 2693 inde
958 2621 1235 2705 desumi,
1298 2629 1467 2713 quod
1514 2629 1913 2697 Basileenses
1965 2634 2036 2697 in
2091 2633 2489 2699 documentis
2543 2656 2638 2697 re·

319 2725 790 2790 conciliationis
862 2749 1004 2791 cum
1071 2726 1358 2792 Ecclesia
1427 2730 1493 2790 et
1563 2729 1895 2793 electionis
1964 2728 2215 2795 Nicolai
2248 2730 2324 2797 V.
2391 2752 2636 2796 errores

318 2843 465 2887 suos
513 2843 641 2885 non
691 2824 1096 2906 agnoverint,
1142 2844 1262 2887 nec
1308 2823 1591 2889 dolorem
1639 2825 1715 2889 de
1762 2826 1840 2890 iis
1887 2849 2052 2911 quae
2099 2832 2369 2911 egerant
2414 2832 2634 2892 osten-

318 2917 548 2981 derint.
628 2917 1018 2984 Oeconomia
1064 2921 1344 3002 practica
1382 2919 1699 2998 videlicet,
1748 2924 2200 2989 consentiente
2233 2923 2502 2989 Nicolao
2533 2922 2634 2999 V.,

318 3036 418 3078 res
464 3014 628 3078 istae
674 3015 1018 3099 dispositae
1063 3016 1346 3080 fuerunt.
1442 3016 1759 3083 Credibile
1805 3020 2062 3103 quidem
2108 3027 2234 3097 est,
2288 3020 2635 3085 nonnullos

316 3109 811 3186 Basileensium,
857 3112 968 3175 ubi
1012 3114 1210 3177 semel
1258 3135 1502 3177 errores
1548 3136 1694 3178 suos
1742 3126 2169 3199 agnoverant,
2218 3118 2433 3182 animo
2479 3116 2636 3180 satis

317 3208 512 3272 fuisse
569 3229 880 3292 generoso
935 3210 1015 3272 ad
1065 3210 1386 3290 publicam
1451 3231 1669 3273 eorum
1733 3212 2197 3277 confessionem
2256 3213 2634 3277 faciendam.

317 3303 407 3367 At
482 3326 624 3367 cum
692 3306 761 3368 in
830 3305 1245 3370 multitudine
1320 3306 1653 3370 hominum
1723 3310 1911 3373 multi
1986 3332 2235 3394 semper
2311 3310 2634 3395 reperian-

316 3406 425 3466 tur
484 3401 753 3477 infirmi,
815 3423 1083 3486 cumque
1138 3403 1208 3467 in
1268 3409 1450 3468 coetu
1505 3404 1616 3467 illo
1673 3406 1871 3488 aliqui
1931 3407 2363 3472 verisimiliter
2420 3408 2634 3489 pristi-

316 3499 417 3562 nis
487 3493 808 3563 e'ffo‘ribus
876 3499 1320 3584 inhaererent,
1388 3500 1497 3564 alii
1568 3501 1775 3565 solum
1844 3502 1922 3566 de
1982 3504 2132 3587 jure
2199 3526 2316 3568 suo
2378 3502 2630 3582 dubita—

315 3600 492 3660 rent:
567 3617 827 3678 sperare
892 3619 1026 3662 non
1096 3601 1350 3680 poterat
1415 3594 1753 3682 Pontifex,
1827 3622 2047 3664 omnes
2117 3601 2411 3665 unanimi
2479 3623 2632 3667 con-

315 3713 511 3756 sensu
567 3714 634 3756 se
695 3693 1127 3777 subjecturoS,
1190 3693 1245 3757 si
1305 3693 1372 3756 in
1433 3693 1704 3757 decretis
1764 3696 1998 3779 quibus
2046 3697 2138 3762 ,ad
2200 3698 2632 3766 obedientiam

315 3788 611 3854 accedere
667 3788 985 3854 debebant
1040 3812 1287 3854 errores
1349 3812 1494 3854 suos
1550 3796 1771 3874 aperte
1831 3813 2177 3877 agnoscere
2234 3793 2629 3860 debuissent.

314 3921 401 3930 -—
460 3885 862 3969 Quapropter
919 3888 1131 3951 minus
1192 3887 1664 3953 attendendum
1725 3894 1823 3953 est
1877 3890 1955 3954 ad
2014 3891 2239 3967 verba,
2300 3914 2492 3975 quam
2549 3889 2626 3963 ad

314 3981 779 4066 subjectionem
833 3984 1036 4066 ipsam
1094 3987 1160 4046 et
1205 3990 1491 4051 secutam
1540 3985 1731 4068 paulo
1787 3993 1932 4069 post
1989 3992 2208 4052 coetus
2257 3987 2628 4053 Lausanen·

313 4080 401 4143 sis
448 4078 953 4145 dissolutionem.
1048 4080 1558 4157 Poenitentiam,
1615 4104 1810 4166 quam
1860 4084 2068 4147 verbis
2116 4084 2627 4162 dissimularunt,

312 4174 504 4239 factis
553 4175 996 4258 prodiderunt.

2709 2544 2922 2587 Ludoviei

2684 2608 2951 2660 poenitentia

2669 2669 2824 2710 merito
2852 2681 2949 2721 sup·

2718 2730 2906 2782 ponitur.

2690 3153 2735 3205 74
