3281 5014
621 452 736 504 408
1038 449 1292 502 XXXVI.
1328 450 1412 503 De
1448 454 1602 502 statu
1639 445 1923 500 Ecclesiae
1960 453 2223 514 vergente
2260 463 2401 500 saec.
2439 447 2558 500 XV.

815 592 912 654 10.
982 587 1284 654 Calixtus
1330 589 1470 654 III.
1530 589 2046 673 (1455-1458).
2139 587 2219 651 V.
2284 588 2596 670 Raynald.
2661 587 2953 652 Annales

622 706 692 750 a.
742 685 1216 767 1455—1458,·
1270 686 1560 764 Platina,
1615 685 1763 749 Vita
1826 682 2073 749 Calioeti
2130 682 2268 747 III.
2286 702 2310 761 ,·
2365 687 2620 749 Aeneas
2674 685 2950 768 SylviuS,

637 781 742 846 De
788 781 1083 865 Europa,
1130 806 1181 849 c.
1232 786 1346 858 58;
1402 784 1631 848 Pastor
1683 780 1904 846 Gesch.
1951 785 2064 845 etc.
2120 781 2189 844 Τ.
2239 780 2294 844 I.
2342 780 2421 844 L.
2469 780 2590 845 IV.

767 925 774 929 ’
814 923 972 988 Post
1021 928 1291 989 mortem
1335 924 1590 990 Nicolai
1637 924 2010 990 Cardinales
2058 925 2376 989 Conclave
2434 924 2707 1009 ingressi
2763 924 2951 988 initio

628 1021 701 1085 in
765 1020 1210 1109 Bessarionem
1280 1022 1652 1107 eligendum
1720 1023 1839 1086 visi
1904 1028 2058 1086 sunt
2127 1022 2476 1099 inclinare,
2551 1021 2663 1084 sed
2720 1020 2956 1084 dicitur

637 1117 886 1181 Alanus
946 1116 1303 1183 Cardinalis
1358 1118 1833 1185 Avenionensis
1902 1140 2008 1183 eos
2077 1141 2114 1181 a
2187 1120 2513 1202 proposito
2576 1119 2700 1182 isto
2766 1140 2950 1181 revo-

627 1236 838 1291 casse,
910 1235 984 1278 eo
1046 1214 1217 1298 quod
1283 1239 1416 1281 non
1481 1216 1890 1292 conveniret,
1964 1214 2306 1291 Graecum,
2377 1214 2486 1298 qui
2549 1235 2755 1297 nuper
2810 1218 2953 1277 tan-

634 1314 772 1374 tum
837 1311 917 1376 ad
977 1312 1284 1376 unionem
1348 1335 1495 1376 cum
1562 1312 1849 1376 Ecclesia
1917 1311 2209 1375 Romana
2272 1315 2654 1386 accesserat,
2723 1309 2950 1376 Ponti-

633 1408 818 1472 ficem
880 1409 1291 1473 constituere.
1399 1408 1658 1474 Electus
1718 1410 1921 1491 igitur
1989 1402 2088 1474 est
2154 1409 2529 1497 Alphonsus
2595 1406 2953 1473 Cardinalis

355 1580 364 1595 J
511 1564 534 1576 ,
626 1508 1002 1568 sanctorum
1067 1505 1356 1581 Quatuor
1415 1505 1907 1578 Coronatorum,
1982 1505 2251 1569 natione
2308 1504 2666 1588 Hispanae,
2718 1502 2952 1569 Valen-

315 1578 454 1711 βω·
489 1602 554 1645 4*
577 1602 730 1665 >tia
776 1601 980 1665 nobili
1025 1602 1161 1666 loco
1206 1607 1432 1678 natm,
1490 1603 1589 1665 vir
1644 1603 1920 1684 insignis
1966 1602 2313 1666 virtutibus
2364 1602 2616 1677 multi8‚
2677 1602 2953 1664 scientia

287 1730 374 1761 ,ν’
409 1700 446 1743 '7
637 1699 797 1778 juris
849 1699 1427 1775 eminentissimus,
1493 1703 1560 1762 et
1621 1699 1973 1762 multarum
2034 1720 2248 1762 rerum
2310 1698 2709 1781 experientia
2767 1719 2952 1780 prae·

288 1818 504 1862 cmmt
530 1821 619 1863 111
637 1794 838 1860 ditus.
913 1794 1170 1859 Nomen
1217 1797 1491 1878 sumpsit
1524 1793 1958 1879 ΟΜ
2043 1794 2204 1860 Erat
2245 1800 2457 1859 autem
2506 1799 2720 1860 aetate
2768 1795 2951 1857 valde

639 1896 1010 1973 provectus,
1059 1891 1383 1969 videlicet,
1430 1896 1601 1956 teste
1636 1891 1715 1957 „S
1765 1892 2104 1956 Antonino
2150 1914 2412 1968 coaeVO,
2459 1893 2790 1976 octoginta
2834 1892 2951 1954 cir·

632 1988 800 2052 citer
841 2010 1180 2052 annorum.
1259 1941 1386 2052 Sed
1433 2010 1672 2073 magno
1718 2011 1862 2053 cum
1910 1989 2159 2053 fervore
2202 1988 2585 2073 gubernium
2634 1987 2951 2052 Ecclesiae

633 2086 948 2168 suscepit,
1005 2089 1071 2149 et
1131 2086 1469 2168 praecipue
1519 2087 1804 2149 animum
1863 2108 2045 2150 suum
2091 2085 2170 2148 ad
2217 2084 2555 2149 delendam
2600 2083 2950 2147 'Parcarum

633 2186 706 2246 et
751 2182 957 2266 legem
1018 2187 1084 2246 et
1137 2187 1397 2265 gentem
1457 2184 1795 2248 convertit.
1900 2182 2039 2248 Hoc
2096 2184 2428 2267 negotium
2480 2180 2634 2246 belli
2688 2181 2950 2265 gerendi

633 2283 864 2342 contra
910 2278 1179 2356 TurcaS,
1233 2280 1347 2363 qui
1402 2281 1680 2343 nominis
1734 2279 2076 2343 christiani
2133 2283 2320 2343 erant
2376 2278 2582 2362 aperti
2632 2283 2699 2341 et
2744 2278 2951 2360 perni-

633 2374 977 2439 ciosissimi
1026 2375 1276 2450 hosteS,
1333 2376 1483 2440 inde
1535 2398 1612 2439 ex
1670 2376 1782 2440 illo
1840 2384 2123 2459 tempore
2179 2375 2407 2440 merito
2451 2395 2673 2440 omnes
2726 2372 2947 2438 Ponti·

635 2471 790 2536 fices
844 2471 1153 2537 sollicitos
1206 2471 1466 2548 habuit,
1528 2494 1876 2558 eorumque
1934 2471 2421 2538 adscribendum
2481 2476 2578 2536 est
2614 2471 2948 2536 continuis

630 2570 1003 2651 conatibu8‚
1064 2569 1234 2653 quod
1294 2570 1647 2634 christiana
1703 2571 1973 2635 societas
2034 2592 2167 2634 non
2231 2571 2419 2653 plane
2484 2570 2564 2633 ab
2623 2568 2750 2631 illis
2812 2568 2951 2630 bar·

636 2666 811 2730 baris
857 2666 1202 2750 subjugata
1247 2667 1349 2730 sit.
1439 2665 1607 2729 Illud
1654 2672 1913 2730 tantum
1959 2666 2303 2731 dolendum
2350 2670 2509 2741 erat,
2557 2665 2725 2748 quod
2771 2664 2948 2747 prin-

628 2763 810 2846 cipes
860 2767 924 2826 et
976 2762 1192 2845 populi
1251 2764 1528 2826 maxima
1578 2769 1761 2847 parte
1815 2785 2001 2827 caeca
2056 2762 2332 2847 quadam
2388 2762 2674 2826 socordia
2735 2781 2948 2824 vocem

638 2858 1026 2923 Pontificum
1072 2859 1282 2923 surdis
1329 2860 1687 2942 reciperent
1737 2860 2017 2923 auribus,
2108 2859 2448 2923 Exercitus
2503 2862 2723 2922 tamen
2775 2855 2950 2920 Chri·

628 2957 1026 3031 stianorum,
1085 2955 1349 3020 ducibus
1397 2955 1717 3044 Hunyade
1775 2978 1924 3041 rege
1969 2956 2429 3040 Hungarorum
2474 2959 2538 3019 et
2585 2950 2650 3018 S.
2697 2953 2952 3017 Joanne

632 3051 1053 3138 Capistrano,
1127 3074 1183 3117 a.
1251 3048 1656 3136 15ὖὸᾟὰ
1724 3052 2111 3138 Belgradum
2186 3055 2518 3136 ingentem
2588 3051 2664 3114 de
2726 3049 2947 3113 Turcis

635 3149 992 3231 reportavit
1038 3150 1392 3227 victoriam,
1439 3151 1506 3213 in
1553 3152 1739 3235 cujus
1785 3150 2159 3214 memoriam
2203 3148 2492 3213 Calixtus
2535 3147 2677 3211 HL:
2713 3147 2948 3210 festum

632 3245 944 3309 celebrari
1007 3246 1294 3311 instituit
1353 3248 1946 3330 transfigurationis
2010 3246 2271 3311 Christi.
2386 3246 2523 3321 Quo
2586 3244 2786 3320 festo,
2850 3242 2949 3305 die

609 3340 708 3404 -60
759 3342 1040 3426 Augusti
1084 3365 1142 3407 a.
1199 3344 1392 3420 1558,
1440 3345 1575 3427 ipse
1626 3343 1963 3423 Pontifex,
2009 3345 2188 3407 senio
2233 3348 2299 3407 et
2344 3340 2747 3426 aegritudine
2792 3360 2951 3423 qna·

631 3437 940 3522 draginta
995 3440 1239 3503 dierum
1296 3440 1658 3517 confectuS,
1715 3441 1903 3522 obiit,
1962 3463 2160 3525 quum
2222 3440 2573 3529 secundum
2630 3435 2696 3504 S.
2757 3438 2951 3500 Anto·

635 3536 867 3599 ninum
900 3537 1232 3621 octoginta
1263 3542 1539 3621 quatuor
1570 3542 1736 3601 esset
1768 3559 2132 3601 annorums
2188 3536 2525 3600 Virtutum
2572 3537 2707 3618 ejus
2750 3533 2951 3597 omni-

633 3655 747 3696 um
793 3634 1176 3716 scriptorum
1227 3655 1488 3698 concors
1538 3640 1636 3696 est
1681 3634 2011 3698 sententia
2058 3633 2282 3697 laudis.

816 3782 919 3848 11.
1000 3782 1223 3847 Plures
1295 3787 1513 3846 tamen
1585 3783 1654 3846 in
1720 3782 1976 3846 Calixto
2039 3787 2354 3866 arguunt,
2423 3782 2644 3865 ipsum!
2700 3801 2811 3862 pro
2858 3779 2953 3840 in-

628 3900 910 3963 quorum
981 3879 1310 3962 augendae
1388 3878 1794 3962 amplitudini
1870 3880 2061 3943 nimis
2131 3878 2479 3953 studuisse,
2554 3882 2749 3959 atque
2825 3895 2956 3937 una

628 3971 966 4040 dff⁴duos
1038 3963 1328 4039 sororum
1397 3976 1560 4040 filios
1631 3997 1810 4039 sacro
1881 3974 2321 4039 Cardinalium
2390 3974 2659 4057 collegio
2727 3991 2955 4056 aggre-

635 4094 850 4157 gasse,
922 4073 1223 4136 nimirum
1299 4071 1692 4137 Ludovicum
1757 4071 2025 4149 Mira1n‚
2089 4078 2153 4136 et
2221 4071 2602 4158 Rodericum
2672 4068 2952 4132 Lenzuo-

633 4171 813 4250 lium,
858 4170 990 4248 cui,
1042 4191 1114 4233 ac
1165 4168 1358 4260 Pet-ro
1405 4170 1579 4234 illius
1626 4169 1815 4233 fratri
1862 4169 2192 4253 gentilitia
2232 4168 2523 4252 'insignia
2572 4171 2637 4230 et
2681 4163 2959 4249 Borgiae
