3281 5014
634 438 738 491 158
1053 436 1283 490 XXXII.
1322 436 1405 490 De
1440 433 1797 491 Pontificibus
1835 434 2118 489 Avenione
2156 434 2517 489 commorati&

294 574 612 679 ἓοζζῃζῑῑωξξ
631 579 861 656 ruisse,
923 579 1036 642 sed
1097 578 1299 643 solum
1357 577 1836 662 Scripturarum
1893 582 1960 641 et
2014 574 2278 640 Patrum
2340 575 2514 640 dicta
2570 576 2935 668 protulisse,

632 678 707 738 ut
747 674 1036 739 discussa
1082 675 1316 739 veritas
1361 675 1430 739 in
1479 680 1770 759 apertam
1816 674 2020 737 lucem
2065 672 2369 756 prodiret.
2415 658 2630 737 Ἧείη
2663 695 2812 738 vero
2858 674 2936 737 ad

625 771 947 836 tollendos
1004 771 1300 836 sinistros
1356 792 1645 836 rumores
1691 770 1887 835 etiam
1933 791 2109 833 anno
2159 769 2360 845 1334,
2418 770 2520 834 die
2576 768 2649 833 3⁰
2690 769 2933 835 Janua-

625 869 736 947 rii,
809 870 877 933 in
945 867 1340 933 consistorio
1401 868 1770 952 Apostolico
1830 887 2041 931 coram
2102 865 2580 944 cardinalibus,
2650 870 2933 932 testante

626 967 764 1048 ejus
809 986 1168 1030 successore
1214 964 1563 1029 Benedicto
1595 962 1759 1044 XH,
1802 964 2335 1046 protestationem
2380 963 2501 1028 hac
2545 964 2623 1028 de
2668 984 2739 1027 re
2786 965 2933 1026 emi·

624 1063 710 1126 sit
758 1062 878 1125 sub
937 1062 1057 1126 hac
1102 1062 1340 1126 forma.
1409 1058 1716 1124 Dicimus
1775 1062 1837 1122 et
1881 1062 2331 1167 protestamur
2383 1078 2704 1166 expresse,
2766 1058 2934 1141 quod

623 1156 943 1240 quidquid
985 1157 1059 1221 in
1104 1155 1477 1238 quaestione
1521 1176 1634 1220 seu
1681 1154 1959 1220 materia
2002 1154 2275 1220 visionis
2319 1155 2715 1235 animarum,
2759 1155 2929 1220 vide-

625 1253 771 1319 licet
826 1273 915 1320 an
976 1253 1238 1320 animae
1302 1274 1344 1319 a
1396 1251 1682 1336 peccatis
1739 1255 1801 1317 et
1851 1251 2082 1334 poenis
2136 1256 2550 1334 peccatorum
2603 1256 2931 1335 purqatae

622 1351 887 1416 videant
930 1350 1224 1416 divinam
1279 1349 1622 1415 essentiam
1681 1347 1801 1415 illa
1851 1348 2126 1432 visione,
2191 1369 2386 1430 quam
2435 1348 2782 1432 Apostolus
2825 1368 2928 1413 vo-

624 1453 729 1513 cat
771 1446 1104 1530 socialem,
1162 1467 1275 1512 seu
1329 1466 1731 1528 quacumque
1786 1444 1922 1510 alia
1968 1444 2245 1511 materia
2300 1445 2376 1511 in
2419 1445 2823 1511 sermonibus
2871 1450 2932 1510 et

624 1542 1076 1610 collationibus
1135 1542 1380 1607 nostris
1438 1541 1764 1607 diximus:
1829 1541 2250 1625 alliqavimus
2304 1563 2418 1608 seu
2464 1542 2931 1625 proposuimus

621 1662 755 1706 non
800 1640 1206 1707 intendentes
1251 1639 1506 1723 aliquid
1551 1639 1986 1705 determinare
2029 1639 2127 1705 vel
2173 1639 2458 1705 decidere
2501 1660 2615 1704 seu
2659 1638 2928 1725 credere,

621 1737 793 1820 quod
843 1742 1002 1803 esset
1057 1736 1283 1819 quovis
1341 1736 1524 1801 modo
1571 1736 1958 1818 Scripturae
2011 1756 2236 1802 sacrae
2292 1736 2575 1815 obvium,
2634 1736 2731 1800 vel
2783 1757 2926 1801 con·

621 1834 907 1901 trarium
959 1834 1112 1915 fidei
1169 1832 1585 1912 orthodoxae,
1643 1832 1752 1897 sed
1806 1832 1974 1898 illud
2036 1832 2242 1898 solum
2298 1837 2511 1898 tenere
2553 1836 2616 1898 et
2660 1832 2926 1910 credere,

619 1930 791 2012 quod
848 1936 909 1995 et
972 1929 1355 2013 Scripturae
1426 1949 1649 1994 sacrae
1707 1934 1921 2012 potest
1983 1934 2045 1994 et
2096 1934 2387 2012 poterat,
2459 1934 2521 1994 et
2581 1929 2928 1996 catholicae

618 2026 770 2107 fidei
832 2027 1172 2094 convenire
1181 2046 1206 2106 ,·
1273 2031 1334 2091 et
1400 2026 1459 2090 si
1523 2028 1758 2108 forsan
1812 2025 1888 2091 in
1941 2026 2299 2108 praedictis
2362 2026 2767 2093 sermonibus
2830 2026 2927 2091 vel

617 2122 1072 2188 collationibus
1118 2122 1370 2205 aliqua,
1420 2142 1585 2204 quae
1628 2121 1727 2187 vel
1774 2122 2157 2205 Scripturae
2203 2143 2427 2189 sacrae
2469 2144 2582 2188 seu
2622 2123 2775 2204 fidei
2819 2144 2925 2188 or-

619 2218 936 2284 thodoxae
979 2219 1205 2301 quovis
1249 2219 1435 2284 modo
1478 2223 1688 2284 essent
1731 2218 1830 2283 vel
1872 2219 2250 2285 viderentur
2295 2219 2498 2300 obvia,
2545 2221 2693 2304 ipsa
2726 2240 2926 2305 prae-

620 2320 720 2381 ter
761 2315 1186 2382 intentionem
1232 2336 1274 2381 a
1318 2316 1504 2382 nobis
1552 2314 1764 2398 fuisse
1808 2316 2074 2398 prolata
2127 2316 2406 2382 dicimus
2450 2322 2513 2382 et
2554 2318 2923 2398 asserimus,

616 2432 819 2495 eaque
883 2433 1258 2479 revocamus
1315 2432 1640 2496 expresse,
1707 2432 1838 2477 non
1910 2412 2313 2479 intendentes
2378 2413 2513 2479 illis
2575 2413 2924 2479 adhaerere

616 2531 736 2576 nec
778 2530 854 2576 ea
910 2510 984 2577 in
1027 2510 1367 2594 praesenti
1420 2510 1783 2593 defendere,
1840 2530 1956 2575 nec
2009 2509 2205 2576 etiam
2259 2511 2333 2575 in
2382 2512 2710 2594 futurum.
2800 2510 2924 2578 Le-

618 2609 782 2674 thali
842 2610 1092 2674 demum
1158 2609 1558 2695 aegritudine
1621 2613 1984 2690 correptae,
2055 2610 2420 2674 convocatis
2474 2608 2924 2674 Cardinalibus

619 2709 688 2768 et
748 2705 1063 2771 Praelatis
1129 2706 1230 2769 die
1303 2702 1373 2768 3⁰
1438 2704 1809 2768 Decembris
1871 2705 2150 2788 ejusdem
2217 2707 2400 2785 anni,
2468 2706 2924 2771 tabellionibus

620 2803 886 2885 publicis
956 2803 1151 2866 etiam
1221 2801 1701 2885 praesentibus,
1776 2799 1924 2865 fidei
1991 2801 2487 2867 declarationem
2556 2801 2783 2879 edidit,
2852 2806 2925 2865 ut

615 2906 1054 2983 praecaveret,
1117 2920 1200 2963 ne
1261 2918 1426 2982 quae
1483 2919 1596 2980 per
1650 2898 1856 2980 ipsum
1913 2899 2082 2963 dicta
2138 2905 2324 2964 erant
2376 2899 2538 2964 falso
2599 2899 2923 2984 intellige-

617 3002 875 3074 rentur,
931 2996 1001 3059 in
1049 3016 1175 3080 qua
1219 2996 1341 3059 ait:
1400 2993 1605 3071 „Ecce
1661 2994 1830 3078 quod
1879 3000 2163 3059 nostram
2206 2996 2672 3073 intentionem,
2727 3018 2922 3080 quam

615 3114 761 3177 cum
813 3097 1034 3158 sancta
1083 3092 1364 3157 Ecclesia
1419 3090 1735 3155 catholica
1791 3093 1957 3157 circa
2009 3092 2167 3157 haec
2219 3093 2528 3159 habemus
2586 3098 2653 3159 et
2697 3093 2920 3158 habui·

619 3211 790 3265 mus,
867 3190 1029 3252 serie
1097 3189 1532 3272 praesentium
1602 3193 1678 3251 ut
1746 3191 2042 3271 sequitur
2108 3189 2528 3255 declaramus:
2604 3188 2924 3261 Fatemur

614 3238 935 3367 siquidem
997 3288 1057 3348 et
1120 3282 1465 3361 credimus,
1534 3281 1704 3364 quod
1752 3283 2014 3349 animae
2065 3289 2423 3370 purqatae,
2489 3290 2828 3369 separatae
2881 3306 2922 3350 a

620 3380 1025 3476 corporibus,
1100 3384 1256 3445 sunt
1306 3380 1381 3445 in
1437 3378 1629 3459 coele,
1697 3380 2012 3446 coelorum
2067 3402 2266 3464 reqno
2323 3401 2398 3447 ac
2448 3382 2791 3466 paradiso,
2861 3385 2923 3445 et

619 3498 764 3542 cum
815 3475 1085 3542 Christo
1137 3475 1211 3542 in
1258 3475 1577 3541 consortio
1625 3476 2023 3558 Angelorum
2079 3483 2529 3562 conqreqatae,
2592 3483 2652 3544 et
2704 3477 2922 3543 vident

616 3574 834 3639 Deum
864 3595 940 3640 ac
969 3573 1263 3639 divinam
1293 3572 1635 3638 essentiam
1671 3572 1845 3655 facie
1890 3574 1976 3649 ad
2002 3574 2239 3656 faciem
2271 3575 2460 3654 clare,
2504 3578 2566 3639 et
2611 3574 2684 3640 in
2716 3563 2922 3656 qudn-

497 3696 546 3742 x
618 3676 756 3736 tum
803 3675 1016 3736 status
1061 3675 1121 3735 et
1167 3668 1446 3734 conditio
1483 3667 1750 3750 patitur
1794 3670 2054 3735 animae
2097 3675 2477 3754 separatae“
2528 3679 2651 3740 etc.

379 3788 515 3831 Joan·
798 3771 895 3835 13.
955 3768 1053 3832 Ex
1099 3769 1198 3832 his
1242 3766 1659 3831 manifestum
1709 3770 1836 3844 est,
1893 3767 2214 3832 Joannem
2265 3769 2385 3834 hac
2429 3770 2499 3834 in
2544 3769 2921 3854 quaestione

354 3852 363 3861 ’
546 3883 572 3954 ⁰·
616 3888 737 3930 nec
782 3865 1027 3948 aliquid
1072 3887 1408 3931 erroneum
1456 3862 1819 3928 definivisse
1864 3864 1966 3927 vel
2022 3871 2097 3930 ut
2141 3864 2331 3930 fidem
2380 3865 2701 3931 Ecclesiae
2745 3885 2923 3949 prae·

613 3961 875 4039 dicasse,
919 3984 1037 4026 nec
1083 3963 1292 4045 ipsum
1337 3961 1637 4046 privatim
1682 3961 2077 4026 sententiam
2125 3962 2350 4027 falsam
2397 3964 2699 4029 tenuisse.
2780 3962 2919 4025 Imo

613 4060 968 4143 colligimus
1028 4079 1105 4122 ex
1165 4059 1410 4132 citatis,
1477 4078 1620 4120 eum
1683 4078 1894 4139 neque
1952 4063 2025 4121 ut
2086 4058 2373 4141 opinioni
2438 4058 2752 4141 probabili
2814 4057 2919 4122 ad·

614 4155 895 4220 haesisse
951 4156 1345 4232 sententiae,
1401 4175 1530 4238 qua
1585 4154 1997 4219 statuebatur
2054 4154 2294 4219 differri
2351 4155 2658 4220 visionem
2717 4155 2921 4220 beati-
