3281 5014
1032 479 1114 533 De
1150 478 1392 533 Concilio
1430 479 1795 534 Lateranensi
1819 480 1885 533 V.
2529 483 2635 534 459

322 640 360 680 a,
409 619 868 685 reformatione
914 621 1079 685 serio
1128 620 1419 684 facienda
1475 621 1755 685 alienum
1805 620 2034 700 fuisse,
2091 621 2200 686 sed
2251 625 2635 688 contrarium

324 716 540 799 potius
589 716 953 781 insinuant.

503 865 607 928 69.
682 865 1335 930 Animadvertendum
1396 870 1527 943 est,
1597 885 1797 947 quum
1855 864 1988 930 tria
2055 864 2470 930 imminerent
2539 886 2638 930 re·
2691 896 2941 951 1319110350

322 956 704 1039 formanda,
752 964 812 1024 et
859 961 1045 1044 Papa
1091 961 1275 1026 vellet
1318 982 1514 1044 super
1560 960 1774 1027 tribus
1820 961 2012 1027 rebus
2047 961 2418 1045 providere,
2465 961 2635 1027 vide·
2656 960 2773 1002 ‘ffaffi
2801 959 2972 1002 L⁰⁰¹¹f⁸·

326 1053 470 1119 licet
514 1075 711 1138 super
763 1057 1226 1140 reformatione
1276 1079 1532 1123 morum
1587 1063 1649 1123 et
1705 1079 1929 1123 rerum
1975 1058 2160 1124 urbis
2200 1063 2271 1123 'et
2317 1057 2517 1138 orbis,
2578 1062 2639 1122 et

325 1171 520 1233 super
553 1173 717 1235 paee
760 1157 822 1217 et
867 1155 1076 1236 quiete
1128 1154 1202 1220 in
1257 1154 1587 1237 republica
1633 1154 2026 1234 christiana,
2087 1159 2148 1219 et
2199 1154 2391 1220 tertio
2443 1174 2639 1236 super

324 1246 665 1314 schismate
712 1249 1060 1331 tolleud0,¹)
1114 1256 1244 1317 tres
1293 1252 1788 1317 Commissiones
1835 1255 2226 1317 constitutas
2280 1253 2478 1317 fuisse
2526 1254 2638 1318 ali-

327 1351 486 1428 quot
557 1346 990 1413 cardinalium
1070 1352 1136 1413 et
1202 1350 1430 1433 viginti
1502 1358 1784 1435 quatuor
1857 1351 2323 1434 praelatorum,
2395 1351 2489 1415 ita
2565 1355 2639 1414 ut

326 1446 468 1506 octo
528 1445 794 1526 praelati
856 1467 971 1528 pro
1031 1468 1418 1529 unaquaque
1481 1446 1946 1511 Commissione
2011 1447 2420 1530 eligerentur.
2534 1447 2638 1511 Ab

324 1539 439 1602 illa
503 1539 974 1606 reformationis
1037 1539 1497 1607 Commissione
1566 1543 1963 1608 elaboratum
2028 1543 2248 1607 fuerat
2311 1542 2634 1608 decretum

325 1633 403 1698 de
463 1635 946 1715 reformatione,
1015 1639 1187 1722 quod
1250 1639 1554 1704 officiales
1617 1640 1831 1703 curiae
1899 1639 2225 1704 Romanae
2289 1640 2638 1723 spectabat,

324 1731 608 1815 illudque
654 1734 981 1799 decretum
1037 1737 1372 1800 sanctione
1430 1737 1649 1815 tertia,
1707 1736 1778 1800 in
1823 1737 2108 1800 sessione
2163 1741 2473 1820 sequente
2521 1760 2637 1802 an-

326 1831 754 1894 nuntiabatur
823 1843 1041 1915 postea
1109 1833 1585 1916 publicandum.
1701 1831 1850 1898 Jam
1919 1832 2065 1897 vero
2126 1834 2346 1897 multis
2414 1833 2636 1917 displi-

328 1927 487 2005 cuit,
553 1927 723 2010 quod
783 1934 1039 1993 tantum
1094 1935 1390 2013 ageretur
1450 1930 1527 1994 de
1585 1930 2048 1995 reformatione
2105 1931 2472 1995 officialium
2529 1953 2632 1994 cu-

327 2013 458 2087 riae
521 2023 884 2106 Romanae,
950 2025 1140 2109 idque
1208 2029 1483 2091 maxime
1544 2027 1699 2110 ipsis
1764 2028 2066 2110 praelatis
2129 2027 2344 2092 curiae
2403 2027 2635 2090 Roma-

329 2141 449 2184 nae
509 2121 761 2186 videtur
821 2121 991 2186 haud
1048 2127 1304 2207 gratum
1368 2124 1603 2205 fuisse,
1673 2124 1767 2188 ita
1829 2128 1902 2187 ut
1964 2124 2375 2206 postularent
2438 2119 2657 2189 refor-·

292 2219 676 2282 .mationem
743 2219 1112 2301 generalem
1177 2219 1376 2284 totius
1441 2219 1780 2285 Ecclesiae.
1885 2219 1980 2285 Eo
2046 2221 2377 2302 pertinent
2441 2221 2635 2285 verba

326 2314 527 2395 ipsius
592 2314 838 2379 Paridis
910 2315 987 2378 de
1059 2315 1335 2394 Grassis,
1416 2318 1525 2400 qui
1606 2320 1746 2380 erat
1820 2317 2135 2401 Magister
2207 2318 2634 2381 caeremonia-

327 2431 469 2473 rum
545 2411 949 2493 pontificius,
1033 2410 1318 2495 adeoque
1395 2434 1472 2476 ex
1545 2412 1927 2477 officialibus
2016 2413 2321 2496 praelatis
2399 2414 2632 2487 curiae.

329 2505 716 2593 Suffragium
779 2531 966 2573 suum
1033 2532 1246 2573 coram
1312 2509 1529 2575 Leone
1593 2510 1766 2574 dedit
1828 2532 2067 2594 magna
2130 2532 2268 2575 cum
2335 2511 2634 2576 libertate

329 2611 394 2669 et
441 2605 679 2682 verbiS,
740 2607 973 2690 quibus
1029 2604 1241 2687 tauyit
1287 2606 1621 2688 praelatos
1676 2610 1737 2669 et
1785 2603 2192 2686 Gardi‘naleS,
2250 2608 2361 2692 qui
2418 2607 2632 2672 decre-

328 2706 494 2765 tum¹
539 2702 1020 2767 reformationis
1089 2726 1204 2787 pro
1272 2704 1446 2781 aliis,
1522 2724 1657 2768 non
1723 2726 1871 2767 vero
1933 2726 2048 2788 pro
2113 2727 2180 2769 se
2246 2706 2400 2788 ipsis
2463 2704 2632 2769 fece-

328 2804 498 2866 rant.
609 2798 776 2863 Dum
837 2799 1009 2862 enim
1069 2800 1250 2864 dicit:
1327 2800 1589 2880 „Placet
1651 2800 1818 2885 quod
1882 2801 2255 2865 reformatio
2315 2802 2429 2866 fiat
2487 2800 2635 2865 uni-

327 2896 625 2973 versalis,
685 2902 752 2960 et
807 2895 976 2980 quod
1035 2896 1493 2970 reformatores
1551 2897 2048 2976 reformentur“,
2112 2898 2374 2962 nomine
2428 2898 2634 2980 refor-

328 2996 653 3058 matorum
710 2992 1007 3078 designat
1064 2992 1431 3059 cardinales
1492 2998 1559 3058 et
1618 2995 1943 3078 praelatos
2006 2994 2511 3078 Commissioni8‚
2571 3000 2636 3061 et

327 3091 639 3156 indirecte
696 3092 889 3156 etiam
934 3094 1141 3154 totum
1189 3095 1443 3155 coetum
1490 3090 1778 3157 Patrum.
1873 3091 1975 3155 Ad
2022 3093 2217 3156 verba
2262 3114 2638 3157 succensen-

328 3190 411 3253 tis
458 3187 757 3273 Magistri
815 3188 1354 3253 caeremoniarum
1406 3185 1537 3251 Leo
1592 3210 1708 3271 pro
1761 3187 1976 3252 indole
2031 3210 2148 3252 sua
2205 3187 2507 3269 subrisit,
2570 3194 2637 3253 et

329 3285 594 3351 comiter
650 3284 1006 3368 respondit,
1069 3306 1137 3349 se
1191 3285 1353 3348 velle
1410 3284 1695 3368 cogitare
1752 3289 1827 3348 ut
1886 3285 2184 3349 omnibus
2245 3287 2519 3350 satisfiat
2571 3290 2636 3350 et

330 3381 523 3447 etiam
578 3382 678 3446 sui
737 3386 803 3446 et
859 3383 1355 3446 reformatorum
1413 3380 1783 3445 reformatio
1836 3381 1973 3446 fiat.
2065 3380 2242 3445 Haec
2285 3404 2440 3446 sane
2493 3404 2637 3449 con·

329 3479 813 3543 venientissime
860 3478 941 3542 ab
986 3479 1124 3562 ipso
1170 3477 1341 3542 dicta
1386 3472 1626 3559 suntb)

512 3741 552 3805 1)
589 3740 655 3793 V.
694 3739 962 3806 Raynald.
1003 3740 1069 3793 ad
1108 3754 1155 3792 a.
1200 3741 1335 3792 1513
1371 3755 1423 3792 n.
1462 3741 1546 3792 97.

508 3818 551 3886 2)
597 3818 748 3872 Haec
786 3818 1080 3886 explicatio
1124 3818 1408 3871 verborum
1447 3817 1650 3872 Leonis
1689 3818 1782 3880 Χ...
1834 3816 1924 3882 qui
1975 3819 2041 3871 ob
2079 3834 2143 3872 ea
2179 3819 2397 3885 prolata
2432 3820 2636 3887 passim

332 3897 481 3967 carpi
540 3898 704 3962 solet,
760 3914 936 3952 rerum
988 3897 1264 3966 adjunctis
1315 3896 1557 3964 apprime
1605 3897 1916 3964 respondet.
2006 3896 2414 3962 Adverteudum
2471 3899 2636 3952 etiam

331 3983 444 4042 est,
481 3977 734 4032 Paridem
772 3977 1038 4046 ejusmodi
1074 3976 1277 4031 indolis
1313 3973 1488 4031 fuisse
1522 3975 1795 4030 liberioris
1835 3975 1995 4029 simul
2033 3992 2096 4029 ac
2133 3977 2371 4042 facetae,
2409 3983 2470 4030 ut
2509 3978 2636 4031 dum

329 4054 460 4109 talis
497 4057 585 4109 vir
618 4057 949 4124 postularet,
995 4063 1058 4111 ut
1095 4056 1479 4125 reformatores
1514 4054 1969 4123 reformarentur,
2016 4055 2275 4110 Pontifex
2318 4072 2380 4110 eo
2417 4056 2636 4110 facilius

329 4141 639 4189 moveretur
674 4142 738 4190 ut
775 4136 1093 4191 subrideret.
1164 4136 1252 4189 Ex
1296 4134 1365 4189 iis
1411 4150 1548 4204 quae
1583 4134 1899 4190 referuntur
1947 4151 1980 4188 a
2015 4133 2304 4203 Raynaldo
2343 4151 2409 4190 ex
2447 4136 2635 4191 Diario

331 4214 572 4281 Paridis,
621 4220 680 4269 et
728 4230 794 4270 ex
830 4215 1033 4268 Diariis
1083 4231 1254 4283 nuper
1303 4215 1466 4269 editis
1515 4215 1582 4268 ab
1619 4214 1846 4270 Armelli
1894 4213 1968 4281 (Il
2005 4212 2197 4267 Diario
2246 4212 2300 4267 di
2346 4214 2529 4269 Leone
2566 4215 2634 4268 X·
