3281 5014
1132 438 1214 492 De
1254 439 1496 493 Concilio
1533 437 1852 493 Basileensi.
2548 444 2650 495 347

335 577 627 662 abbates;
693 580 959 644 sessioni
1034 601 1181 643 vero
1252 580 1531 644 decimae
1602 580 1704 645 die
1769 577 1882 643 190
1944 578 2276 643 Februarii
2348 604 2404 645 a.
2482 585 2648 648 1433

334 673 680 739 adfuerunt
721 676 1153 760 quadraginta
1193 681 1258 741 et
1304 699 1415 741 sex
1458 677 1750 760 praelati.
1827 675 2068 741 Aderat
2113 681 2330 742 autem
2377 701 2650 762 magnus

333 792 640 834 numerus
686 772 1081 837 sacerdotum
1134 774 1396 837 secundi
1444 774 1716 852 ordiniS‚
1772 774 2164 851 clericorum,
2215 780 2280 838 et
2326 775 2648 852 laicorum,

334 871 400 929 et
443 873 699 950 praeter
746 870 855 951 jus
914 874 980 932 et
1026 891 1269 934 morem
1317 872 1660 954 antiquum
1717 870 1839 953 ipsi
1894 891 2204 955 magnum
2262 871 2332 935 in
2388 873 2651 956 negotia

331 963 647 1027 influxum
695 965 1101 1030 exercebant.

513 1104 612 1170 12.
666 1105 938 1169 Interim
973 1105 1425 1190 Sigismundus
1456 1104 1817 1188 Imperator
1846 1105 2083 1189 aliique
2114 1106 2431 1189 principes
2479 1109 2644 1191 apud

328 1200 707 1265 Pontificem
780 1201 1199 1277 insistebant,
1273 1208 1345 1266 ut
1408 1202 1879 1267 Basileensium
1946 1203 2485 1286 postulationibus
2549 1226 2643 1268 ac—

328 1298 699 1382 quiesceret.
791 1297 1059 1363 Carolus
1094 1298 1238 1363 VII.
1295 1322 1407 1363 rex
1466 1306 1530 1364 et
1586 1298 1833 1363 Galliae
1889 1299 2094 1363 clerus
2152 1300 2219 1362 in
2279 1300 2645 1366 obedientia

328 1394 584 1478 quidem
642 1394 918 1479 Eugenii
963 1395 1080 1461 IV.
1139 1401 1512 1461 constanter
1566 1395 2087 1480 perseverabant,
2150 1395 2260 1460 sed
2320 1405 2643 1462 conventu

326 1491 597 1556 Biturici
663 1491 1001 1576 (Bourges)
1072 1515 1288 1558 mense
1347 1492 1702 1557 Februario
1771 1515 1825 1556 a.
1893 1492 2061 1557 1432
2119 1491 2344 1557 habito
2409 1490 2643 1557 Avisa-

325 1591 544 1653 menta
590 1589 666 1652 de
712 1589 998 1654 Concilio
1048 1589 1381 1667 dederant,
1442 1595 1506 1654 et
1551 1587 1821 1653 Concilii
1869 1588 2256 1654 Basileensis
2303 1593 2644 1654 continua-

324 1686 571 1749 tionem
618 1686 972 1769 urgendam
1024 1708 1160 1751 esse
1205 1690 1593 1751 statuerant.
1689 1684 2004 1761 Concili0‚
2061 1685 2131 1747 in
2188 1707 2315 1770 quo
2374 1685 2644 1750 aderant

324 1783 514 1846 multi
561 1784 852 1847 doctores
900 1782 1103 1861 Galli,
1166 1783 1476 1847 continuo
1533 1782 1872 1858 favebant,
1937 1787 2004 1845 et
2057 1802 2170 1845 rex
2221 1784 2495 1845 maxime
2542 1804 2640 1846 re-

245 1957 252 1963 .
323 1879 758 1943 conciliationi
821 1880 991 1944 inter
1056 1878 1438 1944 Pontificem
1503 1883 1570 1942 et
1631 1877 1961 1962 Synodum
2019 1878 2412 1942 obtinendae
2471 1878 2641 1942 adla-

325 1975 611 2040 borabat.
720 1974 1172 2060 Sigismundus
1238 1999 1521 2061 quoque,
1583 1975 1878 2060 quamvis
1941 1974 2018 2039 de
2083 1980 2333 2057 caetero
2396 1977 2641 2059 pariter

323 2071 616 2157 Eugenio
674 2073 993 2155 addictm,
1048 2096 1248 2157 quum
1308 2073 1578 2138 Romam
1631 2073 1942 2149 venisset,
2004 2094 2041 2135 a
2081 2070 2397 2136 Pontifice
2456 2074 2639 2137 enixe

320 2169 528 2251 petiit,
579 2175 651 2233 ut
698 2170 1100 2234 concordiam
1146 2192 1289 2235 cum
1337 2169 1816 2234 Basileensibus
1865 2169 2079 2232 iniret.
2169 2167 2472 2233 Pontifex
2521 2170 2638 2254 igi-

321 2275 425 2329 tur
471 2265 725 2331 illorum
775 2267 1220 2349 suasionibus,
1278 2289 1533 2331 necnon
1581 2265 2020 2330 Romanorum
2078 2266 2289 2329 turbis
2335 2287 2494 2349 quas
2543 2266 2638 2330 fo-

318 2362 513 2425 vebat
553 2363 889 2447 Philippus
936 2365 1064 2428 dux
1112 2363 1645 2439 MediolanensiS‚
1702 2363 2122 2447 quorumdam
2180 2363 2374 2426 etiam
2420 2362 2637 2427 Cardi-

319 2459 563 2523 nalium
620 2459 700 2525 ad
746 2459 1152 2526 Basileenses
1210 2460 1567 2526 defectione
1624 2464 1691 2524 et
1744 2458 2103 2524 schismatis
2159 2460 2437 2543 periculo
2493 2483 2636 2544 per·

320 2562 562 2634 motus,
622 2558 722 2621 die
782 2555 894 2621 15⁰
940 2558 1307 2622 Decembris
1366 2579 1538 2621 anno
1591 2558 1758 2620 1433
1805 2555 2058 2621 Bullam
2113 2557 2315 2621 edidit
2359 2555 2634 2646 Dudum

319 2671 598 2746 sacrum,
647 2677 775 2739 qua
819 2655 1073 2719 sublato
1120 2654 1553 2719 dissolutionis
1604 2661 1670 2719 et
1715 2653 2161 2717 translationis
2209 2645 2638 2733 decretosdess-

322 2749 522 2830 crevit
568 2755 636 2815 et
681 2751 1028 2815 declaravit
1078 2749 1433 2815 Concilium
1484 2748 1790 2813 Basileae
1846 2746 2127 2831 quitime
2185 2748 2637 2816 continuatum

321 2849 381 2908 et
447 2846 965 2912 continuandum
1021 2868 1153 2911 esse
1210 2846 1295 2911 ad
1359 2846 1728 2926 haeresum,
1794 2845 2101 2910 bellorum.
2165 2849 2226 2910 et
2276 2861 2638 2929 ‘pravorum

321 2961 575 3007 morum
638 2943 1189 3026 exstirpationem.
1296 2944 1491 3009 Bulla
1555 2943 1675 3008 hac
1737 2943 2082 3008 adversarii
2141 2943 2462 3009 Ecclesiae
2525 2947 2639 3008 ab·

320 3045 602 3103 utuntur
646 3041 1143 3119 contendentes,
1203 3043 1492 3107 eamdem
1547 3044 2035 3104 monumentum
2087 3061 2225 3104 esse
2271 3046 2637 3125 perempto·

320 3137 485 3199 rium
534 3159 661 3219 quo
707 3143 953 3220 pateat,
1016 3161 1054 3202 a
1104 3137 1415 3202 Pontifice
1462 3137 1978 3221 superioritatem
2028 3136 2298 3201 Concilii
2344 3139 2636 3222 agnitam

319 3232 543 3307 fuisse,
602 3255 800 3317 quum
846 3232 1150 3299 Pontifex
1200 3234 1404 3298 eidem
1455 3256 1523 3297 se
1572 3233 1836 3297 omnino
1881 3231 2228 3317 subjecerit
2272 3238 2338 3297 et
2381 3234 2637 3299 decreta

319 3327 397 3392 de
464 3327 582 3393 hac
645 3331 1095 3413 superioritate
1152 3333 1288 3415 jam
1352 3332 1484 3394 lata
1542 3330 2032 3395 confirmaverit.
2054 3327 2102 3411 1)
2212 3329 2384 3396 Hinc
2443 3332 2637 3395 verba

317 3425 515 3508 ipsius
573 3425 803 3491 Bullae
853 3429 990 3511 jam
1048 3449 1507 3511 proponemuS‚
1569 3433 1646 3491 ut
1703 3427 2038 3510 aliquanto
2100 3428 2458 3491 accuratius
2516 3428 2636 3491 hac

320 3522 397 3585 de
445 3545 514 3587 re
561 3544 842 3608 agamuS.

501 3656 600 3718 13.
661 3654 1013 3737 Praecipua
1067 3656 1267 3738 igitur
1324 3656 1694 3719 documenti
1747 3677 1893 3738 pars
1949 3656 2105 3719 haec
2153 3658 2277 3718 est:
2333 3653 2437 3717 De
2491 3673 2633 3718 con·

320 3749 468 3815 silio
516 3754 577 3815 et
622 3770 933 3816 consensu
982 3748 1047 3815 S.
1094 3750 1176 3815 R.
1223 3751 1304 3816 Ε.
1352 3748 1810 3816 Cardinalium
1867 3750 2270 3816 deceruimus
2325 3754 2385 3815 et
2429 3749 2631 3815 decla-

319 3867 577 3925 ramuS,
632 3846 1005 3929 praefatum
1056 3848 1357 3931 yenerale
1420 3846 1777 3913 Concilium
1832 3846 2208 3913 Basileense
2264 3867 2306 3912 a
2356 3851 2634 3931 tempore

308 3942 687 4026 praedictae
745 3943 1183 4009 inchoationis
1244 3964 1399 4009 suae
1456 3944 1735 4027 leqitime
1797 3945 2251 4011 continuatum
2309 3944 2518 4027 fuisse
2574 3949 2635 4008 et

507 4169 549 4237 ¹)
587 4170 779 4237 JanuS‚
815 4171 928 4225 Der
962 4170 1138 4238 Papst
1179 4171 1288 4225 und
1326 4172 1424 4224 das
1463 4171 1666 4236 Concss,
1703 4188 1754 4238 p.
1793 4173 1911 4225 333.

2687 2556 2815 2598 Bulla
2844 2561 2930 2599 Du-

2665 2624 2761 2659 dum
2789 2632 2960 2661 samam.

2680 3685 2763 3744 N(
