3281 5014
844 504 925 557 De
963 502 1199 556 decretiS
1240 501 1509 557 Sessionis
1548 507 1775 567 quartae
1814 507 1870 556 et
1908 500 2147 569 quintae.
2548 499 2652 553 313

342 645 778 709 dinationibus
838 646 1297 729 cujuscumque
1352 643 1619 708 Concilii
1680 645 2100 719 oecumenici,
2165 649 2229 708 et
2289 645 2344 707 si
2398 645 2487 707 eis
2540 666 2654 727 pa-

340 763 481 805 rere
543 742 1008 805 contumaciter
1068 740 1553 823 contempserit,
1615 762 1760 803 eum
1815 741 2032 822 puniri
2091 762 2273 823 posse
2332 743 2395 803 et
2457 742 2652 804 etiam

342 838 595 921 deponi.
711 836 808 900 Ex
876 859 1001 921 qua
1069 837 1495 919 explicatione
1567 858 1791 901 omnes
1869 837 2362 921 consequentias
2432 837 2656 900 statim

343 935 669 1013 inferunt,
754 956 916 1018 quae
997 934 1282 1018 legitime
1357 956 1575 998 eorum
1658 933 2068 1015 opinionibus
2151 934 2371 997 favere
2443 932 2657 996 viden-

342 1037 468 1095 tur.
565 1030 826 1094 Etenim
867 1031 1196 1113 supposito
1245 1030 1363 1095 hoc
1412 1029 1814 1094 decretorum
1862 1050 2051 1094 sensu
2100 1030 2440 1094 manifeste
2486 1030 2659 1093 erui-

343 1132 485 1209 tur,
558 1125 916 1192 Concilium
984 1148 1123 1190 esse
1196 1149 1390 1209 supra
1457 1126 1734 1209 Papam,
1808 1124 2052 1209 Papam
2121 1148 2255 1191 esse
2329 1126 2658 1190 subditum

340 1224 697 1289 canonibus
753 1222 1019 1288 Concilii
1081 1223 1494 1299 universalis,
1562 1222 1819 1286 decreta
1875 1221 2091 1305 Papae
2145 1224 2216 1286 in
2272 1223 2660 1307 quaestioni-

347 1322 465 1384 bus
522 1320 668 1384 fidei
716 1342 898 1403 posse
959 1343 995 1383 a
1038 1319 1325 1385 Concilio
1380 1320 1714 1384 reformari
1772 1323 1837 1382 et
1890 1320 2084 1382 etiam
2142 1324 2454 1403 tanquam
2508 1319 2659 1384 hae·

347 1419 547 1482 retica
583 1417 880 1501 judicari.

527 1516 629 1577 34.
680 1514 879 1578 Initio
932 1514 1187 1599 quidem
1238 1515 1574 1578 videbatur
1617 1514 1804 1577 nobis
1865 1534 1944 1575 ex
1990 1512 2090 1576 his
2136 1512 2467 1596 seligenda
2514 1534 2661 1575 sen-

349 1612 558 1676 tentia
620 1612 928 1691 secunda,
991 1633 1065 1675 eo
1126 1611 1296 1694 quod
1355 1607 1894 1687 existimaremuS,
1967 1609 2237 1692 primam
2298 1608 2663 1692 explicatio·

348 1729 496 1771 nem
566 1708 822 1771 illorum
889 1709 1288 1772 decretorum
1358 1708 1733 1771 benevolam
1806 1705 2063 1791 quidem
2135 1728 2267 1770 esse
2337 1712 2401 1769 et
2470 1706 2659 1788 piam,

348 1805 459 1869 sed
501 1804 760 1868 veritati
825 1828 955 1868 non
1020 1806 1178 1869 satis
1239 1804 1602 1870 convenire.
1705 1801 1828 1867 Sed
1893 1826 1961 1867 re
2019 1808 2267 1867 mature
2324 1823 2661 1885 perpensa,

349 1922 711 1977 censemus,
774 1922 994 1965 revera
1052 1923 1129 1965 ex
1188 1900 1489 1985 gravibus
1541 1904 1607 1964 et
1665 1900 1884 1964 solidis
1946 1901 2303 1965 rationibus
2360 1905 2499 1963 tum
2561 1897 2661 1962 in-

350 1996 556 2061 ternis
603 2003 741 2061 tum
799 1996 1088 2063 externis
1142 1998 1384 2081 colligi,
1438 1998 1708 2080 primam
1771 1995 2238 2080 expositionem
2296 1997 2510 2060 sensui
2557 1997 2664 2059 lit·

350 2095 541 2159 terali
601 2102 665 2159 et
722 2094 1037 2179 objectivo
1095 2095 1494 2158 decretorum
1557 2093 1970 2176 respondere,
2035 2098 2101 2158 et
2157 2094 2387 2157 merito
2436 2116 2473 2157 a
2517 2114 2664 2177 gra·

352 2191 624 2255 vissimis
686 2191 814 2254 illis
884 2192 1252 2255 auctoribus
1319 2191 1503 2254 tradi.
1621 2189 1933 2256 Rationes
2004 2212 2114 2255 cur
2187 2193 2279 2254 ita
2347 2190 2666 2253 existime-

349 2310 491 2351 mus
529 2288 666 2371 jam
712 2288 1073 2352 afferamus
1129 2324 1216 2333 —-
1278 2284 1345 2351 1⁰
1390 2286 1570 2351 Finis
1623 2286 1881 2371 quidem
1937 2286 2099 2369 legis
2158 2308 2287 2350 non
2337 2286 2507 2350 cadit
2551 2286 2669 2348 sub

351 2386 525 2467 lege,
588 2384 699 2448 sed
755 2393 978 2448 tamen
1040 2391 1137 2447 est
1193 2385 1476 2466 optimus
1531 2384 1693 2467 legis
1748 2383 2070 2466 interpres
2132 2384 2203 2447 in
2263 2381 2500 2458 dubiis,
2555 2382 2670 2445 sci·

354 2482 535 2558 licet,
609 2502 804 2566 quum
885 2480 1125 2564 aliquid
1202 2481 1273 2544 in
1349 2480 1744 2544 contrarium
1821 2480 2150 2545 evidenter
2224 2501 2356 2544 non
2432 2479 2668 2543 obstat.

357 2578 558 2643 Porro
607 2578 962 2642 Concilium
1022 2578 1334 2655 declarat,
1397 2578 1592 2642 finem
1640 2600 1795 2642 suae
1837 2577 2322 2642 constitutionis
2380 2577 2449 2640 in
2492 2579 2669 2659 prin-

355 2675 519 2758 cipio
588 2675 853 2758 quintae
914 2677 1242 2751 sessionis,
1321 2676 1565 2739 scilicet·
1615 2673 2153 2756 exstirpationem
2220 2671 2432 2755 ipsius
2506 2671 2670 2737 schi-

355 2769 612 2850 smatiS,
681 2775 742 2834 et
799 2771 1137 2851 unionem,
1207 2774 1268 2835 et
1327 2770 1857 2853 reformationem
1916 2769 2244 2836 Ecclesiae
2297 2768 2458 2848 Dei,
2532 2790 2673 2834 coii-

356 2867 745 2950 sequendam
803 2867 1101 2949 faciliuS,
1159 2867 1454 2933 securius
1517 2871 1576 2931 et
1636 2866 1927 2932 liberius.
2038 2868 2134 2931 Ex
2193 2868 2293 2932 his
2345 2871 2484 2950 jam
2545 2869 2672 2931 col-

355 2967 471 3050 ligi
543 2965 828 3042 videtur,
900 2966 1068 3050 quod
1134 2965 1249 3030 illa
1316 2967 1702 3030 constitutio
1770 2966 2066 3029 ordinata
2131 2965 2315 3028 unice
2382 2968 2522 3028 erat
2595 2964 2672 3026 ad

354 3063 532 3127 illam
607 3063 1157 3127 circumstantiam
1234 3069 1300 3127 et
1373 3062 1532 3125 illud
1609 3061 2005 3140 Concilium,
2094 3083 2213 3125 nec
2286 3061 2425 3124 sine
2494 3061 2673 3144 gravi

358 3161 601 3224 motivo
664 3161 801 3243 ejus
860 3167 1049 3223 tenor
1110 3159 1380 3223 ulterius
1433 3163 1530 3221 est
1591 3158 2054 3223 extendendus,
2117 3194 2203 3202 —
2265 3153 2337 3217 2⁰
2399 3157 2478 3220 In
2536 3179 2676 3220 cor-

357 3278 510 3340 pore
556 3256 706 3320 dein
758 3258 958 3339 ipsius
1015 3256 1495 3320 constitutionis
1552 3255 1835 3319 declarat
1880 3254 2268 3329 Concilium,
2330 3253 2500 3337 quod
2555 3253 2676 3317 sibi

360 3351 629 3434 quilibet
697 3351 1158 3434 cujuscumque
1224 3354 1437 3416 status
1498 3349 1597 3414 vel
1662 3348 2084 3428 conditionis,
2156 3348 2414 3414 etiamsi
2465 3367 2676 3430 papa-

361 3447 445 3525 lis
504 3449 774 3526 eaeistat‚
846 3447 1098 3512 obedire
1167 3450 1485 3511 teneatur.
1593 3447 1782 3511 Haud
1844 3447 2069 3511 dicunt
2133 3446 2331 3510 etiam
2391 3443 2676 3527 papalia,

359 3546 471 3610 sed
537 3544 794 3609 etiamsi
852 3544 1120 3627 papalis
1192 3543 1463 3622 existat,
1540 3549 1605 3608 et
1681 3544 2047 3608 differentia
2116 3545 2305 3621 haec,
2384 3543 2677 3627 quamvis

358 3643 544 3725 leviS,
606 3649 827 3707 tamen
894 3642 1210 3722 ostendit,
1275 3641 1501 3725 respici
1573 3641 1685 3705 illo
1755 3640 2008 3705 decreto
2073 3641 2353 3724 praecise
2420 3644 2676 3722 tempus

357 3734 518 3804 illud
581 3741 970 3819 schismatiS,
1034 3760 1161 3824 quo
1229 3745 1360 3802 tres
1424 3738 1889 3802 contendentes
1954 3743 2028 3801 ut
2088 3737 2436 3802 Pontifices
2501 3736 2677 3799 dubii

360 3837 790 3901 habebantur.
865 3872 941 3882 —
1013 3833 1086 3899 3⁰
1150 3835 1318 3899 Dum
1389 3835 1659 3899 materia
1728 3835 2135 3910 enuntiatur,
2206 3836 2273 3898 in
2343 3857 2471 3917 qua
2537 3835 2678 3916 qui·

360 3933 523 3997 libet
585 3934 835 3997 etiamsi
899 3933 1242 4014 dignitatis
1303 3932 1549 4015 papalis
1613 3934 1850 3996 existat
1915 3930 2173 3996 obedire
2239 3935 2530 4006 tenetur,
2603 3951 2678 3992 ea

363 4031 643 4113 praecise
701 4032 1171 4094 determinatur
1223 4028 1351 4091 illis
1410 4028 1759 4111 capitibus,
1824 4051 1987 4112 quae
2042 4030 2110 4092 in
2164 4028 2454 4094 Concilio
2510 4025 2678 4091 Con-

363 4127 709 4191 stantiensi
786 4125 1095 4210 agitanda
1171 4130 1326 4188 erat.
1445 4121 1689 4207 Scopus
1761 4126 2030 4190 Concilii
2108 4126 2282 4188 enim
2361 4131 2499 4191 erat
2574 4145 2678 4186 ex·

361 4224 624 4288 stinctio
699 4223 1093 4298 schismatiS,
1171 4221 1458 4285 defensio
1538 4221 1682 4284 fidei
1758 4222 2149 4286 orthodoxae
2226 4243 2339 4303 per
2414 4220 2680 4283 damna·

2726 1802 2950 1845 Sententia

2727 1864 2946 1917 adoptata.
