<?xml version="1.0" encoding="UTF-8"?>
<!DOCTYPE html PUBLIC "-//W3C//DTD XHTML 1.0 Transitional//EN"
    "http://www.w3.org/TR/xhtml1/DTD/xhtml1-transitional.dtd">
<html xmlns="http://www.w3.org/1999/xhtml" xml:lang="en" lang="en">
 <head>
  <title>
</title>
<meta http-equiv="Content-Type" content="text/html;charset=utf-8" />
  <meta name='ocr-system' content='tesseract 3.04.00' />
  <meta name='ocr-capabilities' content='ocr_page ocr_carea ocr_par ocr_line ocrx_word'/>
</head>
<body>
  <div class='ocr_page' id='page_1' title='image "./dissertationess05junggoog_0433.png"; bbox 0 0 3281 5014; ppageno 0'>
   <div class='ocr_carea' id='block_1_1' title="bbox 1335 445 2650 500">
    <p class='ocr_par' dir='ltr' id='par_1_1' title="bbox 1335 445 2650 500">
     <span class='ocr_line' id='line_1_1' title="bbox 1335 445 2650 500; baseline -0.002 -1"><span class='ocrx_word' id='word_1_1' title='bbox 1335 445 1523 499; x_wconf 84' lang='lat' dir='ltr'><strong><em>Sixtus</em></strong></span> <span class='ocrx_word' id='word_1_2' title='bbox 1560 445 1657 500; x_wconf 90' lang='lat' dir='ltr'><strong><em>IV.</em></strong></span> <span class='ocrx_word' id='word_1_3' title='bbox 1812 488 1817 491; x_wconf 84' lang='lat'><em>.</em></span> <span class='ocrx_word' id='word_1_4' title='bbox 2545 446 2650 497; x_wconf 82' lang='lat'><strong><em>427</em></strong></span> 
     </span>
    </p>
   </div>
   <div class='ocr_carea' id='block_1_2' title="bbox 331 586 2660 2312">
    <p class='ocr_par' dir='ltr' id='par_1_2' title="bbox 331 586 2660 2312">
     <span class='ocr_line' id='line_1_2' title="bbox 332 586 2651 669; baseline 0 -18"><span class='ocrx_word' id='word_1_5' title='bbox 332 590 492 651; x_wconf 90' lang='lat' dir='ltr'><strong><em>sunt</em></strong></span> <span class='ocrx_word' id='word_1_6' title='bbox 557 587 781 653; x_wconf 86' lang='lat' dir='ltr'><strong><em>minus</em></strong></span> <span class='ocrx_word' id='word_1_7' title='bbox 845 587 1033 668; x_wconf 79' lang='lat' dir='ltr'><strong><em>diqni</em></strong></span> <span class='ocrx_word' id='word_1_8' title='bbox 1099 586 1481 669; x_wconf 85' lang='lat' dir='ltr'><strong><em>simpliciter</em></strong></span> <span class='ocrx_word' id='word_1_9' title='bbox 1544 590 1605 650; x_wconf 90' lang='lat' dir='ltr'><strong><em>et</em></strong></span> <span class='ocrx_word' id='word_1_10' title='bbox 1657 607 1782 668; x_wconf 89' lang='lat' dir='ltr'><strong><em>per</em></strong></span> <span class='ocrx_word' id='word_1_11' title='bbox 1846 590 2203 669; x_wconf 87' lang='lat' dir='ltr'><strong><em>respectum</em></strong></span> <span class='ocrx_word' id='word_1_12' title='bbox 2267 588 2353 653; x_wconf 87' lang='lat' dir='ltr'><strong><em>ad</em></strong></span> <span class='ocrx_word' id='word_1_13' title='bbox 2417 588 2651 653; x_wconf 84' lang='lat' dir='ltr'><strong><em>bonum</em></strong></span> 
     </span>
     <span class='ocr_line' id='line_1_3' title="bbox 333 682 2652 767; baseline -0 -18"><span class='ocrx_word' id='word_1_14' title='bbox 333 704 669 750; x_wconf 86' lang='lat' dir='ltr'><strong><em>commune</em></strong></span> <span class='ocrx_word' id='word_1_15' title='bbox 679 703 703 762; x_wconf 86' lang='lat'><em>;</em></span> <span class='ocrx_word' id='word_1_16' title='bbox 761 689 822 748; x_wconf 87' lang='lat' dir='ltr'><strong><em>et</em></strong></span> <span class='ocrx_word' id='word_1_17' title='bbox 873 684 966 748; x_wconf 92' lang='lat' dir='ltr'><strong><em>sic</em></strong></span> <span class='ocrx_word' id='word_1_18' title='bbox 1028 684 1086 748; x_wconf 92' lang='lat' dir='ltr'><strong><em>si</em></strong></span> <span class='ocrx_word' id='word_1_19' title='bbox 1141 682 1552 766; x_wconf 75' lang='lat' dir='ltr'><strong><em>diqnioribus</em></strong></span> <span class='ocrx_word' id='word_1_20' title='bbox 1599 683 2113 765; x_wconf 83' lang='lat' dir='ltr'><strong><em>praeferuntur,</em></strong></span> <span class='ocrx_word' id='word_1_21' title='bbox 2172 689 2269 748; x_wconf 91' lang='lat' dir='ltr'><strong><em>est</em></strong></span> <span class='ocrx_word' id='word_1_22' title='bbox 2317 688 2652 767; x_wconf 87' lang='lat' dir='ltr'><strong><em>peccatum</em></strong></span> 
     </span>
     <span class='ocr_line' id='line_1_4' title="bbox 331 780 2652 863; baseline -0 -18"><span class='ocrx_word' id='word_1_23' title='bbox 331 780 726 863; x_wconf 87' lang='lat' dir='ltr'><strong><em>acceptionis</em></strong></span> <span class='ocrx_word' id='word_1_24' title='bbox 778 802 1216 862; x_wconf 85' lang='lat' dir='ltr'><strong><em>personarum</em></strong></span> <span class='ocrx_word' id='word_1_25' title='bbox 1280 781 1354 845; x_wconf 88' lang='lat' dir='ltr'><strong><em>in</em></strong></span> <span class='ocrx_word' id='word_1_26' title='bbox 1417 780 1898 863; x_wconf 75' lang='lat' dir='ltr'><strong><em>dispensatione</em></strong></span> <span class='ocrx_word' id='word_1_27' title='bbox 1951 780 2432 861; x_wconf 79' lang='lat' dir='ltr'><strong><em>spiritualium,</em></strong></span> <span class='ocrx_word' id='word_1_28' title='bbox 2499 801 2652 862; x_wconf 85' lang='lat' dir='ltr'><strong><em>quo·</em></strong></span> 
     </span>
     <span class='ocr_line' id='line_1_5' title="bbox 336 876 2651 960; baseline -0 -18"><span class='ocrx_word' id='word_1_29' title='bbox 336 897 488 942; x_wconf 88' lang='lat' dir='ltr'><strong><em>rum</em></strong></span> <span class='ocrx_word' id='word_1_30' title='bbox 547 877 886 960; x_wconf 87' lang='lat' dir='ltr'><strong><em>praelatus</em></strong></span> <span class='ocrx_word' id='word_1_31' title='bbox 944 899 1076 943; x_wconf 93' lang='lat' dir='ltr'><strong><em>non</em></strong></span> <span class='ocrx_word' id='word_1_32' title='bbox 1123 882 1216 942; x_wconf 91' lang='lat' dir='ltr'><strong><em>est</em></strong></span> <span class='ocrx_word' id='word_1_33' title='bbox 1275 877 1604 955; x_wconf 87' lang='lat' dir='ltr'><strong><em>dominus,</em></strong></span> <span class='ocrx_word' id='word_1_34' title='bbox 1667 881 1740 940; x_wconf 81' lang='lat' dir='ltr'><strong><em>ut</em></strong></span> <span class='ocrx_word' id='word_1_35' title='bbox 1795 896 1871 940; x_wconf 92' lang='lat' dir='ltr'><strong><em>ea</em></strong></span> <span class='ocrx_word' id='word_1_36' title='bbox 1917 876 2075 940; x_wconf 91' lang='lat' dir='ltr'><strong><em>dare</em></strong></span> <span class='ocrx_word' id='word_1_37' title='bbox 2135 877 2338 959; x_wconf 78' lang='lat' dir='ltr'><strong><em>possit</em></strong></span> <span class='ocrx_word' id='word_1_38' title='bbox 2380 898 2508 959; x_wconf 90' lang='lat' dir='ltr'><strong><em>pro</em></strong></span> <span class='ocrx_word' id='word_1_39' title='bbox 2554 877 2651 941; x_wconf 88' lang='lat' dir='ltr'><strong><em>lu-</em></strong></span> 
     </span>
     <span class='ocr_line' id='line_1_6' title="bbox 338 972 2654 1057; baseline 0 -20"><span class='ocrx_word' id='word_1_40' title='bbox 338 973 494 1038; x_wconf 85' lang='lat' dir='ltr'><strong><em>bitu.</em></strong></span> <span class='ocrx_word' id='word_1_41' title='bbox 617 972 1016 1055; x_wconf 75' lang='lat' dir='ltr'><strong><em>Quandoque</em></strong></span> <span class='ocrx_word' id='word_1_42' title='bbox 1076 994 1227 1038; x_wconf 82' lang='lat' dir='ltr'><strong><em>vero</em></strong></span> <span class='ocrx_word' id='word_1_43' title='bbox 1299 972 1767 1055; x_wconf 79' lang='lat' dir='ltr'><strong><em>consanquinei</em></strong></span> <span class='ocrx_word' id='word_1_44' title='bbox 1834 977 1991 1038; x_wconf 90' lang='lat' dir='ltr'><strong><em>sunt</em></strong></span> <span class='ocrx_word' id='word_1_45' title='bbox 2059 993 2258 1056; x_wconf 89' lang='lat' dir='ltr'><strong><em>aeque</em></strong></span> <span class='ocrx_word' id='word_1_46' title='bbox 2325 974 2513 1057; x_wconf 82' lang='lat' dir='ltr'><strong><em>diqni</em></strong></span> <span class='ocrx_word' id='word_1_47' title='bbox 2580 978 2654 1038; x_wconf 83' lang='lat' dir='ltr'><strong><em>ut</em></strong></span> 
     </span>
     <span class='ocr_line' id='line_1_7' title="bbox 337 1069 2652 1154; baseline 0 -19"><span class='ocrx_word' id='word_1_48' title='bbox 337 1069 486 1149; x_wconf 71' lang='lat' dir='ltr'><strong><em>alii,</em></strong></span> <span class='ocrx_word' id='word_1_49' title='bbox 546 1075 632 1135; x_wconf 91' lang='lat' dir='ltr'><strong><em>et.</em></strong></span> <span class='ocrx_word' id='word_1_50' title='bbox 670 1070 763 1134; x_wconf 89' lang='lat' dir='ltr'><strong><em>sic</em></strong></span> <span class='ocrx_word' id='word_1_51' title='bbox 811 1070 983 1135; x_wconf 88' lang='lat' dir='ltr'><strong><em>licite</em></strong></span> <span class='ocrx_word' id='word_1_52' title='bbox 1033 1075 1246 1152; x_wconf 90' lang='lat' dir='ltr'><strong><em>potest</em></strong></span> <span class='ocrx_word' id='word_1_53' title='bbox 1306 1070 1544 1152; x_wconf 79' lang='lat' dir='ltr'><strong><em>absque</em></strong></span> <span class='ocrx_word' id='word_1_54' title='bbox 1597 1089 2033 1152; x_wconf 87' lang='lat' dir='ltr'><strong><em>personarum</em></strong></span> <span class='ocrx_word' id='word_1_55' title='bbox 2096 1071 2457 1154; x_wconf 88' lang='lat' dir='ltr'><strong><em>acceptione</em></strong></span> <span class='ocrx_word' id='word_1_56' title='bbox 2511 1092 2652 1136; x_wconf 89' lang='lat' dir='ltr'><strong><em>con·</em></strong></span> 
     </span>
     <span class='ocr_line' id='line_1_8' title="bbox 336 1164 2655 1250; baseline 0 -19"><span class='ocrx_word' id='word_1_57' title='bbox 336 1167 731 1250; x_wconf 74' lang='lat' dir='ltr'><strong><em>sanquineos</em></strong></span> <span class='ocrx_word' id='word_1_58' title='bbox 787 1187 938 1232; x_wconf 93' lang='lat' dir='ltr'><strong><em>suos</em></strong></span> <span class='ocrx_word' id='word_1_59' title='bbox 990 1167 1356 1250; x_wconf 84' lang='lat' dir='ltr'><strong><em>praeferre,</em></strong></span> <span class='ocrx_word' id='word_1_60' title='bbox 1423 1166 1580 1248; x_wconf 90' lang='lat' dir='ltr'><strong><em>quia</em></strong></span> <span class='ocrx_word' id='word_1_61' title='bbox 1640 1166 1867 1231; x_wconf 91' lang='lat' dir='ltr'><strong><em>saltem</em></strong></span> <span class='ocrx_word' id='word_1_62' title='bbox 1913 1164 2124 1249; x_wconf 75' lang='lat' dir='ltr'><strong><em>mayis</em></strong></span> <span class='ocrx_word' id='word_1_63' title='bbox 2182 1167 2257 1233; x_wconf 88' lang='lat' dir='ltr'><strong><em>in</em></strong></span> <span class='ocrx_word' id='word_1_64' title='bbox 2312 1168 2428 1232; x_wconf 81' lang='lat' dir='ltr'><strong><em>hoc</em></strong></span> <span class='ocrx_word' id='word_1_65' title='bbox 2472 1189 2655 1250; x_wconf 86' lang='lat' dir='ltr'><strong><em>prae·</em></strong></span> 
     </span>
     <span class='ocr_line' id='line_1_9' title="bbox 338 1262 2655 1346; baseline 0 -18"><span class='ocrx_word' id='word_1_66' title='bbox 338 1263 654 1343; x_wconf 88' lang='lat' dir='ltr'><strong><em>eminent,</em></strong></span> <span class='ocrx_word' id='word_1_67' title='bbox 726 1263 885 1344; x_wconf 90' lang='lat' dir='ltr'><strong><em>quia</em></strong></span> <span class='ocrx_word' id='word_1_68' title='bbox 944 1263 1019 1328; x_wconf 88' lang='lat' dir='ltr'><strong><em>de</em></strong></span> <span class='ocrx_word' id='word_1_69' title='bbox 1079 1263 1245 1346; x_wconf 85' lang='lat' dir='ltr'><strong><em>ipsis</em></strong></span> <span class='ocrx_word' id='word_1_70' title='bbox 1312 1263 1524 1346; x_wconf 74' lang='lat' dir='ltr'><strong><em>maqis</em></strong></span> <span class='ocrx_word' id='word_1_71' title='bbox 1588 1262 1901 1343; x_wconf 83' lang='lat' dir='ltr'><strong><em>confidere</em></strong></span> <span class='ocrx_word' id='word_1_72' title='bbox 1960 1268 2204 1346; x_wconf 85' lang='lat' dir='ltr'><strong><em>potest,</em></strong></span> <span class='ocrx_word' id='word_1_73' title='bbox 2274 1269 2351 1329; x_wconf 88' lang='lat' dir='ltr'><strong><em>ut</em></strong></span> <span class='ocrx_word' id='word_1_74' title='bbox 2415 1264 2655 1330; x_wconf 88' lang='lat' dir='ltr'><strong><em>unani-</em></strong></span> 
     </span>
     <span class='ocr_line' id='line_1_10' title="bbox 339 1358 2659 1442; baseline 0 -18"><span class='ocrx_word' id='word_1_75' title='bbox 339 1360 532 1425; x_wconf 83' lang='lat' dir='ltr'><strong><em>miter</em></strong></span> <span class='ocrx_word' id='word_1_76' title='bbox 576 1381 786 1425; x_wconf 89' lang='lat' dir='ltr'><strong><em>secum</em></strong></span> <span class='ocrx_word' id='word_1_77' title='bbox 833 1359 1092 1441; x_wconf 78' lang='lat' dir='ltr'><strong><em>neqotia</em></strong></span> <span class='ocrx_word' id='word_1_78' title='bbox 1147 1358 1531 1441; x_wconf 81' lang='lat' dir='ltr'><strong><em>spiritualia</em></strong></span> <span class='ocrx_word' id='word_1_79' title='bbox 1575 1365 2019 1442; x_wconf 86' lang='lat' dir='ltr'><strong><em>pertractent;</em></strong></span> <span class='ocrx_word' id='word_1_80' title='bbox 2074 1365 2236 1425; x_wconf 93' lang='lat' dir='ltr'><strong><em>esset</em></strong></span> <span class='ocrx_word' id='word_1_81' title='bbox 2282 1366 2498 1427; x_wconf 87' lang='lat' dir='ltr'><strong><em>tamen</em></strong></span> <span class='ocrx_word' id='word_1_82' title='bbox 2544 1360 2659 1425; x_wconf 81' lang='lat' dir='ltr'><strong><em>hoc</em></strong></span> 
     </span>
     <span class='ocr_line' id='line_1_11' title="bbox 333 1455 2657 1540; baseline 0 -18"><span class='ocrx_word' id='word_1_83' title='bbox 333 1462 602 1540; x_wconf 90' lang='lat' dir='ltr'><strong><em>propter</em></strong></span> <span class='ocrx_word' id='word_1_84' title='bbox 646 1455 1026 1522; x_wconf 86' lang='lat' dir='ltr'><strong><em>scandalum</em></strong></span> <span class='ocrx_word' id='word_1_85' title='bbox 1082 1456 1569 1535; x_wconf 86' lang='lat' dir='ltr'><strong><em>dimittendum,</em></strong></span> <span class='ocrx_word' id='word_1_86' title='bbox 1627 1457 1689 1522; x_wconf 90' lang='lat' dir='ltr'><strong><em>si</em></strong></span> <span class='ocrx_word' id='word_1_87' title='bbox 1735 1477 1815 1521; x_wconf 82' lang='lat' dir='ltr'><strong><em>eoe</em></strong></span> <span class='ocrx_word' id='word_1_88' title='bbox 1859 1456 1974 1522; x_wconf 79' lang='lat' dir='ltr'><strong><em>hoc</em></strong></span> <span class='ocrx_word' id='word_1_89' title='bbox 2030 1457 2242 1539; x_wconf 80' lang='lat' dir='ltr'><strong><em>aliqui</em></strong></span> <span class='ocrx_word' id='word_1_90' title='bbox 2295 1457 2657 1537; x_wconf 77' lang='lat' dir='ltr'><strong><em>exemplum</em></strong></span> 
     </span>
     <span class='ocr_line' id='line_1_12' title="bbox 338 1553 2656 1636; baseline 0.001 -17"><span class='ocrx_word' id='word_1_91' title='bbox 338 1558 692 1630; x_wconf 78' lang='lat' dir='ltr'><strong><em>sumerent,</em></strong></span> <span class='ocrx_word' id='word_1_92' title='bbox 757 1553 954 1618; x_wconf 88' lang='lat' dir='ltr'><strong><em>etiam</em></strong></span> <span class='ocrx_word' id='word_1_93' title='bbox 1006 1557 1273 1634; x_wconf 87' lang='lat' dir='ltr'><strong><em>praeter</em></strong></span> <span class='ocrx_word' id='word_1_94' title='bbox 1328 1553 1719 1636; x_wconf 74' lang='lat' dir='ltr'><strong><em>diqnitatem</em></strong></span> <span class='ocrx_word' id='word_1_95' title='bbox 1781 1553 1947 1619; x_wconf 83' lang='lat' dir='ltr'><strong><em>bona</em></strong></span> <span class='ocrx_word' id='word_1_96' title='bbox 2001 1553 2330 1619; x_wconf 83' lang='lat' dir='ltr'><strong><em>Ecclesiae</em></strong></span> <span class='ocrx_word' id='word_1_97' title='bbox 2388 1575 2656 1621; x_wconf 89' lang='lat' dir='ltr'><strong><em>consan-</em></strong></span> 
     </span>
     <span class='ocr_line' id='line_1_13' title="bbox 331 1649 2659 1734; baseline -0.001 -17"><span class='ocrx_word' id='word_1_98' title='bbox 331 1650 597 1734; x_wconf 78' lang='lat' dir='ltr'><strong><em>9uineis</em></strong></span> <span class='ocrx_word' id='word_1_99' title='bbox 641 1649 918 1734; x_wconf 88' lang='lat' dir='ltr'><strong><em>dandi.¹)</em></strong></span> <span class='ocrx_word' id='word_1_100' title='bbox 973 1687 1059 1695; x_wconf 92' lang='lat'><strong><em>-—</em></strong></span> <span class='ocrx_word' id='word_1_101' title='bbox 1122 1649 1259 1727; x_wconf 82' lang='lat' dir='ltr'><strong><em>Ita,</em></strong></span> <span class='ocrx_word' id='word_1_102' title='bbox 1319 1653 1413 1715; x_wconf 82' lang='lat' dir='ltr'><strong><em>ait</em></strong></span> <span class='ocrx_word' id='word_1_103' title='bbox 1459 1649 1873 1728; x_wconf 81' lang='lat' dir='ltr'><strong><em>Sfondratus,</em></strong></span> <span class='ocrx_word' id='word_1_104' title='bbox 1931 1655 2197 1717; x_wconf 86' lang='lat' dir='ltr'><strong><em>sanctus</em></strong></span> <span class='ocrx_word' id='word_1_105' title='bbox 2243 1651 2522 1730; x_wconf 86' lang='lat' dir='ltr'><strong><em>Doctor,·</em></strong></span> <span class='ocrx_word' id='word_1_106' title='bbox 2577 1671 2659 1714; x_wconf 78' lang='lat' dir='ltr'><strong><em>ex</em></strong></span> 
     </span>
     <span class='ocr_line' id='line_1_14' title="bbox 339 1745 2659 1831; baseline -0 -18"><span class='ocrx_word' id='word_1_107' title='bbox 339 1768 465 1830; x_wconf 86' lang='lat' dir='ltr'><strong><em>quo</em></strong></span> <span class='ocrx_word' id='word_1_108' title='bbox 522 1747 796 1829; x_wconf 76' lang='lat' dir='ltr'><strong><em>colliqis,</em></strong></span> <span class='ocrx_word' id='word_1_109' title='bbox 862 1747 1028 1812; x_wconf 90' lang='lat' dir='ltr'><strong><em>duas</em></strong></span> <span class='ocrx_word' id='word_1_110' title='bbox 1084 1746 1164 1810; x_wconf 84' lang='lat' dir='ltr'><strong><em>ab</em></strong></span> <span class='ocrx_word' id='word_1_111' title='bbox 1219 1746 1361 1828; x_wconf 92' lang='lat' dir='ltr'><strong><em>ipso</em></strong></span> <span class='ocrx_word' id='word_1_112' title='bbox 1411 1745 1809 1812; x_wconf 89' lang='lat' dir='ltr'><strong><em>conditiones</em></strong></span> <span class='ocrx_word' id='word_1_113' title='bbox 1861 1747 2141 1829; x_wconf 80' lang='lat' dir='ltr'><strong><em>requiri,</em></strong></span> <span class='ocrx_word' id='word_1_114' title='bbox 2206 1752 2281 1811; x_wconf 91' lang='lat' dir='ltr'><strong><em>ut</em></strong></span> <span class='ocrx_word' id='word_1_115' title='bbox 2316 1747 2659 1831; x_wconf 86' lang='lat' dir='ltr'><strong><em>praeferre</em></strong></span> 
     </span>
     <span class='ocr_line' id='line_1_15' title="bbox 339 1842 2660 1926; baseline -0.001 -17"><span class='ocrx_word' id='word_1_116' title='bbox 339 1843 852 1926; x_wconf 74' lang='lat' dir='ltr'><strong><em>consanquineos</em></strong></span> <span class='ocrx_word' id='word_1_117' title='bbox 912 1842 1116 1908; x_wconf 88' lang='lat' dir='ltr'><strong><em>liceat.</em></strong></span> <span class='ocrx_word' id='word_1_118' title='bbox 1237 1843 1471 1908; x_wconf 89' lang='lat' dir='ltr'><strong><em>Prima</em></strong></span> <span class='ocrx_word' id='word_1_119' title='bbox 1489 1892 1505 1921; x_wconf 91' lang='lat'><strong><em>,</em></strong></span> <span class='ocrx_word' id='word_1_120' title='bbox 1577 1848 1655 1908; x_wconf 87' lang='lat' dir='ltr'><strong><em>ut</em></strong></span> <span class='ocrx_word' id='word_1_121' title='bbox 1721 1842 2191 1925; x_wconf 80' lang='lat' dir='ltr'><strong><em>consanquinei</em></strong></span> <span class='ocrx_word' id='word_1_122' title='bbox 2257 1863 2455 1925; x_wconf 92' lang='lat' dir='ltr'><strong><em>aeque</em></strong></span> <span class='ocrx_word' id='word_1_123' title='bbox 2522 1843 2660 1909; x_wconf 92' lang='lat' dir='ltr'><strong><em>sint</em></strong></span> 
     </span>
     <span class='ocr_line' id='line_1_16' title="bbox 340 1939 2660 2023; baseline -0 -18"><span class='ocrx_word' id='word_1_124' title='bbox 340 1940 528 2023; x_wconf 76' lang='lat' dir='ltr'><strong><em>diqni</em></strong></span> <span class='ocrx_word' id='word_1_125' title='bbox 590 1961 665 2005; x_wconf 86' lang='lat' dir='ltr'><strong><em>ac</em></strong></span> <span class='ocrx_word' id='word_1_126' title='bbox 724 1940 873 2019; x_wconf 90' lang='lat' dir='ltr'><strong><em>alii,</em></strong></span> <span class='ocrx_word' id='word_1_127' title='bbox 937 1939 1054 2005; x_wconf 81' lang='lat' dir='ltr'><strong><em>hoc</em></strong></span> <span class='ocrx_word' id='word_1_128' title='bbox 1108 1945 1202 2004; x_wconf 89' lang='lat' dir='ltr'><strong><em>est</em></strong></span> <span class='ocrx_word' id='word_1_129' title='bbox 1260 1941 1335 2005; x_wconf 89' lang='lat' dir='ltr'><strong><em>in</em></strong></span> <span class='ocrx_word' id='word_1_130' title='bbox 1395 1939 1945 2005; x_wconf 84' lang='lat' dir='ltr'><strong><em>administrandis</em></strong></span> <span class='ocrx_word' id='word_1_131' title='bbox 1999 1940 2328 2005; x_wconf 84' lang='lat' dir='ltr'><strong><em>Ecclesiae</em></strong></span> <span class='ocrx_word' id='word_1_132' title='bbox 2382 1940 2660 2023; x_wconf 75' lang='lat' dir='ltr'><strong><em>neqotiis</em></strong></span> 
     </span>
     <span class='ocr_line' id='line_1_17' title="bbox 342 2036 2659 2120; baseline -0 -18"><span class='ocrx_word' id='word_1_133' title='bbox 342 2058 539 2119; x_wconf 89' lang='lat' dir='ltr'><strong><em>aeque</em></strong></span> <span class='ocrx_word' id='word_1_134' title='bbox 590 2037 824 2120; x_wconf 90' lang='lat' dir='ltr'><strong><em>periti,</em></strong></span> <span class='ocrx_word' id='word_1_135' title='bbox 893 2057 1092 2118; x_wconf 90' lang='lat' dir='ltr'><strong><em>aeque</em></strong></span> <span class='ocrx_word' id='word_1_136' title='bbox 1153 2037 1423 2115; x_wconf 84' lang='lat' dir='ltr'><strong><em>versati,</em></strong></span> <span class='ocrx_word' id='word_1_137' title='bbox 1490 2056 1690 2118; x_wconf 92' lang='lat' dir='ltr'><strong><em>aeque</em></strong></span> <span class='ocrx_word' id='word_1_138' title='bbox 1750 2036 1985 2117; x_wconf 86' lang='lat' dir='ltr'><strong><em>seduli,</em></strong></span> <span class='ocrx_word' id='word_1_139' title='bbox 2048 2056 2246 2118; x_wconf 89' lang='lat' dir='ltr'><strong><em>aeque</em></strong></span> <span class='ocrx_word' id='word_1_140' title='bbox 2298 2036 2659 2103; x_wconf 83' lang='lat' dir='ltr'><strong><em>virtutibus</em></strong></span> 
     </span>
     <span class='ocr_line' id='line_1_18' title="bbox 341 2132 2659 2216; baseline -0 -17"><span class='ocrx_word' id='word_1_141' title='bbox 341 2134 725 2199; x_wconf 83' lang='lat' dir='ltr'><strong><em>christianis</em></strong></span> <span class='ocrx_word' id='word_1_142' title='bbox 771 2139 830 2198; x_wconf 84' lang='lat' dir='ltr'><strong><em>et</em></strong></span> <span class='ocrx_word' id='word_1_143' title='bbox 867 2134 1158 2216; x_wconf 85' lang='lat' dir='ltr'><strong><em>politicis</em></strong></span> <span class='ocrx_word' id='word_1_144' title='bbox 1200 2132 1454 2198; x_wconf 83' lang='lat' dir='ltr'><strong><em>imbuti.</em></strong></span> <span class='ocrx_word' id='word_1_145' title='bbox 1549 2133 1877 2212; x_wconf 80' lang='lat' dir='ltr'><strong><em>Secunda,</em></strong></span> <span class='ocrx_word' id='word_1_146' title='bbox 1935 2137 2012 2198; x_wconf 91' lang='lat' dir='ltr'><strong><em>ut</em></strong></span> <span class='ocrx_word' id='word_1_147' title='bbox 2061 2134 2432 2215; x_wconf 87' lang='lat' dir='ltr'><strong><em>periculum</em></strong></span> <span class='ocrx_word' id='word_1_148' title='bbox 2477 2155 2659 2199; x_wconf 89' lang='lat' dir='ltr'><strong><em>scan-</em></strong></span> 
     </span>
     <span class='ocr_line' id='line_1_19' title="bbox 341 2227 1504 2312; baseline -0.003 -16"><span class='ocrx_word' id='word_1_149' title='bbox 341 2230 480 2296; x_wconf 87' lang='lat' dir='ltr'><strong><em>dali</em></strong></span> <span class='ocrx_word' id='word_1_150' title='bbox 524 2231 807 2312; x_wconf 89' lang='lat' dir='ltr'><strong><em>malique</em></strong></span> <span class='ocrx_word' id='word_1_151' title='bbox 853 2230 1213 2312; x_wconf 80' lang='lat' dir='ltr'><strong><em>exemplum</em></strong></span> <span class='ocrx_word' id='word_1_152' title='bbox 1261 2227 1504 2308; x_wconf 74' lang='lat' dir='ltr'><strong><em>absit.2)</em></strong></span> 
     </span>
    </p>
   </div>
   <div class='ocr_carea' id='block_1_3' title="bbox 340 2375 2673 3935">
    <p class='ocr_par' dir='ltr' id='par_1_3' title="bbox 340 2375 2670 3916">
     <span class='ocr_line' id='line_1_20' title="bbox 521 2375 2659 2469; baseline 0.001 -24"><span class='ocrx_word' id='word_1_153' title='bbox 521 2383 623 2445; x_wconf 86' lang='lat'><strong><em>33.</em></strong></span> <span class='ocrx_word' id='word_1_154' title='bbox 688 2381 898 2445; x_wconf 84' lang='lat' dir='ltr'><strong><em>Erant</em></strong></span> <span class='ocrx_word' id='word_1_155' title='bbox 951 2403 1139 2463; x_wconf 88' lang='lat' dir='ltr'><strong><em>porro</em></strong></span> <span class='ocrx_word' id='word_1_156' title='bbox 1194 2375 1464 2444; x_wconf 76' lang='lat' dir='ltr'><strong><em>saeculis</em></strong></span> <span class='ocrx_word' id='word_1_157' title='bbox 1511 2378 1658 2446; x_wconf 92' lang='lat' dir='ltr'><strong><em>XV.</em></strong></span> <span class='ocrx_word' id='word_1_158' title='bbox 1716 2385 1781 2444; x_wconf 92' lang='lat' dir='ltr'><strong><em>et</em></strong></span> <span class='ocrx_word' id='word_1_159' title='bbox 1837 2379 2022 2445; x_wconf 92' lang='lat' dir='ltr'><strong>XVI.</strong></span> <span class='ocrx_word' id='word_1_160' title='bbox 2082 2382 2295 2464; x_wconf 84' lang='lat' dir='ltr'><strong><em>plures</em></strong></span> <span class='ocrx_word' id='word_1_161' title='bbox 2351 2381 2659 2469; x_wconf 77' lang='lat' dir='ltr'><strong><em>rationeS‚</em></strong></span> 
     </span>
     <span class='ocr_line' id='line_1_21' title="bbox 340 2474 2659 2564; baseline -0.001 -18"><span class='ocrx_word' id='word_1_162' title='bbox 340 2503 419 2546; x_wconf 87' lang='lat' dir='ltr'><strong><em>ex</em></strong></span> <span class='ocrx_word' id='word_1_163' title='bbox 481 2474 710 2564; x_wconf 85' lang='lat' dir='ltr'><strong><em>quibus</em></strong></span> <span class='ocrx_word' id='word_1_164' title='bbox 767 2479 1152 2562; x_wconf 75' lang='lat' dir='ltr'><strong><em>explicatur,</em></strong></span> <span class='ocrx_word' id='word_1_165' title='bbox 1222 2477 1539 2561; x_wconf 88' lang='lat' dir='ltr'><strong><em>quomodo</em></strong></span> <span class='ocrx_word' id='word_1_166' title='bbox 1601 2479 1832 2563; x_wconf 86' lang='lat' dir='ltr'><strong><em>majori</em></strong></span> <span class='ocrx_word' id='word_1_167' title='bbox 1863 2490 1867 2495; x_wconf 86' lang='grc'><strong><em>’</em></strong></span> <span class='ocrx_word' id='word_1_168' title='bbox 1897 2478 2170 2562; x_wconf 85' lang='lat' dir='ltr'><strong><em>quadam</em></strong></span> <span class='ocrx_word' id='word_1_169' title='bbox 2233 2478 2659 2563; x_wconf 84' lang='lat' dir='ltr'><strong><em>amplitudine</em></strong></span> 
     </span>
     <span class='ocr_line' id='line_1_22' title="bbox 342 2565 2664 2662; baseline -0.001 -21"><span class='ocrx_word' id='word_1_170' title='bbox 342 2565 647 2662; x_wconf 88' lang='lat' dir='ltr'><strong><em>nepotum</em></strong></span> <span class='ocrx_word' id='word_1_171' title='bbox 719 2577 898 2640; x_wconf 84' lang='lat' dir='ltr'><strong><em>favor</em></strong></span> <span class='ocrx_word' id='word_1_172' title='bbox 967 2597 1040 2639; x_wconf 82' lang='lat' dir='ltr'><strong><em>ea</em></strong></span> <span class='ocrx_word' id='word_1_173' title='bbox 1117 2579 1333 2639; x_wconf 83' lang='lat' dir='ltr'><strong><em>aetate</em></strong></span> <span class='ocrx_word' id='word_1_174' title='bbox 1399 2575 1774 2656; x_wconf 82' lang='lat' dir='ltr'><strong><em>invaluerit3</em></strong></span> <span class='ocrx_word' id='word_1_175' title='bbox 1853 2582 1919 2639; x_wconf 92' lang='lat' dir='ltr'><strong><em>et</em></strong></span> <span class='ocrx_word' id='word_1_176' title='bbox 1996 2577 2292 2658; x_wconf 82' lang='lat' dir='ltr'><strong><em>quamvis</em></strong></span> <span class='ocrx_word' id='word_1_177' title='bbox 2372 2597 2664 2640; x_wconf 84' lang='lat' dir='ltr'><strong><em>excessus</em></strong></span> 
     </span>
     <span class='ocr_line' id='line_1_23' title="bbox 342 2669 2662 2757; baseline -0.001 -19"><span class='ocrx_word' id='word_1_178' title='bbox 342 2697 476 2738; x_wconf 87' lang='lat' dir='ltr'><strong><em>non</em></strong></span> <span class='ocrx_word' id='word_1_179' title='bbox 540 2674 627 2737; x_wconf 91' lang='lat' dir='ltr'><strong><em>sit</em></strong></span> <span class='ocrx_word' id='word_1_180' title='bbox 686 2672 1073 2751; x_wconf 78' lang='lat' dir='ltr'><strong><em>laudandu8‚</em></strong></span> <span class='ocrx_word' id='word_1_181' title='bbox 1133 2694 1234 2757; x_wconf 82' lang='lat' dir='ltr'><strong><em>res</em></strong></span> <span class='ocrx_word' id='word_1_182' title='bbox 1289 2672 1426 2754; x_wconf 82' lang='lat' dir='ltr'><strong><em>ipsa</em></strong></span> <span class='ocrx_word' id='word_1_183' title='bbox 1487 2679 1708 2736; x_wconf 84' lang='lat' dir='ltr'><strong><em>tamen</em></strong></span> <span class='ocrx_word' id='word_1_184' title='bbox 1768 2669 2134 2737; x_wconf 76' lang='lat' dir='ltr'><strong><em>ostenditur</em></strong></span> <span class='ocrx_word' id='word_1_185' title='bbox 2190 2694 2313 2755; x_wconf 90' lang='lat' dir='ltr'><strong><em>pro</em></strong></span> <span class='ocrx_word' id='word_1_186' title='bbox 2367 2694 2442 2736; x_wconf 88' lang='lat' dir='ltr'><strong><em>eo</em></strong></span> <span class='ocrx_word' id='word_1_187' title='bbox 2502 2678 2662 2737; x_wconf 87' lang='lat' dir='ltr'><strong><em>tem-</em></strong></span> 
     </span>
     <span class='ocr_line' id='line_1_24' title="bbox 345 2759 2667 2854; baseline -0 -19"><span class='ocrx_word' id='word_1_188' title='bbox 345 2792 495 2854; x_wconf 89' lang='lat' dir='ltr'><strong><em>pore</em></strong></span> <span class='ocrx_word' id='word_1_189' title='bbox 552 2792 684 2833; x_wconf 89' lang='lat' dir='ltr'><strong><em>non</em></strong></span> <span class='ocrx_word' id='word_1_190' title='bbox 741 2791 949 2833; x_wconf 82' lang='lat' dir='ltr'><strong><em>nocua</em></strong></span> <span class='ocrx_word' id='word_1_191' title='bbox 1010 2769 1121 2832; x_wconf 87' lang='lat' dir='ltr'><strong><em>sed</em></strong></span> <span class='ocrx_word' id='word_1_192' title='bbox 1173 2769 1385 2852; x_wconf 88' lang='lat' dir='ltr'><strong><em>potius</em></strong></span> <span class='ocrx_word' id='word_1_193' title='bbox 1429 2759 1729 2852; x_wconf 63' lang='lat' dir='ltr'><strong><em>&#39;proficua</em></strong></span> <span class='ocrx_word' id='word_1_194' title='bbox 1790 2768 2009 2834; x_wconf 84' lang='lat' dir='ltr'><strong><em>fuisse.</em></strong></span> <span class='ocrx_word' id='word_1_195' title='bbox 2115 2767 2305 2833; x_wconf 81' lang='lat' dir='ltr'><strong><em>Certe</em></strong></span> <span class='ocrx_word' id='word_1_196' title='bbox 2359 2770 2499 2853; x_wconf 86' lang='lat' dir='ltr'><strong><em>jam</em></strong></span> <span class='ocrx_word' id='word_1_197' title='bbox 2553 2792 2667 2852; x_wconf 86' lang='lat' dir='ltr'><strong><em>per</em></strong></span> 
     </span>
     <span class='ocr_line' id='line_1_25' title="bbox 344 2866 2662 2950; baseline -0.001 -19"><span class='ocrx_word' id='word_1_198' title='bbox 344 2890 413 2931; x_wconf 80' lang='lat' dir='ltr'><strong><em>se</em></strong></span> <span class='ocrx_word' id='word_1_199' title='bbox 473 2866 957 2949; x_wconf 85' lang='lat' dir='ltr'><strong><em>supponendum</em></strong></span> <span class='ocrx_word' id='word_1_200' title='bbox 1020 2867 1303 2941; x_wconf 85' lang='lat' dir='ltr'><strong><em>videtur,</em></strong></span> <span class='ocrx_word' id='word_1_201' title='bbox 1366 2887 1592 2950; x_wconf 83' lang='lat' dir='ltr'><strong><em>graves</em></strong></span> <span class='ocrx_word' id='word_1_202' title='bbox 1648 2866 1930 2930; x_wconf 69' lang='lat' dir='ltr'><strong><em>‚adfuisse</em></strong></span> <span class='ocrx_word' id='word_1_203' title='bbox 1992 2888 2247 2941; x_wconf 77' lang='lat' dir='ltr'><strong><em>causae,</em></strong></span> <span class='ocrx_word' id='word_1_204' title='bbox 2311 2887 2424 2930; x_wconf 82' lang='lat' dir='ltr'><strong><em>cur</em></strong></span> <span class='ocrx_word' id='word_1_205' title='bbox 2468 2867 2662 2930; x_wconf 85' lang='lat' dir='ltr'><strong><em>etiam</em></strong></span> 
     </span>
     <span class='ocr_line' id='line_1_26' title="bbox 343 2956 2667 3050; baseline -0.001 -22"><span class='ocrx_word' id='word_1_206' title='bbox 343 2964 689 3029; x_wconf 80' lang='lat' dir='ltr'><strong><em>Pontifices</em></strong></span> <span class='ocrx_word' id='word_1_207' title='bbox 741 2963 1002 3026; x_wconf 86' lang='lat' dir='ltr'><strong><em>omniuo</em></strong></span> <span class='ocrx_word' id='word_1_208' title='bbox 1060 2956 1239 3044; x_wconf 66' lang='lat' dir='ltr'><strong><em>&#39;digni</em></strong></span> <span class='ocrx_word' id='word_1_209' title='bbox 1304 2968 1572 3045; x_wconf 87' lang='lat' dir='ltr'><strong><em>nepotes</em></strong></span> <span class='ocrx_word' id='word_1_210' title='bbox 1613 2963 1871 3050; x_wconf 18' lang='lat' dir='ltr'><strong><em>*aliosve</em></strong></span> <span class='ocrx_word' id='word_1_211' title='bbox 1933 2965 2326 3047; x_wconf 87' lang='lat' dir='ltr'><strong><em>propinquos</em></strong></span> <span class='ocrx_word' id='word_1_212' title='bbox 2388 2963 2466 3026; x_wconf 83' lang='lat' dir='ltr'><strong><em>ad</em></strong></span> <span class='ocrx_word' id='word_1_213' title='bbox 2535 2985 2667 3027; x_wconf 91' lang='lat' dir='ltr'><strong><em>mu·</em></strong></span> 
     </span>
     <span class='ocr_line' id='line_1_27' title="bbox 349 3049 2665 3142; baseline -0.001 -16"><span class='ocrx_word' id='word_1_214' title='bbox 349 3083 504 3126; x_wconf 85' lang='lat' dir='ltr'><strong><em>nera</em></strong></span> <span class='ocrx_word' id='word_1_215' title='bbox 549 3060 780 3123; x_wconf 84' lang='lat' dir='ltr'><strong><em>summi</em></strong></span> <span class='ocrx_word' id='word_1_216' title='bbox 837 3060 1174 3134; x_wconf 83' lang='lat' dir='ltr'><strong><em>momenti,</em></strong></span> <span class='ocrx_word' id='word_1_217' title='bbox 1230 3058 1517 3122; x_wconf 83' lang='lat' dir='ltr'><strong><em>Ministri</em></strong></span> <span class='ocrx_word' id='word_1_218' title='bbox 1564 3059 1898 3142; x_wconf 76' lang='lat' dir='ltr'><strong><em>principis,</em></strong></span> <span class='ocrx_word' id='word_1_219' title='bbox 1956 3049 2262 3142; x_wconf 79' lang='lat' dir='ltr'><strong><em>praefecti</em></strong></span> <span class='ocrx_word' id='word_1_220' title='bbox 2318 3058 2494 3123; x_wconf 86' lang='lat' dir='ltr'><strong><em>urbis</em></strong></span> <span class='ocrx_word' id='word_1_221' title='bbox 2543 3058 2665 3123; x_wconf 80' lang='lat' dir='ltr'><strong><em>Ro-</em></strong></span> 
     </span>
     <span class='ocr_line' id='line_1_28' title="bbox 350 3153 2668 3241; baseline -0.001 -19"><span class='ocrx_word' id='word_1_222' title='bbox 350 3180 518 3235; x_wconf 84' lang='lat' dir='ltr'><strong><em>mae,</em></strong></span> <span class='ocrx_word' id='word_1_223' title='bbox 587 3157 1093 3241; x_wconf 83' lang='lat' dir='ltr'><strong><em>gubernatorum</em></strong></span> <span class='ocrx_word' id='word_1_224' title='bbox 1166 3153 1640 3239; x_wconf 81' lang='lat' dir='ltr'><strong><em>provinciarum</em></strong></span> <span class='ocrx_word' id='word_1_225' title='bbox 1701 3157 2168 3238; x_wconf 81' lang='lat' dir='ltr'><strong><em>promoverint3</em></strong></span> <span class='ocrx_word' id='word_1_226' title='bbox 2238 3156 2303 3219; x_wconf 90' lang='lat' dir='ltr'><strong><em>id</em></strong></span> <span class='ocrx_word' id='word_1_227' title='bbox 2367 3156 2668 3239; x_wconf 85' lang='lat' dir='ltr'><strong><em>explicari</em></strong></span> 
     </span>
     <span class='ocr_line' id='line_1_29' title="bbox 350 3242 2668 3338; baseline -0.001 -19"><span class='ocrx_word' id='word_1_228' title='bbox 350 3253 576 3338; x_wconf 84' lang='lat' dir='ltr'><strong><em>nequit</em></strong></span> <span class='ocrx_word' id='word_1_229' title='bbox 654 3253 836 3315; x_wconf 85' lang='lat' dir='ltr'><strong><em>unice</em></strong></span> <span class='ocrx_word' id='word_1_230' title='bbox 914 3251 1162 3335; x_wconf 75' lang='lat' dir='ltr'><strong><em>vulgari</em></strong></span> <span class='ocrx_word' id='word_1_231' title='bbox 1237 3251 1348 3315; x_wconf 81' lang='lat' dir='ltr'><strong><em>illa</em></strong></span> <span class='ocrx_word' id='word_1_232' title='bbox 1423 3242 1711 3329; x_wconf 62' lang='lat' dir='ltr'><strong><em>tutione,</em></strong></span> <span class='ocrx_word' id='word_1_233' title='bbox 1789 3251 1954 3335; x_wconf 91' lang='lat' dir='ltr'><strong><em>quod</em></strong></span> <span class='ocrx_word' id='word_1_234' title='bbox 2031 3252 2343 3315; x_wconf 84' lang='lat' dir='ltr'><strong><em>familiam</em></strong></span> <span class='ocrx_word' id='word_1_235' title='bbox 2420 3254 2668 3317; x_wconf 85' lang='lat' dir='ltr'><strong><em>elevare</em></strong></span> 
     </span>
     <span class='ocr_line' id='line_1_30' title="bbox 349 3346 2669 3432; baseline -0.001 -18"><span class='ocrx_word' id='word_1_236' title='bbox 349 3356 415 3414; x_wconf 79' lang='lat' dir='ltr'><strong><em>et</em></strong></span> <span class='ocrx_word' id='word_1_237' title='bbox 485 3349 870 3431; x_wconf 84' lang='lat' dir='ltr'><strong><em>amplificare</em></strong></span> <span class='ocrx_word' id='word_1_238' title='bbox 935 3348 1275 3418; x_wconf 85' lang='lat' dir='ltr'><strong><em>voluerint.</em></strong></span> <span class='ocrx_word' id='word_1_239' title='bbox 1385 3346 1472 3411; x_wconf 84' lang='lat' dir='ltr'><strong><em>Et</em></strong></span> <span class='ocrx_word' id='word_1_240' title='bbox 1541 3368 1765 3413; x_wconf 85' lang='lat' dir='ltr'><strong><em>revera</em></strong></span> <span class='ocrx_word' id='word_1_241' title='bbox 1822 3353 2078 3431; x_wconf 80' lang='lat' dir='ltr'><strong><em>praeter</em></strong></span> <span class='ocrx_word' id='word_1_242' title='bbox 2142 3349 2301 3413; x_wconf 85' lang='lat' dir='ltr'><strong><em>illud</em></strong></span> <span class='ocrx_word' id='word_1_243' title='bbox 2366 3349 2669 3432; x_wconf 85' lang='lat' dir='ltr'><strong><em>generale</em></strong></span> 
     </span>
     <span class='ocr_line' id='line_1_31' title="bbox 349 3444 2670 3529; baseline -0.001 -18"><span class='ocrx_word' id='word_1_244' title='bbox 349 3448 689 3521; x_wconf 84' lang='lat' dir='ltr'><strong><em>motivum,</em></strong></span> <span class='ocrx_word' id='word_1_245' title='bbox 748 3444 916 3528; x_wconf 88' lang='lat' dir='ltr'><strong><em>quod</em></strong></span> <span class='ocrx_word' id='word_1_246' title='bbox 975 3445 1047 3508; x_wconf 89' lang='lat' dir='ltr'><strong><em>in</em></strong></span> <span class='ocrx_word' id='word_1_247' title='bbox 1104 3446 1484 3529; x_wconf 84' lang='lat' dir='ltr'><strong><em>propinquis</em></strong></span> <span class='ocrx_word' id='word_1_248' title='bbox 1533 3444 1750 3509; x_wconf 84' lang='lat' dir='ltr'><strong><em>fideles</em></strong></span> <span class='ocrx_word' id='word_1_249' title='bbox 1810 3465 1960 3527; x_wconf 85' lang='lat' dir='ltr'><strong><em>prae</em></strong></span> <span class='ocrx_word' id='word_1_250' title='bbox 2017 3447 2284 3509; x_wconf 83' lang='lat' dir='ltr'><strong><em>caeteris</em></strong></span> <span class='ocrx_word' id='word_1_251' title='bbox 2340 3447 2670 3510; x_wconf 84' lang='lat' dir='ltr'><strong><em>ministros</em></strong></span> 
     </span>
     <span class='ocr_line' id='line_1_32' title="bbox 351 3531 2667 3628; baseline -0.001 -21"><span class='ocrx_word' id='word_1_252' title='bbox 351 3543 752 3628; x_wconf 84' lang='lat' dir='ltr'><strong><em>quaerebant</em></strong></span> <span class='ocrx_word' id='word_1_253' title='bbox 821 3543 888 3605; x_wconf 93' lang='lat' dir='ltr'><strong><em>in</em></strong></span> <span class='ocrx_word' id='word_1_254' title='bbox 957 3535 1280 3624; x_wconf 85' lang='lat' dir='ltr'><strong><em>gubernio</em></strong></span> <span class='ocrx_word' id='word_1_255' title='bbox 1332 3563 1478 3619; x_wconf 82' lang='lat' dir='ltr'><strong><em>su0,</em></strong></span> <span class='ocrx_word' id='word_1_256' title='bbox 1552 3531 1843 3624; x_wconf 84' lang='lat' dir='ltr'><strong><em>specialis</em></strong></span> <span class='ocrx_word' id='word_1_257' title='bbox 1909 3540 2035 3605; x_wconf 89' lang='lat' dir='ltr'><strong><em>fuit</em></strong></span> <span class='ocrx_word' id='word_1_258' title='bbox 2098 3542 2293 3606; x_wconf 82' lang='lat' dir='ltr'><strong><em>etiam</em></strong></span> <span class='ocrx_word' id='word_1_259' title='bbox 2358 3543 2526 3607; x_wconf 86' lang='lat' dir='ltr'><strong><em>ratio</em></strong></span> <span class='ocrx_word' id='word_1_260' title='bbox 2591 3564 2667 3606; x_wconf 84' lang='lat' dir='ltr'><strong><em>ex</em></strong></span> 
     </span>
     <span class='ocr_line' id='line_1_33' title="bbox 350 3637 2673 3730; baseline -0 -26"><span class='ocrx_word' id='word_1_261' title='bbox 350 3640 596 3704; x_wconf 87' lang='lat' dir='ltr'><strong><em>difficili</em></strong></span> <span class='ocrx_word' id='word_1_262' title='bbox 621 3644 1027 3730; x_wconf 84' lang='lat' dir='ltr'><strong><em>temporum</em></strong></span> <span class='ocrx_word' id='word_1_263' title='bbox 1097 3639 1463 3703; x_wconf 86' lang='lat' dir='ltr'><strong><em>conditione</em></strong></span> <span class='ocrx_word' id='word_1_264' title='bbox 1531 3638 1905 3721; x_wconf 86' lang='lat' dir='ltr'><strong><em>repetenda.</em></strong></span> <span class='ocrx_word' id='word_1_265' title='bbox 2032 3637 2161 3728; x_wconf 82' lang='lat' dir='ltr'><strong><em>Per</em></strong></span> <span class='ocrx_word' id='word_1_266' title='bbox 2229 3639 2673 3703; x_wconf 81' lang='lat' dir='ltr'><strong><em>commoratio-</em></strong></span> 
     </span>
     <span class='ocr_line' id='line_1_34' title="bbox 352 3734 2668 3820; baseline -0.001 -19"><span class='ocrx_word' id='word_1_267' title='bbox 352 3760 501 3801; x_wconf 89' lang='lat' dir='ltr'><strong><em>nem</em></strong></span> <span class='ocrx_word' id='word_1_268' title='bbox 558 3760 596 3800; x_wconf 84' lang='lat' dir='ltr'>a</span> <span class='ocrx_word' id='word_1_269' title='bbox 657 3736 1077 3801; x_wconf 83' lang='lat' dir='ltr'><strong><em>Pontificibus</em></strong></span> <span class='ocrx_word' id='word_1_270' title='bbox 1135 3735 1469 3799; x_wconf 87' lang='lat' dir='ltr'><strong><em>Avenione</em></strong></span> <span class='ocrx_word' id='word_1_271' title='bbox 1530 3735 1767 3800; x_wconf 84' lang='lat' dir='ltr'><strong><em>factam</em></strong></span> <span class='ocrx_word' id='word_1_272' title='bbox 1831 3741 1896 3799; x_wconf 92' lang='lat' dir='ltr'><strong><em>et</em></strong></span> <span class='ocrx_word' id='word_1_273' title='bbox 1954 3757 2109 3818; x_wconf 88' lang='lat' dir='ltr'><strong><em>per</em></strong></span> <span class='ocrx_word' id='word_1_274' title='bbox 2128 3736 2481 3820; x_wconf 86' lang='lat' dir='ltr'><strong><em>lugendum</em></strong></span> <span class='ocrx_word' id='word_1_275' title='bbox 2547 3734 2668 3799; x_wconf 86' lang='lat' dir='ltr'><strong><em>Oe·</em></strong></span> 
     </span>
     <span class='ocr_line' id='line_1_35' title="bbox 351 3832 2671 3935; baseline -0.001 -37"><span class='ocrx_word' id='word_1_276' title='bbox 351 3834 627 3899; x_wconf 68' lang='lat' dir='ltr'><strong><em>sidentis</em></strong></span> <span class='ocrx_word' id='word_1_277' title='bbox 707 3833 984 3897; x_wconf 80' lang='lat' dir='ltr'><strong><em>schisma</em></strong></span> <span class='ocrx_word' id='word_1_278' title='bbox 1052 3838 1389 3935; x_wconf 77' lang='lat' dir='ltr'><strong><em>evenerat,</em></strong></span> <span class='ocrx_word' id='word_1_279' title='bbox 1470 3836 1543 3895; x_wconf 90' lang='lat' dir='ltr'><strong><em>ut</em></strong></span> <span class='ocrx_word' id='word_1_280' title='bbox 1610 3836 1897 3915; x_wconf 73' lang='lat' dir='ltr'><strong><em>potestas</em></strong></span> <span class='ocrx_word' id='word_1_281' title='bbox 1961 3834 2343 3916; x_wconf 80' lang='lat' dir='ltr'><strong><em>temporalis</em></strong></span> <span class='ocrx_word' id='word_1_282' title='bbox 2401 3832 2671 3897; x_wconf 78' lang='lat' dir='ltr'><strong><em>Pontifi-</em></strong></span> 
     </span>
    </p>
   </div>
   <div class='ocr_carea' id='block_1_4' title="bbox 357 4010 778 4017">
    <p class='ocr_par' dir='ltr' id='par_1_4' title="bbox 357 4010 778 4017">
     <span class='ocr_line' id='line_1_36' title="bbox 357 4010 778 4017; baseline 0 997"><span class='ocrx_word' id='word_1_283' title='bbox 357 4010 778 4017; x_wconf 95' lang='lat' dir='ltr'><strong><em> </em></strong></span> 
     </span>
    </p>
   </div>
   <div class='ocr_carea' id='block_1_5' title="bbox 533 4095 1634 4248">
    <p class='ocr_par' dir='ltr' id='par_1_5' title="bbox 533 4095 1634 4248">
     <span class='ocr_line' id='line_1_37' title="bbox 537 4095 1634 4166; baseline 0.001 -14"><span class='ocrx_word' id='word_1_284' title='bbox 537 4095 666 4166; x_wconf 81' lang='lat' dir='ltr'>¹)&#39;S.</span> <span class='ocrx_word' id='word_1_285' title='bbox 706 4099 899 4154; x_wconf 87' lang='lat' dir='ltr'><strong><em>Thom.</em></strong></span> <span class='ocrx_word' id='word_1_286' title='bbox 936 4102 987 4153; x_wconf 82' lang='lat'><strong><em>2.</em></strong></span> <span class='ocrx_word' id='word_1_287' title='bbox 1027 4101 1077 4152; x_wconf 82' lang='lat'><strong><em>2.</em></strong></span> <span class='ocrx_word' id='word_1_288' title='bbox 1118 4116 1167 4166; x_wconf 87' lang='lat' dir='ltr'><strong><em>q.</em></strong></span> <span class='ocrx_word' id='word_1_289' title='bbox 1206 4101 1276 4152; x_wconf 85' lang='lat'><strong><em>63</em></strong></span> <span class='ocrx_word' id='word_1_290' title='bbox 1312 4114 1360 4152; x_wconf 86' lang='lat' dir='ltr'><strong><em>a.</em></strong></span> <span class='ocrx_word' id='word_1_291' title='bbox 1400 4101 1431 4151; x_wconf 88' lang='lat'><strong>3</strong></span> <span class='ocrx_word' id='word_1_292' title='bbox 1475 4099 1543 4152; x_wconf 84' lang='lat' dir='ltr'><strong><em>ad</em></strong></span> <span class='ocrx_word' id='word_1_293' title='bbox 1587 4101 1634 4153; x_wconf 90' lang='lat'><strong><em>1.</em></strong></span> 
     </span>
     <span class='ocr_line' id='line_1_38' title="bbox 533 4178 1420 4248; baseline -0.001 -15"><span class='ocrx_word' id='word_1_294' title='bbox 533 4178 574 4244; x_wconf 65' lang='grc'><strong><em>2)</em></strong></span> <span class='ocrx_word' id='word_1_295' title='bbox 612 4178 710 4247; x_wconf 89' lang='lat' dir='ltr'><strong><em>Op.</em></strong></span> <span class='ocrx_word' id='word_1_296' title='bbox 751 4178 845 4234; x_wconf 84' lang='lat' dir='ltr'><strong><em>cit.</em></strong></span> <span class='ocrx_word' id='word_1_297' title='bbox 891 4178 939 4248; x_wconf 68' lang='grc' dir='ltr'><strong><em>ξ.</em></strong></span> <span class='ocrx_word' id='word_1_298' title='bbox 967 4179 1063 4231; x_wconf 89' lang='lat' dir='ltr'><strong><em>VI.</em></strong></span> <span class='ocrx_word' id='word_1_299' title='bbox 1101 4195 1154 4231; x_wconf 90' lang='lat' dir='ltr'><strong><em>n.</em></strong></span> <span class='ocrx_word' id='word_1_300' title='bbox 1193 4181 1227 4231; x_wconf 87' lang='lat'><strong>3</strong></span> <span class='ocrx_word' id='word_1_301' title='bbox 1265 4179 1334 4232; x_wconf 82' lang='lat' dir='ltr'><strong><em>ad</em></strong></span> <span class='ocrx_word' id='word_1_302' title='bbox 1371 4181 1420 4233; x_wconf 80' lang='lat'><strong><em>2.</em></strong></span> 
     </span>
    </p>
   </div>
   <div class='ocr_carea' id='block_1_6' title="bbox 2710 2390 2953 2494">
    <p class='ocr_par' dir='ltr' id='par_1_6' title="bbox 2710 2390 2953 2494">
     <span class='ocr_line' id='line_1_39' title="bbox 2710 2390 2953 2443; baseline 0 -11"><span class='ocrx_word' id='word_1_303' title='bbox 2710 2390 2953 2443; x_wconf 81' lang='lat' dir='ltr'><strong><em>Nepotiemi</em></strong></span> 
     </span>
     <span class='ocr_line' id='line_1_40' title="bbox 2738 2453 2944 2494; baseline 0 -1"><span class='ocrx_word' id='word_1_304' title='bbox 2738 2453 2944 2494; x_wconf 76' lang='lat' dir='ltr'><strong><em>rationes,</em></strong></span> 
     </span>
    </p>
   </div>
  </div>
 </body>
</html>
