3281 5014
358 713 552 756 Examen

323 788 453 832 proce
455 788 568 819 sssss

625 377 726 429 108
1077 375 1281 430 XXXI.
1319 376 1403 431 De
1436 376 1733 431 abolitione
1772 376 1987 432 Ordinis
2025 376 2473 446 Templariorum.

623 517 839 583 fuisse.
938 516 1108 583 Dein
1166 518 1534 582 referuntur
1586 540 1691 600 ea,
1748 541 1912 603 quae
1942 519 2239 585 Viennae
2301 520 2474 583 facta
2531 522 2713 602 sunt3
2768 540 2928 603 quo·

622 635 764 679 rum
810 615 935 680 ista
981 620 1080 679 est
1125 616 1336 680 series.

799 712 905 779 27.
968 712 1305 787 Pontifex,
1374 733 1568 796 quum
1626 711 1887 778 difficile
1947 713 2074 776 imo
2128 711 2523 796 impossibile
2585 712 2926 797 videretur,

626 809 952 893 negotium
1015 815 1082 872 et
1138 830 1497 893 processum
1558 807 2067 893 Templariorum
2131 830 2343 874 coram
2401 810 2704 873 universo
2763 807 2932 874 Con-

624 905 771 969 cilio
826 908 1136 983 tractare,
1189 904 1339 990 eligi
1398 905 1553 971 fecit
1609 928 1649 969 a
1707 905 1993 970 Concilio
2048 905 2557 970 commissionem
2615 906 2929 989 praelato·

622 1023 767 1065 rum
840 1022 919 1065 ex
986 1001 1283 1067 omnibus
1351 1002 1746 1070 nationibus.
1876 1001 2254 1068 Commissio
2316 1001 2474 1067 haec
2523 1002 2932 1068 ‘examinavit

623 1096 1059 1162 confessiones
1105 1097 1613 1182 Templariorum
1672 1099 1975 1183 scriptas,
2031 1104 2096 1163 et
2139 1099 2318 1163 varia
2373 1100 2498 1164 alia
2549 1098 2932 1164 documenta

625 1215 986 1278 processus3
1045 1194 1189 1259 dein
1253 1217 1405 1260 vero
1465 1197 1855 1261 consultatio
1914 1204 2162 1261 secreta
2221 1196 2394 1260 facta
2454 1200 2583 1277 est,
2654 1191 2934 1280 qualiter

626 1294 796 1354 esset
841 1291 1338 1374 procedendum,
1401 1314 1474 1358 eo
1521 1292 1623 1356 vel
1683 1293 1920 1378 magis,
1981 1291 2150 1377 quod
2204 1293 2410 1376 aliqui
2456 1291 2804 1377 Templarii
2854 1293 2932 1357 ad

625 1386 1064 1452 defensionem
1113 1386 1371 1453 Ordinis
1415 1410 1482 1454 se
1529 1389 1856 1454 offerrent.
1935 1388 2022 1453 Et
2066 1390 2274 1455 multo
2321 1391 2528 1473 major
2572 1412 2718 1474 pars
2765 1412 2933 1455 com·

624 1484 948 1549 missionis
979 1485 1252 1562 censuit,
1299 1485 1739 1551 defensionem
1772 1484 2001 1551 Ordini
2050 1508 2185 1551 esse
2227 1485 2718 1565 concedendam,
2767 1508 2935 1551 eum·

625 1603 748 1666 que
811 1603 923 1665 per
989 1602 1065 1645 ea
1131 1603 1296 1665 quae
1358 1580 1672 1647 hactenus
1737 1583 2006 1667 probata
2068 1588 2252 1648 erant
2305 1582 2382 1648 de
2440 1583 2812 1648 haeresibus
2870 1591 2936 1647 et

626 1678 999 1744 criminibus
1044 1678 1122 1743 de
1168 1678 1400 1763 quibus
1444 1678 1826 1764 inquisitum
1874 1684 2044 1759 erat,
2090 1681 2496 1746 condemnari
2544 1703 2679 1746 non
2723 1702 2935 1764 posse3

629 1775 742 1841 alii
807 1797 956 1840 vero
1021 1775 1194 1839 illius
1271 1776 1737 1841 commissionis
1807 1786 2133 1862 negarunt
2201 1778 2638 1854 defensionem
2710 1776 2936 1842 Ordini

628 1872 1095 1937 concedendam
1167 1893 1331 1948 esse,
1408 1876 1548 1935 tum
1617 1875 1769 1957 quia
1836 1873 1987 1937 inde
2054 1875 2299 1959 negotii
2366 1874 2645 1938 maxima
2713 1873 2936 1939 dilatio

627 1973 1038 2052 sequeretur,
1101 1974 1167 2032 et
1230 1968 1689 2034 detrimentum
1752 1992 1869 2055 pro
1932 1971 2104 2036 bello
2168 1994 2380 2044 sacro,
2442 1975 2583 2035 tum
2644 1971 2724 2036 ob
2781 1971 2938 2035 alias

629 2088 871 2132 causas.
986 2064 1087 2129 En
1149 2066 1344 2129 verba
1399 2066 1598 2149 ipsius
1656 2065 1909 2131 Bullae:
1971 2066 2110 2131 Nos
2160 2071 2312 2150 post
2360 2066 2654 2149 primam
2715 2066 2935 2132 sessio-

628 2184 805 2242 nem,
867 2182 1061 2244 quam
1115 2161 1285 2227 inibi
1331 2162 1679 2243 (Viennae)
1740 2183 1883 2228 cum
1930 2164 2121 2228 dictis
2171 2162 2633 2229 Cardinalibus
2688 2166 2750 2227 et
2794 2183 2939 2229 cum

620 2259 953 2343 praefatis
996 2258 1320 2341 praelatis
1376 2263 1436 2324 et
1479 2260 2023 2343 procuratoribus
2076 2260 2434 2337 tenuimus,
2493 2260 2568 2326 in
2611 2280 2741 2343 qua
2787 2280 2939 2325 cau-

631 2376 741 2422 sas
785 2355 1260 2423 convocationis
1307 2355 1583 2422 Concilii
1637 2357 1867 2423 iisdem
1915 2357 2229 2423 duximus
2290 2357 2725 2441 exponendae,
2782 2356 2939 2440 quia

632 2458 775 2520 erat
833 2452 1126 2537 difficile,
1189 2453 1320 2520 imo
1380 2454 1519 2536 fere
1576 2454 1997 2538 impossibile,
2051 2453 2392 2539 praefatos
2442 2454 2823 2521 Cardinales
2881 2457 2943 2519 et

631 2551 970 2617 universos
1004 2551 1340 2633 praelatos
1383 2557 1446 2616 et
1478 2556 1943 2634 procuratores
1983 2551 2059 2616 in
2095 2551 2431 2634 praesenti
2466 2550 2748 2618 Concilio
2795 2572 2940 2617 con·

627 2652 930 2732 ,qreqatos
967 2648 1054 2712 ad
1091 2649 1506 2714 tractandum
1552 2649 1628 2713 de
1672 2648 1854 2712 modo
1890 2648 2278 2731 procedendi
2323 2669 2519 2731 super
2560 2652 2622 2713 et
2664 2648 2736 2714 in
2765 2649 2941 2732 facto

633 2765 746 2810 seu
804 2745 1058 2829 neqotio
1094 2746 1402 2828 fratrum
1469 2744 1742 2810 Ordinis
1796 2745 2277 2827 praedictorum
2332 2745 2408 2810 in
2467 2749 2696 2810 nostra
2752 2764 2942 2828 prae-

631 2841 844 2907 sentia
906 2843 1269 2921 convenire,
1329 2841 1405 2905 de
1465 2841 1772 2908 mandato
1833 2847 2054 2907 nostro
2116 2843 2195 2907 ab
2249 2841 2576 2908 universis
2620 2841 2945 2924 praelatis

633 2945 696 3004 et
743 2939 1285 3023 procuratoribus
1343 2939 1416 3003 in
1478 2938 1593 3003 hoc
1653 2937 1936 3004 Concilio
1997 2938 2451 3016 existentibus,
2518 2937 2677 3003 certi
2727 2936 2944 3021 patri·

632 3035 897 3116 archae,
954 3036 1444 3119 archiepiscopi,
1492 3035 1802 3118 episcopi,
1861 3035 2119 3102 abbates
2163 3035 2442 3118 exempti
2487 3039 2547 3099 et
2593 3034 2714 3100 alii
2758 3034 2941 3099 eccle-

632 3132 885 3200 siarum
935 3133 1225 3217 praelati
1284 3138 1346 3197 et
1395 3137 1859 3215 procuratores
1911 3132 1988 3197 de
2051 3132 2377 3198 universis
2434 3131 2943 3197 christianitatis

622 3230 934 3313 partibus
989 3250 1541 3313 quarumcumque
1597 3228 2010 3312 linquarum,
2076 3229 2422 3294 nationum
2468 3234 2527 3293 et
2582 3228 2941 3312 reqionum,

631 3326 748 3408 qui
791 3327 866 3391 de
901 3326 1357 3409 peritioribus,
1417 3325 1905 3392 discretioribus
1963 3330 2024 3391 et
2068 3325 2510 3391 idoneioribus
2566 3324 2657 3393 ad
2713 3344 2945 3390 consu-

633 3423 894 3489 lendum
949 3423 1022 3488 in
1081 3423 1201 3487 tali
1258 3427 1320 3488 et
1373 3428 1555 3489 tanto
1610 3421 1866 3505 neyotio
1920 3426 1982 3487 et
2024 3421 2111 3488 ad
2155 3422 2570 3489 tractandum
2618 3442 2757 3487 una
2804 3420 2940 3486 No-

637 3521 879 3586 biscum
935 3528 997 3585 et
1050 3541 1193 3587 cum
1256 3519 1719 3586 Cardinalibus
1758 3519 2118 3602 praedictis
2173 3524 2305 3585 tam
2366 3518 2642 3585 solemne
2689 3517 2944 3602 factum

632 3622 694 3683 et
749 3616 1080 3700 neyotium
1135 3616 1551 3696 videbantur,
1613 3617 1794 3681 electi
1855 3616 2253 3682 concorditer
2310 3620 2370 3681 et
2430 3615 2751 3698 assumpti
2802 3615 2946 3697 fue-

633 3718 810 3779 runt.
869 3750 955 3759 —
1011 3715 1300 3799 Exponit
1347 3714 1527 3793 dein,
1585 3714 1734 3779 huic
1787 3715 2219 3780 commissioni
2265 3716 2534 3789 electae,
2592 3713 2661 3777 in
2712 3712 2946 3778 Cathe-

635 3812 796 3876 drali
868 3813 1157 3889 ecclesia,
1230 3820 1546 3896 quantum
1614 3812 1960 3876 voluerunt
2027 3810 2121 3876 illi
2193 3812 2489 3895 praelati,
2565 3811 2946 3874 documenta

635 3929 971 3992 processus
1042 3910 1359 3991 praelecta
1428 3908 1624 3972 fuisse
1650 3955 1665 3982 ,
1735 3913 1801 3971 et
1869 3931 1981 3990 per
2050 3908 2283 3971 multos
2346 3909 2686 3991 deputatos
2749 3905 2945 3969 etiam

333 4038 583 4082 Sententia,
636 4005 908 4070 sollicite
986 4005 1370 4068 examinata.
1499 4002 1705 4069 Porro
1776 4003 2107 4085 praefatis
2185 4002 2398 4086 iqitur
2464 3999 2945 4080 Cardinalibus,

383 4102 541 4144 variae.

630 4098 1062 4183 patriarchis,
1126 4096 1655 4182 archiepiscopis,
1715 4098 2050 4182 episcopis,
2106 4150 2119 4163 .
2169 4155 2181 4167 .
2236 4150 2249 4163 .
2305 4098 2386 4164 ab
2434 4097 2588 4163 aliis
2636 4101 2709 4164 ut
2751 4117 2945 4180 prae·
