3281 5014
679 393 783 444 438
1066 389 1323 444 XXXVI.
1361 389 1443 444 De
1481 396 1631 445 statu
1670 389 1955 444 Ecclesiae
1992 396 2261 459 vergente
2298 406 2437 445 saec.
2476 390 2594 444 XV.

681 531 1097 615 probabiliter
1163 537 1501 615 postquam
1573 532 1866 598 Calixtus
1936 532 2237 597 Pontifex
2306 533 2514 598 factus
2589 536 2721 609 est,
2799 531 2989 595 adve-

679 629 809 710 nit,
873 629 1228 710 profectum
1294 650 1433 693 esse
1497 628 1894 706 Bononiam,
1970 632 2046 692 ut
2107 628 2320 693 studia
2389 651 2502 693 sua
2571 628 2990 693 ecclesiastica

618 730 620 733 ’
679 722 1123 805 absolveret.¹)
1239 726 1291 788 A
1365 725 1619 791 Calixto
1687 725 1808 789 ΙΙΙ.
1874 748 2049 790 anno
2120 727 2311 800 1456,
2381 727 2466 790 X.
2536 724 2681 789 Kal.
2752 723 2990 801 Martii,

681 821 1029 886 Rodericus
1085 826 1186 886 est
1240 828 1491 888 creatus
1539 822 1901 887 Cardinalis
1950 822 2275 886 Diaconus
2322 821 2388 887 S.
2434 820 2689 886 Nicolai
2741 821 2808 884 in
2854 842 2990 883 car-

679 939 840 997 cere,
886 923 952 983 et
997 920 1328 1002 episcopus
1377 918 1765 984 Valentinus
1812 919 2256 1002 renuntiatum
2320 918 2546 983 Petrus
2594 939 2745 983 vero
2791 919 2991 981 frater

677 1013 880 1098 ipsius
942 1014 1071 1078 dux
1133 1015 1201 1078 in
1259 1015 1527 1081 Umbria
1588 1019 1842 1081 creatus
1907 1021 1973 1079 et
2031 1013 2193 1080 Urbi
2249 1038 2322 1080 ac
2385 1015 2582 1099 copiis
2647 1013 2990 1098 pontificiis

678 1112 1036 1194 praefectus
1083 1108 1260 1194 est.²)

411 1277 612 1349 EP3⁸t⁰¹²²
857 1281 961 1345 47.
1024 1279 1255 1345 Exstat
1312 1302 1500 1363 porro
1561 1280 2015 1345 documentum
2075 1282 2234 1346 anni
2284 1282 2485 1356 1560,
2551 1302 2628 1344 ex
2687 1302 2812 1364 quo
2869 1279 2990 1343 col-

430 1341 497 1382 Pu
525 1341 587 1382 Π
678 1379 944 1461 ligitur,
1028 1378 1297 1442 leviores
1381 1377 1577 1441 fuisse
1656 1377 1951 1442 Roderici
2030 1399 2239 1442 mores
2263 1426 2277 1452 ‚
2360 1377 2655 1442 videlicet
2727 1377 2992 1460 epistola

679 1475 780 1539 Pii
828 1473 945 1543 H..
1007 1495 1084 1537 ex
1144 1474 1395 1561 balneis
1444 1473 1709 1538 Petrioli
1757 1474 1910 1539 XII.
1972 1474 2153 1539 Junii
2200 1475 2399 1563 data,
2461 1497 2591 1558 qua
2651 1496 2792 1539 eum
2856 1496 2992 1538 mo-

678 1576 820 1635 net*
861 1576 927 1635 et
976 1571 1274 1654 corrigit.
1346 1593 1420 1634 eo
1484 1570 1656 1654 quod
1724 1572 2110 1655 gravitatem
2171 1576 2236 1635 et
2304 1571 2665 1636 decentiam
2731 1570 2990 1637 clerica-

677 1668 799 1733 lem
859 1667 1047 1733 Senis
1103 1667 1432 1732 occasione
1495 1668 1769 1751 alicujus
1831 1667 1979 1732 festi
2039 1668 2349 1733 laesisset.
2453 1668 2661 1744 Quum
2721 1668 2832 1731 illa
2891 1666 2991 1730 Pii

679 1764 979 1848 epistola,
1040 1767 1115 1827 ut
1180 1785 1385 1827 mores
1448 1768 1589 1828 tum
1656 1764 1951 1828 Roderici
2009 1769 2144 1829 tum
2217 1765 2392 1830 illius
2448 1765 2752 1848 temporis
2821 1763 2993 1848 diju-

678 1861 999 1936 dicentur,
1056 1861 1333 1924 multum
1394 1862 1715 1938 conferat,
1780 1861 2091 1945 quaedam
2157 1883 2233 1925 ex
2297 1883 2372 1925 ea
2431 1862 2630 1926 citare
2689 1864 2992 1944 opportu-

680 1979 832 2022 num
882 1957 1024 2022 erit.

860 2077 1055 2158 „Pius
1102 2077 1278 2161 Papa
1323 2076 1405 2141 11.
1457 2075 2016 2144 Vicecancellario.
2112 2078 2361 2143 Dilecte
2411 2079 2503 2143 fili
2550 2079 2822 2143 salutem
2872 2083 2994 2145 etc.

680 2174 930 2239 Nudius
987 2179 1256 2259 quartus
1320 2196 1513 2258 quum
1576 2175 1647 2239 in
1708 2175 1916 2240 hortis
1977 2176 2191 2240 dilecti
2250 2176 2363 2239 filii
2415 2174 2688 2240 Joannis
2747 2175 2825 2240 de
2881 2174 2992 2240 Bi-

681 2270 815 2337 chis
886 2271 1337 2337 convenissent
1414 2271 1693 2335 feminae
1756 2273 2108 2356 complures
2173 2272 2494 2338 Senenses
2563 2271 2644 2336 ad
2705 2273 2990 2337 saecula-

679 2391 811 2433 rem
859 2369 1216 2433 vanitatem
1248 2368 1657 2452 compositae,
1700 2369 2077 2453 audivimuS,
2124 2369 2752 2452 circumspectionem
2789 2374 2992 2446 tuam,

679 2488 905 2550 parum
973 2464 1311 2551 dignitatis
1390 2486 1580 2549 quam
1654 2466 1933 2529 sustinet
2008 2487 2383 2548 memorem,
2460 2465 2634 2531 inter
2701 2465 2841 2530 illas
2912 2465 2993 2529 ab

680 2563 837 2627 hora
904 2563 1041 2627 fere
1109 2561 1352 2627 decima
1430 2562 1703 2645 septima
1774 2585 1974 2647 usque
2052 2563 2133 2628 ad
2202 2564 2575 2648 vigesimam
2652 2564 2992 2628 secundam

681 2661 746 2737 (i.
811 2681 865 2723 e.
934 2681 972 2721 a
1032 2658 1292 2723 meridie
1354 2657 1435 2722 ab
1495 2658 1653 2723 hora
1714 2659 1778 2721 2·
1838 2659 1917 2722 ad
1978 2660 2106 2741 7⁸¹⁸)
2167 2661 2392 2738 fuisse,
2460 2665 2528 2724 et
2587 2681 2665 2723 ex
2727 2659 2991 2744 collegio

680 2761 793 2820 tuo
851 2755 1090 2820 socium
1150 2753 1449 2819 habuisse
1510 2776 1684 2832 eum,
1761 2777 1951 2839 quem
2011 2756 2064 2820 si
2126 2777 2255 2820 non
2316 2756 2521 2821 honor
2581 2754 2991 2839 Apostolicae

680 2852 895 2930 Sedis,
953 2856 1127 2916 aetas
1184 2855 1403 2916 tamen
1456 2851 1799 2917 admonere
1852 2853 2010 2917 satis
2059 2853 2254 2917 officii
2312 2854 2409 2916 sui
2466 2852 2757 2917 debebat.
2851 2851 2993 2916 Sal-

677 2953 886 3014 tatum
933 2948 1024 3012 ibi
1071 2952 1196 3023 est,
1254 2952 1329 3012 ut
1389 2950 1774 3032 accepimus,
1834 2971 1976 3014 cum
2027 2950 2201 3013 omni
2258 2949 2552 3013 licentia:
2608 2949 2804 3012 nullis
2860 2948 2995 3012 ille-

678 3047 883 3111 cebris
931 3045 1259 3110 amatoriis
1303 3067 1591 3129 parsum,
1653 3050 1852 3130 tuque
1911 3046 2105 3110 etiam
2162 3046 2336 3110 inter
2379 3046 2537 3109 haec
2592 3046 2806 3110 omnia
2862 3068 2990 3109 non

679 3153 886 3206 secus
926 3145 1248 3218 versatus,
1321 3164 1511 3225 quam
1580 3142 1632 3207 si
1701 3165 1864 3207 unus
1932 3164 2102 3206 esses
2173 3164 2250 3207 ex
2322 3142 2748 3207 saecularium
2804 3144 2989 3227 juve-

681 3261 837 3303 num
894 3237 1103 3303 turba.
1194 3237 1459 3303 Referre
1519 3239 1896 3323 singillatim
1953 3238 2172 3303 omnia
2231 3238 2458 3322 pudet,
2520 3260 2685 3323 quae
2743 3240 2811 3302 in
2872 3238 2990 3303 hoc

680 3336 819 3401 loco
883 3335 1052 3400 facta
1109 3340 1516 3419 asseruntur;
1585 3335 1712 3399 ista
1775 3356 1909 3399 non
1971 3335 2156 3400 modo
2222 3357 2320 3411 re,
2383 3335 2494 3398 sed
2558 3334 2988 3418 appellatione

680 3454 931 3517 quoque
1002 3431 1272 3515 indigna
1338 3436 1491 3496 sunt
1559 3432 1761 3516 gradu
1830 3453 2022 3515 quem
2093 3436 2295 3495 teneS.
2418 3430 2674 3508 Mariti,
2754 3434 2989 3513 patreS,

677 3529 908 3594 fratres
976 3533 1041 3592 et
1110 3528 1571 3611 consanguinei
1647 3528 2004 3612 puellarum
2076 3549 2239 3611 quae
2316 3528 2614 3604 aderant,
2690 3533 2765 3590 ut
2837 3526 2992 3590 libe-

677 3627 806 3690 rior
872 3631 1040 3690 esset
1107 3624 1287 3690 vobis
1356 3624 1737 3708 voluptandi
1802 3625 2112 3703 ferculum,
2185 3624 2266 3688 ab
2333 3625 2627 3708 ingressu
2699 3622 2992 3707 probibe-

678 3723 946 3806 bantur3
1007 3743 1119 3785 vos
1176 3720 1295 3786 soli
1352 3742 1495 3785 cum
1550 3722 1772 3804 paucis
1829 3721 2194 3787 domesticis
2250 3725 2543 3785 auctores
2604 3720 2990 3784 hortatores-

861 3964 902 4032 1>
938 3963 1020 4018 De
1054 3961 1328 4016 Bursellis
1367 3978 1449 4029 ap.
1487 3962 1784 4032 Muratori‚
1832 3967 1871 4018 t.
1912 3963 2120 4018 XXIII.
2158 3980 2210 4031 p.
2249 3966 2369 4017 888.
2414 3992 2483 4000 —
2534 3962 2740 4029 Muzzi,
2787 3962 2991 4016 Annali

677 4044 734 4098 di
772 4044 1042 4112 Bologna,
1081 4047 1121 4096 t.
1161 4042 1257 4095 IV.
1295 4058 1346 4109 p.
1384 4044 1503 4095 442.

857 4121 899 4189 ²)
940 4121 1049 4176 Cfr.
1085 4120 1355 4188 Raynald.
1396 4136 1445 4174 a.
1487 4122 1638 4175 1450.
1680 4139 1729 4174 n.
1770 4123 1836 4174 71
1876 4128 1932 4177 et
1970 4138 2018 4176 a.
2061 4122 2211 4175 1458.
2250 4138 2303 4174 n.
2340 4123 2425 4174 41.
