3281 5014
1098 492 1102 497 .
1214 411 1429 465 Electio
1469 410 1674 464 Urbani
1699 411 1794 465 VI.
2559 414 2662 466 251

330 551 452 635 pis
496 556 557 616 et
607 550 869 634 capellis
923 555 1044 616 aut
1096 550 1446 634 peditando
1503 556 1920 618 recesserunt.
1997 553 2522 639 conqueruntur,
2569 576 2663 618 se-

339 650 575 734 quenti
632 650 737 714 die
782 648 1150 729 Barensem‚
1196 649 1307 734 qui
1354 655 1754 714 remanserat
1798 651 1868 714 in
1899 651 2141 733 palatio
2188 655 2255 716 et
2299 650 2369 714 in
2401 650 2666 715 cameris

343 746 704 830 papalibus,
736 746 931 811 etiam
962 750 1064 810 ter
1091 769 1206 829 per
1233 746 1482 829 aliquos
1511 745 1805 810 dominos.
1833 746 1944 830 qui
1971 745 2049 810 de
2075 747 2234 811 urbe
2263 750 2666 812 recesserant

342 842 724 927 requisitum
773 843 949 914 nullo
995 842 1181 908 modo
1228 842 1400 906 exire
1448 842 1751 917 voluisse,
1799 847 1865 907 et
1910 842 2345 927 requisivisse,
2393 847 2467 906 ut
2513 841 2664 907 Car·

332 938 591 1004 dinales
655 939 736 1012 ad
801 939 1005 1023 ipsum
1072 940 1403 1016 venirent,
1472 959 1546 1002 ac
1616 937 1880 1003 tandem
1945 959 2181 1024 magna
2252 961 2395 1003 cum
2456 936 2664 1003 cordis

332 1034 775 1101 amaritudine
831 1039 1092 1117 propter
1145 1038 1391 1099 metum
1447 1055 1517 1098 se
1574 1055 1723 1098 eum
1778 1032 2336 1119 inthronizasse.¹)
2398 1068 2482 1080 —
2544 1034 2661 1099 Pa·

337 1155 487 1197 rum
544 1132 702 1196 haec
756 1132 989 1196 ultima
1041 1131 1305 1196 veritati
1361 1150 1717 1214 congruere
1773 1130 2106 1210 videntur,
2166 1136 2232 1195 et
2285 1131 2489 1195 multo
2536 1152 2664 1196 me·

340 1230 466 1294 lius
525 1229 697 1295 inter
758 1249 829 1292 se
889 1227 1266 1304 cohaerent,
1337 1248 1502 1312 quae
1561 1226 1849 1310 superius
1908 1228 2213 1306 vidimus,
2281 1228 2524 1292 scilicet
2583 1226 2664 1291 ad

339 1324 682 1398 Urbanum
729 1324 980 1389 misisse
1023 1324 1169 1391 illos
1199 1323 1574 1389 Cardinales
1622 1345 1701 1388 ex
1734 1321 1912 1388 Urbe
1956 1324 2347 1402 recedentes,
2396 1329 2471 1389 ut
2515 1346 2662 1388 eum

336 1426 687 1488 monerent
739 1421 818 1485 de
874 1420 1188 1504 pericu10,
1247 1425 1315 1484 et
1370 1421 1579 1504 ipsum
1627 1421 2050 1498 remansisse,
2111 1422 2401 1486 instante
2447 1420 2662 1486 Cardi-

335 1520 478 1588 nali
524 1517 589 1584 S.
641 1518 843 1600 Petri,
890 1516 1335 1581 absconditum
1388 1517 1458 1580 in
1491 1516 1837 1583 Vaticano,

520 1652 620 1717 17.
667 1651 861 1715 Modo
908 1656 981 1714 ut
1037 1670 1114 1714 ex
1161 1649 1640 1731 comparatione
1696 1650 2031 1733 utriusque
2084 1649 2418 1713 relationis
2464 1654 2530 1714 et
2580 1671 2657 1713 ex

333 1749 713 1813 narratione
759 1746 1032 1811 aliorum
1076 1745 1342 1810 testium
1407 1744 1611 1810 adhuc
1653 1746 1968 1829 quaedam
2014 1744 2446 1824 elucidentur,
2501 1745 2658 1811 haec

334 1843 550 1930 quoad
613 1849 824 1908 totum
882 1849 1185 1907 eventum
1247 1841 1532 1907 notanda
1596 1842 1970 1906 obveniunt.
2040 1878 2120 1887 --
2193 1839 2261 1905 1⁰
2313 1841 2655 1920 Tlmffllssuss

331 1941 653 2025 quosdam
702 1944 857 2030 agte
915 1940 1293 2003 electionem
1355 1944 1422 2003 et
1467 1943 1757 2022 tempore
1813 1939 2011 2021 ipsius
2058 1939 2365 2018 adfuisse,
2424 1940 2657 2005 admit-

329 2038 604 2102 tendum
653 2057 788 2100 esse
828 2056 1187 2100 censemus.
1275 2034 1398 2101 Sed
1446 2059 1485 2100 a
1522 2030 2190 2101 Cardinalibus'ffiaec
2235 2038 2501 2102 omnino
2548 2059 2659 2102 ex·

329 2138 761 2220 aggerantur3
820 2133 1124 2197 videntur
1180 2133 1354 2197 enim
1412 2154 1649 2217 magna
1697 2154 1775 2196 ex
1826 2137 2011 2216 parte
2065 2133 2216 2197 inde
2270 2135 2655 2217 provenisse,

326 2232 508 2316 quod
554 2231 772 2310 multi,
834 2230 932 2294 uti
978 2229 1045 2292 in
1095 2229 1407 2313 ejusmodi
1455 2229 1903 2293 occasionibus
1949 2230 2229 2295 accidere
2273 2231 2467 2307 solet,
2499 2232 2702 2311 ..fior-w

328 2330 494 2393 'titer
537 2313 871 2412 bib-15³9&
964 2324 1192 2390 Refert
1235 2324 1516 2390 Thomas
1562 2326 1640 2390 de
1685 2326 1974 2404 Acerno,
2029 2326 2200 2411 quod
2254 2327 2473 2411 magni
2521 2350 2656 2393 mo·

330 2425 537 2489 menti
587 2429 702 2501 est,
751 2445 964 2501 mane,
1013 2422 1326 2486 electione
1374 2422 1664 2486 nondum
1715 2422 2072 2507 publicata,
2122 2422 2444 2488 Romanos
2488 2425 2653 2488 irru-

333 2523 507 2606 pisse
565 2523 635 2586 in
697 2521 924 2586 cellam
979 2519 1294 2584 vinariam
1328 2519 1660 2601 Vaticani,
1723 2525 1919 2604 atque
1978 2521 2217 2585 bibisse
2276 2520 2654 2586 Malvasium

326 2623 404 2683 et
447 2618 600 2682 vina
644 2639 874 2703 graeca
929 2615 1486 2681 abundantissime
1545 2620 1613 2680 et
1657 2617 1994 2694 clamasse,
2054 2616 2293 2702 Papam
2341 2619 2655 2696 volumus,

334 2714 702 2780 ¹Romanum
763 2715 1077 2779 volumus,
1184 2711 1526 2778 Caeterum
1568 2713 1658 2777 in
1715 2714 2028 2796 palatium
2060 2715 2482 2792 Vaticanum,
2545 2717 2656 2798 ait,

330 2811 504 2895 ipsos
549 2832 669 2875 nec
713 2811 999 2894 potuisse
1045 2831 1165 2875 nec
1209 2810 1487 2874 voluisse
1535 2811 1905 2892 irrumpere.
1982 2810 2353 2878 Cardinales
2397 2814 2463 2878 in
2506 2834 2654 2878 con·

327 2908 478 2972 'fuso
541 2906 854 2993 ejusmodi
912 2909 1234 2971 tumultus
1287 2906 1753 2981 describentes,
1816 2905 1968 2971 inde
2023 2909 2420 2973 occasionem
2469 2932 2654 2994 cepe·

333 3009 491 3068 runt
567 3003 928 3084 asserendi,
1003 3003 1307 3086 populum
1380 3003 1655 3067 voluisse
1732 3003 2092 3088 infringere
2161 3004 2495 3070 Conclave.
2565 3044 2654 3052 —

326 3099 410 3163 ⁴2⁰
464 3099 613 3184 Ipsa
667 3100 893 3165 electio
957 3099 1125 3163 serio
1177 3103 1243 3162 et
1296 3099 1451 3163 satis
1511 3101 1865 3184 tranquille
1925 3107 2214 3184 peracta,
2274 3106 2467 3186 atque
2525 3101 2652 3166 Ba-

323 3328 422 3338 —
480 3290 554 3357 3⁰
611 3291 1158 3357 Considerandum
1223 3295 1350 3366 est,
1412 3292 1583 3375 quod
1647 3292 2020 3359 Cardinales
2081 3294 2390 3381 reticent,
2451 3295 2651 3360 ultra-

2717 1838 2965 1911 Eventuum

333 3392 679 3454 montanos
736 3390 912 3453 inter
957 3410 1024 3453 se
1082 3387 1399 3452 discordes
1452 3388 1682 3468 fuisse,
1742 3390 2028 3476 adeoque
2074 3391 2377 3456 facillime
2423 3392 2650 3456 suffra·
2727 3404 2747 3437 ’ί

322 3486 443 3569 &gia
473 3484 642 3550 Italo
688 3486 929 3568 acquiri
979 3485 1283 3568 potuisse.
1358 3484 1722 3549 Romanum
1771 3509 1961 3570 porro
2009 3489 2244 3572 eligere
2277 3489 2650 3566 noluerunt,

324 3594 475 3647 tum
533 3582 683 3665 quia
739 3603 859 3646 nec
904 3580 1266 3646 Cardinalis
1318 3579 1383 3645 S.
1429 3579 1640 3659 Petri,
1696 3604 1891 3647 senex
1946 3586 2271 3662 infirmus,
2325 3604 2447 3647 nec
2500 3582 2650 3648 Car-

322 3679 566 3744 dinalis
610 3676 862 3756 Ursini,
911 3679 1137 3763 junior
1184 3685 1250 3740 et
1296 3677 1703 3757 ambitiosus,
1753 3681 2248 3757 conveniebant,
2307 3685 2446 3744 tum
2496 3681 2649 3764 quia

320 3776 579 3840 deferre
626 3777 862 3858 populo
920 3775 1258 3848 nolebant,
1321 3796 1403 3838 ne
1449 3774 1713 3839 libertas
1774 3778 2052 3860 ipsorum
2116 3777 2416 3861 adempta
2478 3777 2649 3842 vide·

327 3879 536 3937 retur.
653 3871 899 3936 Electio
964 3872 1163 3955 igitur
1224 3868 1532 3935 Barensis
1601 3873 1878 3936 maxime
1946 3880 2309 3957 opportuna
2369 3878 2435 3938 et
2498 3896 2647 3938 con·

334 3969 603 4033 veniens
672 3969 829 4052 ipsis
899 3975 1070 4045 erat,
1146 3987 1215 4031 eo
1286 3966 1383 4030 vel
1446 3965 1685 4049 mayiS,
1761 3967 1931 4049 quod
1992 3968 2387 4051 reputabant
2450 3968 2647 4034 etiam

460 4152 463 4155 ’
513 4140 553 4206 ¹)
590 4140 699 4195 cfr.
738 4141 872 4197 haec
912 4159 998 4210 ap.
1037 4125 1387 4225 Raynaldum'
1420 4158 1466 4196 a·
1510 4143 1661 4196 1378·
1702 4160 1752 4195 ¹¹·
1795 4146 1862 4196 63
1901 4160 2016 4211 Sqq'
