3281 5014
1232 419 1581 474 Incommode
1617 425 1826 487 exorta.
2581 420 2687 472 233

348 564 423 628 in
489 561 1016 627 administrandis
1079 561 1404 627 Ecclesiae
1468 560 1660 625 rebus
1724 560 2125 645 gaudebant,
2198 581 2415 644 regum
2471 558 2670 623 Fran·

347 677 570 725 corum
631 659 799 722 votis
861 657 1111 723 facilius
1166 658 1716 743 obsequebantur,
1774 657 2087 741 pluraque
2143 656 2210 722 in
2260 678 2479 720 eorum
2531 677 2673 741 gra·

348 758 513 821 tiam
580 755 905 819 faciebant
968 759 1035 820 et
1098 754 1554 841 concedebant.
1668 752 1943 818 Romani
2005 775 2155 817 vero
2220 758 2284 817 et
2345 751 2493 817 Itali
2559 752 2669 816 ab·

348 853 628 918 sentiam
700 851 1113 928 Pontificum,
1184 854 1250 916 et
1310 852 1594 934 ipsorum
1659 850 1728 914 in
1795 848 2071 914 Galliam
2135 850 2410 933 patriam
2478 871 2670 935 aegre

348 949 635 1012 ferentes
690 946 1287 1031 praedilectionem,
1348 948 1805 1020 auctoritatem
1863 967 2080 1010 eorum
2139 945 2352 1009 minus
2408 965 2672 1009 venera-

351 1046 621 1123 bantur,
687 1049 753 1109 et
809 1044 1066 1109 decreta
1128 1047 1325 1127 atque
1385 1044 1693 1108 mandata
1754 1065 1887 1107 non
1950 1064 2026 1107 ea
2081 1064 2206 1126 qua
2263 1046 2458 1105 antea
2517 1063 2672 1107 cura

346 1140 805 1207 observabant.
897 1140 1152 1205 Pariter
1205 1139 1314 1203 alii
1370 1140 1692 1224 principes
1751 1145 1816 1203 et
1873 1139 2090 1223 populi
2150 1137 2484 1203 christiani
2538 1158 2666 1201 cer·

354 1243 616 1317 nentes,
680 1236 1027 1302 Pontifices
1082 1237 1227 1302 illos
1285 1237 1546 1320 regibus
1608 1235 1858 1300 Galliae
1920 1257 2205 1319 suaeque
2259 1236 2506 1319 patriae
2563 1235 2670 1300 de-

345 1334 521 1398 ditos
578 1338 645 1398 et
697 1334 986 1409 devotoS,
1049 1337 1379 1416 suspectos
1442 1333 1631 1397 facile
1694 1354 1800 1412 eos
1858 1332 2217 1408 habebant,
2277 1353 2397 1396 nec
2452 1332 2670 1416 eadem

346 1451 479 1514 qua
539 1432 718 1514 prius
778 1430 1196 1494 veneratione
1249 1433 1446 1513 atque
1505 1430 1878 1495 obedientia
1947 1428 2524 1513 prosequebantur.
2588 1463 2669 1473 —

346 1525 421 1592 2⁰
468 1525 547 1591 In
592 1525 873 1593 statibus
931 1526 1198 1590 ditionis
1231 1526 1622 1609 pontificiae
1679 1527 2026 1600 factioneS,
2085 1547 2249 1609 quae
2294 1525 2452 1588 alias
2496 1522 2669 1589 Pon·

345 1625 595 1688 tificum
657 1623 1021 1706 praesentia
1084 1623 1700 1705 comprimebantur,
1771 1623 1850 1686 iis
1909 1623 1991 1686 ab
2055 1621 2233 1686 Urbe
2295 1622 2670 1686 absentibus

346 1720 613 1785 liberius
668 1719 1198 1795 dominabantur,
1264 1724 1330 1782 et
1383 1718 1784 1802 principatus
1835 1720 2038 1784 civilis
2101 1717 2483 1783 Pontificum
2544 1720 2669 1784 col·

348 1817 705 1882 labebatur.
815 1816 1161 1880 Pontifices
1217 1838 1369 1880 vero
1434 1815 1512 1880 ob
1571 1816 2016 1899 perturbatam
2063 1815 2293 1879 Italiae
2357 1814 2670 1881 conditio-

346 1935 495 1978 nem
570 1934 703 1977 non
772 1913 983 1977 solum
1050 1913 1155 1975 vix
1224 1910 1391 1976 ullos
1463 1911 1614 1977 inde
1680 1912 1966 1977 redditus
2027 1912 2494 1996 percipiebant,
2564 1913 2670 1977 sed

342 2010 544 2074 etiam
593 2011 925 2096 ingentem
975 2009 1393 2093 pecuniarum
1441 2010 1570 2086 vim
1616 2009 1686 2074 in
1730 2009 2125 2074 debellandis
2171 2009 2513 2076 rebellibus
2557 2011 2660 2076 in·

340 2128 594 2172 sumere
665 2107 1002 2172 debebant.
1115 2106 1288 2170 Hinc
1352 2105 1429 2169 ad
1496 2110 1682 2170 taxas
1745 2105 2099 2171 ordinarias
2169 2111 2234 2169 et
2303 2108 2658 2172 extraordi-

347 2204 564 2268 narias
611 2226 935 2268 recurrere
990 2203 1417 2286 cogebantur,
1480 2204 1771 2285 urgendo
1819 2208 2127 2277 annataS,
2187 2205 2673 2290 exspectativaS,

348 2301 848 2378 reservationeS,
909 2296 1331 2382 provisiones,
1391 2321 1554 2384 quae
1603 2300 1827 2362 multis
1885 2300 2162 2382 querelis
2220 2321 2447 2364 ansam
2494 2323 2672 2384 prae·

347 2397 612 2461 bebant.
669 2432 755 2442 —
814 2393 885 2459 3⁰
933 2396 1112 2461 Inter
1165 2395 1636 2459 funestissimas
1685 2395 1974 2478 sequelas
2022 2393 2406 2460 residentiae
2450 2396 2673 2464 Ponti·

348 2495 540 2560 ficum
596 2494 667 2558 in
715 2492 929 2558 Gallia
981 2516 1056 2558 ea
1100 2491 1489 2578 recensenda
1544 2496 1672 2571 est,
1730 2491 1899 2576 quod
1953 2490 2357 2579 catholicitas
2413 2492 2526 2558 illa
2569 2495 2670 2559 in-

345 2598 542 2656 terna
589 2590 947 2672 Ecclesiae,
1003 2611 1131 2674 qua
1172 2590 1275 2666 fit,
1333 2593 1408 2653 ut
1463 2610 1688 2654 omnes
1745 2589 1962 2673 populi
2018 2611 2092 2654 ac
2149 2590 2448 2655 nationes
2505 2614 2672 2657 com-

350 2683 556 2753 mffffi·
581 2688 866 2752 caritatis
924 2691 990 2750 et
1044 2686 1409 2770 aequalium
1460 2686 1706 2769 jurium
1765 2684 2021 2750 vinculo
2069 2686 2413 2765 uniuntur,
2471 2689 2673 2753 veluti

346 2786 816 2873 offuscaretur,
842 2790 907 2847 et
945 2782 1411 2860 nationalismi,
1458 2783 1557 2846 uti
1602 2782 1727 2847 dici
1757 2783 1944 2860 solet,
1994 2782 2333 2848 tendentia
2379 2805 2453 2848 ac
2492 2785 2668 2868 prin-

343 2868 868 2965 ciffiffiagnam
929 2880 996 2943 in
1044 2880 1351 2944 societate
1409 2877 1758 2944 christiana
1813 2879 2221 2962 acquirerent
2274 2880 2402 2944 vim
2460 2884 2525 2946 et
2571 2881 2671 2945 in-

344 2977 615 3041 fluxum.
728 2976 938 3053 Quum
1010 2977 1181 3040 enim
1255 2974 1599 3039 Pontifices
1669 2979 1735 3038 et
1804 2974 2177 3040 Cardinales
2245 2976 2380 3040 fere
2449 2999 2671 3042 omnes

347 3077 574 3138 essent
638 3072 839 3151 Galli,
911 3070 1496 3156 praeponderantia
1556 3069 1888 3135 Gallorum
1945 3071 2186 3135 limites
2243 3073 2433 3155 aequi
2497 3095 2672 3140 exce·

347 3170 530 3250 dere,
595 3175 659 3234 et
721 3168 1011 3234 Ecclesia
1073 3169 1339 3251 ejusque
1401 3167 1878 3232 administratio
1940 3168 2336 3233 nationalem
2398 3171 2672 3252 speciem

351 3268 640 3351 accipere
696 3267 1057 3331 videbatur.
1156 3264 1364 3341 Quum
1424 3263 1668 3329 Romae
1725 3269 1940 3329 essent
1985 3263 2332 3329 Pontifices
2389 3265 2672 3350 adeoque

347 3364 502 3428 Itali
559 3364 1038 3446 praevalerent,
1097 3361 1162 3425 id
1223 3360 1383 3426 alias
1446 3361 1747 3425 nationes
1803 3382 1937 3425 non
1999 3361 2290 3426 offendit.
2396 3360 2672 3427 Ordina-

347 3461 529 3524 tione
577 3460 749 3523 enim
796 3458 1249 3523 Providentiae
1301 3456 1507 3522 Roma
1554 3457 1910 3522 constituta
1957 3462 2095 3522 erat
2144 3464 2441 3522 centrum
2492 3457 2673 3523 Chri-

343 3555 700 3635 stianismi,
759 3563 956 3639 atque
1000 3555 1156 3619 haec
1202 3553 1487 3619 Ecclesia
1531 3557 1740 3618 mater
1787 3558 1926 3618 erat
1969 3554 2384 3638 reliquarum.
2454 3553 2670 3620 Prae-

348 3661 526 3718 terea
584 3673 733 3716 vero
791 3649 1133 3717 Germanis
1186 3650 1635 3735 praerogativa
1692 3651 2116 3714 conveniebat
2173 3650 2460 3734 Imperii,
2519 3650 2671 3715 Gal-

346 3749 430 3813 lis
515 3749 963 3833 praerogativa
1038 3747 1345 3813 scientiae
1421 3750 1683 3830 propter
1759 3745 2267 3812 Universitatem
2346 3746 2671 3813 Parisien·

344 3868 518 3922 sem,
583 3850 782 3929 atque
838 3847 925 3910 sic
979 3844 1431 3929 aequilibrium
1485 3843 1709 3907 aderat
1764 3843 1941 3907 inter
1995 3844 2296 3909 nationes
2356 3846 2670 3910 maximas

351 3941 754 4007 christianas
856 3941 978 4006 Sed
1039 3941 1192 4005 dum
1247 3940 1598 4005 Pontifices
1662 3938 1834 4003 Galli
1895 3940 2232 4005 Avenione
2293 3941 2669 4018 residerent,

350 4039 431 4103 ad
478 4043 713 4102 nutum
764 4037 1093 4102 Gallorum
1143 4037 1360 4101 omnia
1404 4037 1473 4100 in
1523 4035 1811 4100 Ecclesia
1856 4036 1993 4100 fieri
2041 4036 2444 4104 videbantur.
2521 4038 2673 4102 Car-

342 4134 601 4199 dinales
649 4137 866 4198 autem
917 4132 1119 4212 Galli,
1169 4133 1496 4216 praesules
1541 4153 1614 4198 ac
1659 4131 1944 4217 theologi
1991 4133 2261 4197 istarum
2308 4134 2669 4219 regionum,
