3281 5014
1055 378 1136 432 De
1173 378 1324 433 lucta
1361 377 1628 432 Ludovici
1667 375 1892 430 Bavari.
2524 373 2625 423 197

309 529 383 590 ut
435 522 850 606 inllmperior
896 521 1402 587 confirmaretur..
1495 516 1619 582 Sed
1679 539 1877 601 quum
1934 517 2241 600 antipapa
2297 514 2405 578 ille
2462 513 2622 596 seip-

307 643 445 686 sum
503 622 641 704 jam
704 618 1042 702 poenitens
1097 616 1339 682 Joanni
1402 614 1801 692 tradidisset,
1872 635 1946 678 ac
2008 612 2285 677 schisma
2348 610 2467 675 hac
2529 632 2626 673 ra·

305 718 484 781 tione
547 738 662 800 per
719 737 786 779 se
847 713 1259 789 concidisset,
1323 711 1483 776 nihil
1544 732 1693 775 vero
1762 709 1971 795 quoad
2032 707 2626 773 Pseudominoritas

307 813 665 877 haereticos
721 810 954 895 quibus
1007 812 1276 894 junctus
1331 812 1469 871 erat
1513 806 1876 871 Ludovicus
1931 805 2357 890 promisisset,
2417 803 2621 867 visum

306 931 439 973 non
490 914 588 973 est
635 907 967 991 Pontifici,
1024 905 1296 990 principi
1355 904 1602 969 tamdiu
1647 903 1895 984 hostili,
1953 923 2027 966 ac
2079 903 2215 966 viro
2270 922 2491 984 parum
2539 899 2625 964 di—

307 1027 467 1091 gn0,
515 1004 866 1089 Imperium
917 1003 1422 1069 confirmandum
1485 1023 1647 1066 esse.
1740 1000 2030 1066 Joannes
2083 998 2406 1075 videlicet,
2459 998 2624 1077 juris

306 1102 635 1167 consultus
696 1099 1154 1185 peritissimuS,
1213 1099 1529 1183 principia
1581 1098 1748 1181 juris
1800 1099 2018 1162 severe
2075 1095 2487 1180 sequebatur,
2550 1115 2622 1158 ac

308 1203 645 1283 propterea
690 1197 1161 1281 subjectionem
1200 1193 1630 1261 omnimodam
1667 1193 1971 1258 Ludovici
2019 1191 2441 1257 necessariam
2489 1212 2623 1255 esse

299 1295 633 1379 judicavit.
728 1293 1098 1358 Declaravit
1153 1293 1387 1375 igitur,
1442 1314 1636 1375 quum
1686 1289 2051 1355 Ludovicus
2107 1288 2419 1354 haeresim
2476 1308 2619 1371 pro-

305 1397 586 1477 tegeret,
650 1412 769 1457 nec
813 1390 1323 1455 satisfactionem
1378 1389 1657 1472 aliquam
1715 1386 2172 1471 praestitisset,
2235 1383 2620 1451 conciliatio·

307 1510 452 1552 nem
512 1510 656 1553 cum
704 1489 845 1572 ipso
898 1487 1052 1550 iniri
1108 1508 1241 1550 non
1303 1507 1516 1569 posse,
1579 1505 1939 1567 novamque
2005 1483 2176 1567 regis
2240 1483 2614 1546 electionem

304 1585 566 1668 requiri.
693 1584 853 1648 Cum
928 1587 1116 1647 tanta
1194 1603 1267 1646 ac
1341 1581 1499 1645 talia
1569 1581 1839 1644 crimina
1913 1581 2048 1664 ipse
2123 1579 2189 1642 in
2264 1578 2613 1643 Ecclesiam

305 1682 681 1746 catholicam
754 1686 819 1745 et
892 1678 1113 1743 Sedem
1191 1678 1624 1762 Apostolicam
1700 1677 1946 1742 nefario
2031 1697 2191 1740 ausu
2273 1676 2616 1740 commisis-

304 1782 434 1854 set,
512 1782 586 1841 ut
660 1776 1123 1862 poenitentiam
1199 1796 1375 1839 suam
1431 1795 1647 1838 veram
1716 1773 2111 1849 ostenderet,
2191 1773 2616 1838 necessarium

304 1875 643 1940 videbatur
686 1874 1064 1937 renuntiare
1116 1871 1430 1955 imperiali
1475 1870 1811 1955 dignitati,
1883 1892 2075 1954 quam
2122 1873 2346 1934 contra
2403 1870 2618 1933 omnia

303 1972 632 2056 pontificia
678 1970 935 2035 decreta
982 1973 1047 2034 et
1094 1973 1326 2034 cuncta
1364 1968 1529 2051 juris
1575 1967 1891 2052 principia
1936 1965 2375 2033 conservabat.
2450 1965 2618 2030 Tan·

304 2068 447 2132 dem
518 2066 880 2132 Ludovicus
965 2088 1163 2150 quum
1239 2064 1561 2130 Ecclesiae
1635 2064 1911 2148 gratiam
1985 2063 2247 2147 adipisci
2322 2086 2394 2129 ac
2470 2062 2616 2127 fide·

303 2166 457 2229 lium
532 2164 979 2230 communitati
1046 2164 1302 2227 restitui
1359 2161 1756 2245 desperaret,
1824 2161 1951 2225 nisi
2016 2161 2272 2244 jactura
2339 2161 2617 2244 correpti

301 2262 557 2345 Imperii
628 2260 980 2345 praeterita
1059 2260 1345 2324 facinora
1419 2259 1737 2340 expiaret,
1823 2260 1958 2342 jam
2032 2257 2108 2322 de
2179 2258 2441 2342 Imperii
2513 2279 2615 2321 re-

303 2358 711 2422 nuntiatione
783 2356 1119 2440 cogitavit,
1191 2377 1265 2420 ac
1335 2355 1716 2420 Pontificem
1787 2354 1907 2418 hac
1980 2353 2057 2418 de
2138 2377 2207 2419 re
2280 2356 2615 2419 certiorem

303 2453 591 2519 reddidit.
701 2452 1036 2538 Sumptam
1099 2457 1319 2518 autem
1380 2472 1521 2516 eam
1583 2451 1957 2517 concordiae
2024 2452 2343 2517 rationem
2417 2451 2618 2517 refert

302 2573 443 2616 cum
515 2551 655 2616 aliis
720 2550 1133 2615 Ptolomaeus
1198 2550 1527 2631 Lucensis,
1602 2554 1679 2613 ut
1740 2547 2103 2614 Ludovicus
2173 2551 2426 2615 cederet
2490 2549 2617 2615 Im·

301 2649 504 2733 peri0,
563 2647 736 2731 quod
790 2649 856 2711 in
916 2646 1268 2712 Henricum
1328 2647 1600 2711 alterum
1657 2645 1966 2711 Bavariae
2021 2646 2243 2712 ducem
2302 2649 2617 2732 sanguine

2672 1592 2921 1643 Negotiatio

2695 1653 2747 1695 de
2773 1666 2892 1708 pace.

301 2745 398 2809 illi
438 2745 1037 2828 conjunctissimum
1084 2743 1605 2808 transferendum
1654 2743 1850 2822 foret,
1897 2749 1972 2807 ut
2016 2744 2368 2827 imperialis
2415 2743 2617 2809 honos
2714 2737 2719 2742 ’

302 2842 368 2906 in
440 2841 946 2925 praeclarissima
1014 2842 1214 2925 stirpe
1280 2839 1531 2904 Bavara
1603 2841 2014 2904 retineretur.
2038 2836 2087 2922 l)
2202 2839 2330 2906 Sed
2396 2840 2615 2924 displi-

301 2938 434 3001 cuit
496 2937 622 3002 ista
677 2958 893 3002 rerum
950 2936 1282 3020 dispositio
1341 2937 1601 3020 regibus
1663 2935 2042 3021 Hungariae
2100 2943 2167 3001 et
2221 2937 2492 3020 Apuliae
2546 2959 2619 3001 ac

302 3032 685 3098 Germaniae
732 3033 1132 3109 civitatibus,
1193 3032 1522 3115 traditque
1568 3031 1875 3121 Albertus
1922 3035 2357 3118 ArgentinuS,
2422 3036 2616 3100 etiam

300 3131 512 3213 ipsum
543 3128 936 3194 Ludovicum
972 3131 1205 3194 iterum
1235 3134 1518 3194 mutasse
1553 3120 1835 3194 mentem
1877 3152 2074 3209 suam,
2121 3153 2313 3215 quum
2346 3131 2616 3209 audiret,

301 3225 661 3292 Bohemum
718 3231 784 3291 et
835 3225 1188 3292 Henricum
1237 3227 1547 3309 jactasse,
1605 3226 1883 3291 invitum
1940 3226 2332 3293 Ludovicum
2389 3228 2459 3292 in
2518 3249 2616 3292 or-

301 3322 515 3388 dinem
584 3344 652 3386 se
706 3323 1077 3387 redacturos
1159 3344 1313 3388 esse.
1418 3321 1700 3407 Negotia
1774 3324 1975 3407 igitur
2041 3328 2370 3408 protracta
2440 3329 2617 3403 sunt,

302 3419 506 3484 donec
566 3418 855 3484 Joannes
916 3417 1172 3495 XXII.,
1234 3421 1728 3502 nonagesimum
1779 3423 1916 3503 jam
1976 3441 2208 3505 gerens
2272 3422 2443 3486 vitae
2508 3443 2618 3487 an·

301 3537 490 3592 num,
561 3537 638 3580 ex
702 3516 823 3580 hoc
886 3517 1138 3581 saeculo
1202 3515 1529 3580 discedens
1593 3538 1652 3579 a.
1717 3516 1886 3582 1334
1944 3516 2047 3580 die
2114 3515 2188 3580 4⁰
2247 3516 2617 3583 Decembris

301 3613 369 3676 in
416 3634 570 3695 pace
617 3613 880 3697 quievit.
941 3650 1023 3657 —
1081 3612 1315 3689 Quodsi
1367 3612 1531 3678 ratio
1589 3612 1827 3697 agendi
1872 3612 2145 3678 Joannis
2198 3615 2269 3679 in
2310 3616 2426 3679 lite
2471 3636 2616 3679 cum

304 3707 628 3774 Ludovico
686 3708 942 3775 Bavaro
1000 3709 1449 3794 perpenditur,
1517 3709 1638 3773 dici
1703 3709 1957 3792 quidem
2022 3715 2260 3794 potest,
2329 3712 2425 3776 uti
2478 3714 2613 3796 jam

303 3804 719 3883 advertimus,
778 3807 1345 3872 commorationem
1399 3804 1741 3871 Pontificis
1797 3807 1865 3872 in
1920 3804 2131 3872 Gallia
2191 3807 2612 3875 difficiliorem

301 3898 645 3967 reddidisse
703 3903 1315 3978 reconciliationem,
1377 3924 1450 3967 ac
1494 3901 1877 3969 Pontificem
1939 3904 2163 3970 stricta
2215 3907 2379 3991 juris
2435 3908 2616 3991 prin-

480 4111 524 4178 1)
562 4111 737 4179 Rayn.
775 4128 822 4165 a.
865 4114 1015 4165 1334.
1055 4128 1107 4164 n.
1144 4114 1230 4167 23.
