3281 5014
1031 427 1115 482 De
1151 426 1421 484 electione
1456 426 1757 484 Clementis
1785 428 1853 488 V.
2530 434 2601 487 85

286 565 543 651 quidem
600 568 793 633 variis
842 567 1142 635 Clemens
1204 574 1475 635 ornatus
1533 574 1707 647 erat,
1770 575 1837 635 et
1896 571 2067 655 quod
2127 572 2443 656 injustum
2497 574 2602 638 vel
2658 549 2714 595 V

286 663 581 748 iniquum
613 664 950 731 videbatur
994 668 1133 751 regi
1160 666 1504 732 concedere
1535 667 1902 752 recusabat3
1950 667 2061 732 sed
2106 668 2340 751 passim
2388 669 2602 770 quoad

288 759 552 844 negotia
608 760 864 843 publica
919 768 988 827 et
1034 761 1360 828 Ecclesiae
1415 763 1803 847 gubernium
1848 763 2088 852 timida
2115 764 2406 854 quadam
2451 787 2602 849 pru·

285 855 506 940 dantia
524 856 644 936 Po
645 857 881 934 ntifex
917 881 1070 941 usus
1126 865 1294 943 est,
1328 864 1396 925 et
1452 841 2001 926 transactionibus
2041 843 2279 945 potius
2327 859 2602 928 difficul-

286 932 454 1017 tates
497 954 803 1037 effugere,
843 976 1040 1039 quam
1077 957 1265 1020 firma
1304 956 1677 1022 constantia
1720 978 1828 1022 eas
1872 957 2129 1022 vincere
2174 956 2443 1024 studuit.

464 1102 525 1167 9.
588 1100 687 1165 Ex
741 1100 841 1165 his
897 1101 1102 1188 igitur
1162 1103 1329 1168 ratio
1389 1103 1621 1188 agendi
1671 1102 2025 1169 Clementis
2083 1106 2241 1170 satis
2297 1104 2600 1189 explicari

286 1204 529 1284 potest,
589 1218 801 1282 neque
846 1199 1144 1284 turpibus
1202 1200 1407 1285 pactis
1452 1199 1726 1265 adscribi
1772 1199 1996 1280 debet,
2052 1201 2222 1286 quod
2267 1203 2335 1267 in
2382 1202 2604 1267 multis

284 1296 419 1379 regi
467 1289 769 1378 Philippo
815 1295 1160 1362 obsecutus
1207 1303 1324 1362 est.
1417 1295 1787 1362 Cavendum
1835 1300 1952 1376 est,
2000 1318 2082 1363 ne
2126 1296 2601 1363 chronistarum

284 1392 793 1457 narratiunculis
849 1392 1117 1458 nimiam
1179 1393 1366 1459 fidem
1415 1392 1796 1470 habeamus,
1852 1393 1955 1459 vel
2017 1394 2155 1458 sine
2214 1395 2602 1459 necessitate

284 1488 759 1574 suppositiones
818 1489 1169 1574 fingamus,
1232 1512 1399 1574 quae
1456 1489 1765 1555 honorem
1832 1487 2270 1555 Romanorum
2332 1491 2600 1557 Pontifi-

282 1608 424 1652 cum
484 1584 772 1655 laedunt.
876 1585 1012 1669 Ipsi
1074 1587 1248 1651 enim
1304 1588 1372 1652 in
1435 1586 1946 1651 administranda
2001 1586 2286 1652 Ecclesia
2343 1588 2601 1653 univer-

283 1683 404 1748 sim
453 1705 529 1747 eo
574 1682 795 1758 modo(
829 1683 941 1766 qui
990 1704 1210 1748 eorum
1252 1704 1545 1748 summae
1573 1682 1880 1767 dignitati
1921 1684 2363 1762 conveniebat,
2411 1705 2602 1767 agere

286 1779 709 1854 studuerunt,
770 1780 1062 1863 quamvis
1120 1780 1190 1842 in
1247 1779 1437 1843 rebus
1496 1778 1864 1844 difficilibus
1917 1778 2330 1863 disponendis
2393 1781 2599 1846 varias

283 1876 608 1942 interdum
656 1876 818 1940 varii
869 1873 1215 1941 Pontifices
1261 1877 1582 1961 elegerint
1625 1876 1781 1942 vias.

463 2018 564 2082 10.
624 2014 822 2081 Gesta
866 2014 1224 2098 Clementis
1287 2019 1435 2101 post
1480 2016 1861 2081 electionem
1903 2036 2084 2080 suam
2137 2017 2276 2100 jam
2324 2015 2602 2081 breviter

280 2113 655 2180 referamus.
741 2111 1074 2180 Privatam
1133 2114 1390 2198 quidem
1447 2113 1751 2178 notitiam
1806 2112 1886 2178 de
1937 2113 2250 2178 electione
2289 2111 2603 2178 Bertran-

279 2210 399 2278 dus
443 2210 514 2275 in
559 2210 702 2293 ipsa
746 2231 876 2294 qua
920 2216 1264 2294 occupatus
1305 2214 1445 2275 erat
1490 2209 1857 2294 provinciae
1901 2231 2055 2275 suae
2100 2209 2602 2292 perlustratione

279 2308 558 2391 accepit,
619 2328 693 2371 ac
736 2307 884 2372 dein
932 2310 1078 2391 post
1122 2307 1514 2392 quindenam
1556 2304 1978 2391 Burdigalam
2024 2327 2319 2370 reversus
2364 2326 2604 2390 magna

278 2422 428 2469 cum·
489 2402 741 2468 laetitia
805 2425 924 2468 uec
986 2403 1235 2469 minore
1298 2403 1544 2470 honore
1606 2408 1901 2487 receptus
1965 2408 2085 2468 est.
2189 2401 2433 2467 Ibidem
2499 2401 2602 2467 die

279 2500 399 2566 23⁰
443 2499 487 2567 J
490 2499 607 2569 ulii
662 2499 964 2567 solemnis
1026 2500 1358 2586 deputatio
1416 2499 1685 2585 Collegii
1732 2498 2168 2566 Cardinalium
2221 2500 2281 2565 ei
2339 2498 2600 2567 electio-

279 2599 382 2664 nis
427 2598 760 2665 decretum
800 2599 1195 2677 transmisit,
1251 2598 1542 2682 illudque
1586 2597 1992 2662 Bertrandus
2038 2596 2139 2661 die
2180 2598 2480 2682 sequenti
2526 2596 2598 2661 in

282 2695 625 2779 metropoli
670 2716 789 2761 sua
832 2696 1212 2779 publicavit,
1270 2700 1526 2779 sumpto
1570 2695 1695 2759 sibi
1743 2694 2001 2760 nomine
2047 2693 2342 2760 Clemens
2373 2693 2485 2777 V.,
2528 2696 2599 2759 in

280 2792 654 2857 memoriam
712 2791 1061 2856 Clementis
1102 2791 1251 2870 IV.,
1308 2792 1422 2875 qui
1477 2791 1721 2875 pariter
1773 2812 1853 2855 ex
1900 2776 2222 2856 Gallia
2168 2744 2485 2857 oriundus
2532 2796 2598 2856 et

279 2888 419 2974 regi
461 2887 529 2953 S.
567 2885 898 2955 Ludovico
945 2888 1129 2955 valde
1173 2888 1414 2954 amicus
1459 2888 1729 2957 fuerat.
1793 2885 2162 2952 Cardinales
2207 2887 2445 2953 litteris
2494 2887 2599 2952 da·

278 2986 364 3051 tis
428 3007 612 3050 suam
672 2983 1101 3050 Sanctitatem
1166 2986 1362 3049 etiam
1426 2987 1623 3069 atque
1691 2984 1888 3048 etiam
1958 2984 2301 3067 rogabant,
2385 2988 2461 3049 ut
2515 2982 2598 3063 ad

281 3081 511 3148 Sedem
560 3081 920 3146 Romanam
967 3081 1311 3147 accederet.
1406 3078 1814 3157 Succurrite,
1866 3079 2184 3156 scribunt,
2240 3077 2598 3160 inquimuS,

279 3168 664 3255 succum-ite,
598 3164 957 3257 Tater,
980 3181 1041 3242 et
1081 3176 1529 3242 sauciatorum
1567 3174 1845 3240 vulnera
1873 3174 2400 3258 praesentialiter
2436 3195 2600 3259 pur-

275 3278 430 3361 yate
474 3272 644 3353 vino,
692 3276 753 3337 et
787 3278 1084 3356 purgata
1129 3272 1261 3338 oleo
1302 3271 1528 3355 fovete.
1614 3271 1768 3337 Non
1814 3269 2085 3337 dubium
2132 3271 2385 3381 quippe,
2434 3271 2605 3354 quod

279 3369 351 3436 in
404 3368 565 3435 Sede
610 3368 796 3434 Petri
857 3368 1221 3435 residebitis
1275 3368 1548 3451 fortior,
1612 3367 1907 3434 lucebitis
1958 3367 2229 3448 clarior,
2291 3367 2366 3433 irc
2423 3372 2604 3434 terra

282 3467 426 3550 ejus
479 3465 709 3532 vivetis
769 3465 1079 3548 quietior,
1145 3470 1205 3530 et
1260 3465 1522 3530 remotis
1582 3465 1870 3550 regibus,
1934 3463 2350 3548 principibus
2410 3469 2603 3548 atque

271 3561 544 3646 populis
587 3560 1044 3627 admirabilior
1089 3562 1292 3642 eritis,
1341 3566 1402 3627 et
1448 3561 1743 3645 ipsorum
1779 3561 2172 3627 devotionem
2220 3566 2281 3626 et
2311 3559 2602 3627 obedieu-

281 3659 447 3725 tiam
482 3657 751 3741 plenius
795 3659 1177 3741 acquiretis,
1234 3659 1309 3724 iu
1357 3666 1481 3724 sua
1536 3679 1816 3741 namque
1861 3657 2047 3723 domo
2102 3663 2197 3724 est
2248 3658 2600 3741 unusquis·

282 3775 407 3838 que
443 3754 717 3838 planeta
750 3755 1101 3837 potentior.
1191 3755 1280 3822 Iu
1324 3754 1585 3820 ecclesia
1619 3754 1904 3838 propria
1949 3754 2221 3838 quiescit
2267 3754 2415 3837 quis
2460 3755 2601 3820 dul-

282 3851 463 3918 cius:
518 3851 694 3916 ensis
732 3852 939 3935 ⁸imma
998 3852 1302 3935 capulum
1348 3851 1597 3931 minus,
1656 3851 1936 3935 ejusque
1971 3871 2137 3935 pars
2181 3871 2346 3934 quae
2389 3851 2603 3935 maqis

283 3949 490 4015 distat
545 3969 588 4014 a
643 3947 872 4032 capulo
920 3947 1078 4031 plus
1132 3947 1403 4021 incidit:
1461 3948 1605 4014 visa
1660 3949 2040 4032 frequenter
2081 3948 2240 4032 plus
2282 3968 2600 4031 spernun-

285 4050 400 4113 tur
431 4045 850 4129 persaepius,
905 4064 982 4110 ac
1022 4044 1294 4127 facilius
1339 4045 1522 4110 adita
1572 4045 1668 4111 vel
1714 4045 2010 4128 quaesita
2056 4044 2385 4110 vilescunt.
2490 4043 2600 4109 Ve-

286 4143 424 4208 nite
476 4164 629 4225 erqo
690 4146 882 4224 atque
940 4141 1185 4207 nostris
1243 4141 1315 4207 in
1374 4140 1494 4207 hac
1548 4147 1743 4227 parte
1801 4143 1966 4208 votis
2023 4141 2341 4209 assentiat
2386 4145 2602 4211 vestra

2645 2711 2686 2753 G

2687 2713 2779 2753 esta
2809 2709 2903 2753 cle-
