3281 5014
1126 422 1487 477 Pontificatus
1525 422 1578 477 S.
1616 423 1913 478 Coelestini
1938 425 2003 478 V.
2686 430 2716 479 7

409 585 485 627 eo
542 564 711 647 quod
769 563 1206 628 sacerdotibus
1267 566 1702 629 saecularibus
1769 566 1836 628 in
1891 565 2085 630 Curia
2143 566 2529 650 degentibus
2588 589 2721 630 non

405 660 650 725 fideret.
746 658 873 723 Sed
916 659 1240 741 quamviS,
1298 662 1521 725 scribit
1569 661 1979 726 Ptolomaeus
2029 662 2366 740 LucensiS,
2428 659 2722 726 Coelesti-

408 775 537 820 nus
587 756 833 837 faceret
889 775 1083 838 opera
1140 756 1352 821 sancti
1400 756 1562 836 viri,
1621 756 1780 838 quia
1826 777 1951 839 per
1995 762 2241 822 statum
2285 757 2723 840 pontificalem-

409 872 540 916 non
595 858 942 916 recesserat
995 872 1035 917 a
1084 853 1306 935 primo
1363 858 1572 932 statu,
1637 853 1749 917 sed
1803 853 2020 918 eadem
2077 853 2445 933 humilitas,
2506 854 2722 920 eadem

399 948 673 1030 puritas
710 949 1155 1030 perseveravit
1200 951 1272 1016 in
1320 949 1476 1031 ipso,
1528 949 1674 1014 licet
1709 950 1937 1014 modus
1981 950 2240 1016 vivendi
2285 955 2446 1015 esset
2488 951 2722 1014 immu-

408 1049 588 1110 tatus
641 1049 911 1127 propter
975 1045 1393 1128 diqnitatem,
1480 1046 1920 1128 decipiebatur
1983 1051 2197 1112 tamen
2257 1048 2329 1113 in
2386 1047 2525 1111 suis
2584 1047 2723 1129 offi-

411 1141 715 1221 cialibuS,
766 1146 1086 1222 quantum
1131 1143 1216 1206 ad
1256 1144 1523 1225 qratias
1569 1163 1735 1224 qaae
1778 1144 2047 1223 fiebant,
2104 1165 2380 1226 quorum
2425 1143 2564 1226 ipse
2607 1165 2724 1208 no·

409 1237 629 1304 titiam
691 1237 924 1302 habere
983 1259 1116 1304 non
1168 1244 1459 1321 poterat,
1521 1243 1661 1303 tum
1713 1245 1986 1322 propter
2042 1240 2488 1323 impotentiam
2551 1261 2724 1304 sene-

408 1335 630 1413 ctutiS,
696 1333 853 1416 qaia
913 1334 1151 1400 aetatis
1210 1335 1598 1417 decrepitae,
1666 1340 1804 1401 tum
1851 1342 2125 1420 propter
2180 1336 2723 1419 ineoeperientiam

405 1430 750 1513 reyiminis
797 1430 971 1497 circa
1000 1431 1290 1514 fraudes
1334 1437 1396 1496 et
1444 1431 1783 1498 hominum
1828 1435 2171 1513 versutiaS,
2218 1433 2289 1497 in
2339 1432 2574 1514 quibus
2617 1453 2722 1496 cu-
2744 1435 2869 1513 “geri
2905 1435 3060 1513 ΜΨ-

405 1528 548 1591 riae
612 1528 891 1593 maltum
961 1528 1217 1610 viyent,·
1302 1528 1474 1593 unde
1519 1529 2024 1595 inveniebantur
2066 1530 2327 1613 qratiae
2371 1529 2724 1610 aliquando

403 1624 622 1707 factae
669 1624 907 1703 tribua,
965 1625 1065 1690 vel
1113 1630 1424 1707 quatuor,
1482 1625 1579 1688 vel
1622 1626 1926 1707 pluribus
1961 1627 2291 1708 personis,
2347 1625 2723 1690 membrana

407 1720 600 1785 etiam
650 1741 876 1801 vacua,
926 1722 1036 1786 sed
1069 1721 1334 1787 bullata.
1410 1722 1681 1787 Romam
1733 1747 1899 1806 vere,
1947 1725 2141 1788 etiam
2175 1727 2473 1788 veniente
2504 1731 2725 1786 auctu-

407 1840 591 1895 mn0‚
653 1818 1061 1884 Coelestinus
1116 1842 1246 1885 non
1302 1820 1626 1904 profectus
1684 1824 1812 1901 est,
1877 1820 1989 1884 sed
2036 1821 2355 1886 incitante
2412 1841 2563 1904 rege
2611 1819 2725 1883 Ca-

406 1915 544 1979 rolo
618 1916 856 1978 curiam
926 1917 1266 1981 transtulit
1336 1915 1695 2000 Neapolim.
1777 1953 1857 1962 —
1933 1917 2095 1983 Filio
2163 1919 2331 2002 regis
2400 1916 2724 1981 Ludovico

407 2011 1020 2095 archiepiscopatum
1069 2013 1566 2097 Lugdunensem
1627 2017 1956 2078 concessit.
2053 2013 2409 2079 Ludovicus
2468 2013 2722 2097 quidem

409 2108 743 2174 admodum
803 2111 944 2193 pius
1003 2121 1170 2191 erat,
1231 2112 1325 2173 ita
1381 2114 1456 2173 ut
1509 2117 1736 2193 postea
1791 2111 1964 2175 inter
2019 2116 2277 2175 sanctos
2335 2111 2574 2175 relatus
2619 2111 2724 2183 sit,

409 2205 518 2268 sed
576 2206 838 2271 nonnisi
895 2207 1128 2291 viginti
1184 2228 1393 2270 annos
1450 2206 1748 2270 habebat.
1858 2206 2217 2271 Renovavit
2269 2228 2458 2290 porro
2505 2205 2723 2271 Coele·

409 2302 653 2378 stinus‚
728 2304 897 2386 quod
969 2302 1384 2367 vehementer
1460 2303 1866 2387 exasperavit
1930 2301 2330 2388 cardinales,
2404 2303 2725 2367 decretum

414 2419 736 2478 severum,
793 2399 870 2462 de
918 2399 1365 2463 Cardinalibus
1417 2395 1579 2464 Sede
1636 2405 1911 2464 vacante
1964 2401 2031 2464 in
2088 2401 2372 2465 conclavi
2434 2400 2728 2463 detinen-

410 2494 534 2576 dis,
587 2495 915 2561 conditum
970 2520 1008 2561 a
1064 2495 1377 2581 Gregorio
1417 2493 1538 2573 X.;
1597 2496 1727 2561 imo
1786 2496 2048 2579 statuit,
2103 2501 2177 2562 ut
2234 2499 2290 2576 si
2341 2519 2512 2562 mors
2559 2495 2726 2560 Pon-

410 2592 599 2656 tificis
645 2594 713 2657 in
757 2593 1002 2658 ditione
1052 2593 1265 2658 Caroli
1315 2594 1661 2671 accideret,
1722 2595 1801 2657 ad
1847 2615 1989 2658 eum
2048 2596 2396 2660 secundum
2454 2595 2728 2658 formam

412 2687 910 2755 Constitutionis
968 2690 1251 2773 ejusdem
1317 2690 1455 2774 ipsa
1514 2691 1864 2755 coarctatio
1927 2688 2360 2774 pertineret.¹)
2480 2690 2727 2774 Appro·

413 2785 765 2870 pinquante
819 2791 1035 2851 autem
1090 2791 1378 2869 tempore
1425 2787 1792 2868 Adventus,
1848 2788 2072 2852 cellam
2120 2789 2359 2853 exstrui
2406 2788 2610 2851 voluit
2661 2787 2729 2849 in

411 2883 674 2965 palatie,
744 2883 855 2947 ubi
914 2882 1110 2948 sacris
1170 2884 1823 2968 contemplationibus
1884 2884 2155 2967 pristino
2216 2906 2394 2948 more
2452 2889 2728 2959 vacaret,

412 2979 722 3064 regimine
789 2979 1111 3045 Ecclesiae
1178 2980 1438 3044 interim
1504 2980 1710 3045 tribus
1770 2980 2217 3045 Cardinalibus
2283 2979 2523 3044 relicto,
2628 2980 2727 3042 Ab

415 3076 640 3141 ultimo
688 3077 807 3143 hoe
851 3077 1123 3142 consilio
1172 3083 1391 3141 tamen
1436 3076 1690 3141 destitit
1734 3077 2175 3161 exsequendo,
2224 3098 2422 3159 quum
2469 3075 2729 3159 quidam

412 3172 785 3239 Cardinales
843 3174 1287 3256 adverterent,
1348 3173 1497 3237 inde
1557 3173 1858 3237 scandala
1909 3195 2026 3256 pro
2084 3174 2318 3256 populo
2380 3172 2730 3237 christiano

411 3292 597 3353 posse
642 3291 898 3335 exoriri.

486 3411 489 3414 ¹
590 3419 651 3483 8.
716 3416 1138 3482 Manifestum
1204 3441 1284 3482 ex
1344 3418 1442 3481 his
1498 3425 1623 3494 est,
1688 3418 2126 3483 Coelestinum
2182 3417 2375 3482 rebus
2432 3416 2730 3501 gerendis

410 3515 606 3579 fuisse
666 3536 891 3598 parum
950 3514 1270 3580 idoneum.
1381 3515 1526 3599 Ipse
1589 3537 1844 3600 quoque
1904 3535 2052 3578 mox
2121 3514 2609 3595 animadvertit,
2661 3534 2729 3577 se

412 3615 600 3675 tanto
662 3611 842 3676 oneri
901 3611 1182 3695 gerendo
1241 3612 1548 3695 imparem
1614 3633 1778 3688 esse,
1848 3634 1977 3696 qua
2043 3613 2120 3676 de
2185 3634 2254 3676 re
2322 3633 2436 3694 pro
2504 3614 2725 3674 tenera

415 3709 655 3791 pietate
715 3729 832 3771 sua
892 3728 1020 3771 non
1086 3707 1399 3772 modicum
1457 3699 1758 3773 turbatus
1820 3713 1943 3784 est3
2009 3709 2327 3793 simulque
2386 3708 2722 3772 vehemen-

414 3805 659 3869 tissime
715 3803 950 3881 doluit,
1018 3803 1191 3888 quod
1249 3805 1709 3888 multiplicibus
1768 3806 1936 3869 curis
1993 3803 2341 3870 distraetus
2402 3804 2730 3869 consuetis

415 3901 536 3985 piis
595 3901 917 3965 exercitiis
971 3921 1198 3965 vacare
1259 3922 1390 3966 non
1454 3909 1687 3985 posset.
1778 3900 1965 3966 Unde
2021 3902 2098 3966 de
2158 3901 2512 3966 abdicando
2569 3922 2724 3984 pon·

606 4071 645 4140 ¹)
683 4072 824 4128 Vide
863 4073 1132 4142 Rayn'ald.
1172 4082 1213 4130 t.
1250 4074 1399 4129 XIV.
1439 4076 1507 4129 ad
1555 4093 1603 4129 a.
1647 4078 1785 4130 1294
1820 4082 1878 4130 et
1917 4079 2160 4146 Append.
2197 4093 2250 4143 p.
2288 4079 2408 4129 634.
2447 4106 2510 4112 —-
2563 4074 2729 4127 Dam-

414 4152 629 4219 berger,
666 4151 729 4204 T.
768 4152 895 4207 XII.
934 4169 984 4220 p.
1027 4155 1144 4207 100.
1184 4160 1241 4209 et
1277 4154 1517 4208 Kritikh.
1557 4170 1607 4221 p.
1647 4158 1731 4209 20.
