3281 5014
294 796 573 839 Bonifatium.

606 407 676 458 72
1219 405 1392 459 XXX.
1430 406 1512 460 De
1547 403 1884 459 Pontificatu
1919 403 2191 460 Bonifatii
2222 403 2372 457 VIII.

784 547 884 612 78.
942 545 1145 612 Beato
1193 545 1537 613 Benedicto
1582 545 1700 610 XI.
1756 545 2063 610 successit
2112 541 2408 610 Clemens
2452 545 2545 624 V.‚
2606 545 2683 608 de
2730 546 2911 630 cujus

604 643 918 708 electione
976 647 1044 707 et
1100 644 1290 708 rebus
1331 644 1533 728 gestis
1577 644 1786 708 altera
1831 640 2302 707 Dissertatione
2344 664 2627 728 agemus.
2719 641 2913 706 Hunc

455 748 505 776 ¹¹⁸
542 735 589 778 ³¹¹
611 737 986 804 Pontificem
1041 741 1277 805 iterum
1320 739 1661 824 Philippus
1712 740 1863 805 inde
1919 739 2002 803 ab
2056 761 2228 804 anno
2273 739 2437 806 1307
2496 739 2773 804 maxime
2816 761 2912 803 ar·

606 837 810 901 ctavit
850 837 1285 921 postulatione
1332 860 1470 913 sua,
1519 842 1593 901 ut
1636 837 1704 901 in
1739 835 2159 914 Bonifatium,
2202 836 2486 900 haeresis
2535 840 2603 901 et
2643 835 2912 900 aliorum

604 935 943 998 criminum
1019 939 1384 999 accusatum
1402 982 1420 1010 ,
1501 933 1814 1019 judicium
1889 933 2368 1017 inquisitorium
2440 934 2913 998 institueretur.

604 1029 899 1094 Clemens
953 1029 1032 1095 V.
1112 1030 1367 1095 demum
1449 1030 1919 1116 quadamtenus
1987 1028 2197 1093 cessit.
2321 1029 2630 1094 Excusari
2698 1035 2912 1093 autem

603 1127 807 1210 possit
864 1125 1167 1192 Pontifex
1226 1149 1331 1204 eo,
1405 1127 1575 1212 quod
1630 1125 2024 1203 confidebat,
2082 1127 2524 1192 innocentiam
2584 1125 2914 1202 Bonifatii,

603 1244 795 1308 quem
840 1244 908 1288 se
948 1223 1188 1288 habere
1234 1224 1556 1289 insontem
1590 1224 1889 1289 Clemens
1934 1223 2376 1307 profitebatur,
2421 1223 2723 1289 facillime
2767 1245 2911 1306 pro-

606 1320 828 1383 batum
876 1319 984 1406 iri3
1041 1342 1159 1385 sua
1203 1321 1613 1385 concessione
1655 1343 1809 1386 vero
1852 1321 2183 1405 sperabat,
2232 1341 2450 1405 regem
2497 1320 2670 1404 adigi
2711 1342 2912 1403 posse,

601 1420 676 1481 ut
740 1417 939 1481 etiam
998 1418 1333 1501 inquisitio
1386 1422 1615 1483 contra
1661 1417 2057 1502 Templarios
2114 1440 2248 1482 non
2308 1416 2649 1482 arbitraria
2706 1415 2913 1500 dispo·

602 1513 841 1578 sitione
889 1514 1200 1597 Philippi,
1256 1514 1369 1578 sed
1423 1515 1718 1599 legitimo
1775 1520 1842 1579 et
1886 1516 2166 1600 regulari
2213 1513 2399 1580 modo
2443 1513 2910 1578 institueretur.

607 1608 732 1674 Per
793 1611 1009 1694 plures
1072 1611 1222 1676 dein
1284 1633 1489 1676 annos
1552 1633 1741 1676 causa
1796 1610 2111 1677 Bonifatii
2173 1633 2386 1676 coram
2441 1610 2740 1694 delegata
2803 1632 2913 1693 per

605 1705 988 1772 Pontificem
1039 1707 1499 1773 Commissione
1546 1713 1827 1773 tractata
1875 1709 2030 1787 fuit,
2087 1711 2351 1793 ejusque
2404 1713 2801 1773 accusatores
2848 1716 2912 1770 et

603 1804 970 1869 defensores
1033 1804 1258 1870 auditi.
1363 1800 1639 1889 Singula
1700 1826 1866 1889 quae
1924 1806 2045 1870 hoc
2104 1806 2175 1869 in
2234 1806 2495 1889 negotio
2541 1802 2913 1868 acciderunt

605 1900 772 1965 haud
815 1901 1186 1979 referemuS,
1233 1901 1344 1965 sed
1383 1923 1586 1985 pauca
1629 1902 1975 1967 sufficient.

784 2051 884 2115 79.
957 2051 1301 2116 Duodecim
1372 2074 1512 2117 sese
1578 2057 2079 2137 praesentarunt
2143 2052 2513 2117 defensores
2577 2051 2911 2127 Bonifatii,

602 2148 717 2234 qui
778 2169 921 2212 eum
985 2148 1065 2211 ab
1131 2148 1644 2213 accusationibus
1709 2149 1902 2232 plane
1973 2149 2153 2212 falsis
2215 2148 2654 2221 vindicabant:
2730 2169 2911 2212 accu-

601 2249 847 2310 satores
907 2249 1122 2309 autem
1185 2249 1373 2310 eraut
1431 2246 1550 2310 filii
1610 2245 1706 2310 illi
1763 2246 2163 2330 iniquitatis,
2226 2243 2597 2329 Nogaretus
2660 2250 2727 2309 et
2771 2243 2913 2308 Pla·

604 2343 823 2408 sianus
869 2363 943 2406 ac
988 2347 1120 2407 tres
1166 2343 1278 2407 alii
1325 2365 1544 2406 eorum
1575 2342 1750 2409 socii.
1827 2341 2080 2426 Ubique
2125 2343 2650 2426 conquisiverant
2693 2346 2912 2417 testeS,

603 2439 718 2524 qui
792 2444 1019 2503 contra
1092 2437 1492 2503 Bonifatium
1565 2440 1720 2524 quid
1792 2438 2143 2511 edicerent,
2237 2442 2304 2502 et
2366 2459 2569 2523 usque
2642 2437 2722 2502 ad
2783 2459 2912 2502 me·

602 2537 779 2601 dium
835 2559 1081 2601 annum
1131 2537 1300 2600 1310
1356 2536 1423 2600 in
1473 2536 1684 2601 Gallia
1740 2544 1808 2601 et
1855 2537 2045 2601 ltalia
2094 2537 2471 2602 testimonia
2516 2535 2736 2600 audita
2783 2535 2913 2599 fue·

605 2638 796 2710 runt,
859 2638 935 2697 ut
997 2633 1113 2698 tali
1175 2631 1363 2697 modo
1425 2619 1756 2717 piocessus
1818 2634 2266 2697 instrueretur.
2371 2632 2659 2697 Exstant
2719 2632 2912 2716 depo·

601 2730 871 2794 sitiones
926 2730 1199 2812 triginta
1254 2735 1497 2813 septem
1553 2732 1850 2806 testium,
1906 2732 2080 2794 inter
2134 2753 2294 2815 quos
2349 2731 2617 2795 fuerunt
2662 2727 2913 2793 circiter

601 2824 932 2891 duodecim
994 2827 1236 2905 clerici,
1299 2828 1409 2911 qui
1471 2833 1698 2891 contra
1761 2825 2160 2892 Bonifatium
2227 2827 2533 2891 immania
2604 2824 2910 2908 deposue-

604 2932 788 3002 runt,
854 2924 948 2988 ita
1015 2930 1091 2988 ut
1157 2924 1659 3002 incredulitatis,
1726 2924 2003 3007 magiae,
2074 2925 2412 2999 simoniae,
2480 2919 2914 3006 impudicitiae

607 3021 950 3098 maximae,
1021 3020 1297 3086 haeresis
1357 3025 1758 3105 argueretur.
1850 3018 1975 3084 Sed
2037 3021 2091 3083 si
2148 3020 2621 3097 consideratur,
2692 3019 2911 3104 quales

602 3118 848 3182 fuerint
903 3117 1193 3182 homines
1243 3118 1339 3183 illi
1395 3118 1507 3202 qui
1547 3116 1933 3183 Pontificem
1991 3124 2401 3194 accusarunt,
2465 3117 2517 3180 si
2575 3117 2754 3200 ipsae
2811 3136 2908 3180 ac·

598 3215 993 3299 cusatione8‚
1068 3236 1340 3300 quarum
1415 3216 1630 3298 plures
1699 3218 1853 3277 sunt
1922 3213 2393 3297 ineptissimae,
2461 3213 2912 3297 inspiciuntur,

607 3312 661 3375 si
718 3314 860 3376 tota
919 3312 1054 3376 vita
1101 3310 1413 3377 Bonifatii
1475 3316 1542 3375 et
1602 3332 1973 3375 coaevorum
2037 3311 2281 3393 optima
2342 3310 2709 3373 testimonia
2769 3330 2912 3393 per—

601 3407 1004 3492 penduntur,
1049 3412 1223 3473 certo
1267 3409 1620 3492 colligitur,
1680 3406 1842 3472 illud
1888 3408 2220 3491 negotium
2267 3406 2432 3470 nihil
2478 3406 2649 3470 aliud
2696 3405 2913 3479 fuisse,

604 3504 732 3569 nisi
801 3506 1180 3588 mysterium
1248 3503 1569 3589 quoddam
1634 3503 2019 3588 iniquitatis,
2113 3502 2425 3567 'Perversi
2494 3502 2591 3567 illi
2658 3502 2794 3584 viri
2847 3508 2913 3566 et

599 3601 956 3666 consiliarii
1021 3601 1190 3686 regis
1247 3600 1420 3665 hunc
1479 3591 1905 3683 seduxerunt,
1972 3605 2037 3664 et
2101 3622 2257 3665 auro
2320 3600 2464 3665 dein
2531 3605 2728 3664 testes
2789 3598 2911 3662 ini·

603 3698 714 3782 qui
761 3697 1058 3762 conducti
1106 3702 1280 3763 sunt.
1334 3732 1405 3741 —
1464 3695 1827 3772 Postremo,
1884 3719 2058 3761 anno
2110 3698 2305 3780 1311,
2361 3695 2693 3781 Philippus
2738 3700 2913 3760 eate-

608 3816 729 3858 nus
790 3794 1104 3859 Clementi
1169 3793 1510 3859 obsecutus
1575 3799 1699 3871 est⁴,
1769 3799 2098 3878 quatenus·
2156 3798 2366 3858 totum
2436 3793 2771 3878 negotium
2835 3791 2913 3856 de

610 3890 934 3955 Bonifatio
990 3891 1112 3975 ipsi
1172 3891 1597 3975 relinqueret,
1665 3895 1858 3973 atque
1920 3896 2076 3954 tunc
2131 3890 2533 3955 tristissimus
2595 3889 2703 3954 ille
2771 3910 2915 3973 pro-

603 4009 820 4053 cessus
870 4009 1014 4052 mox
1059 3989 1306 4070 sopitus
1353 3991 1467 4051 est.

786 4128 886 4194 80.
941 4127 1065 4194 Sed
1120 4127 1308 4213 petiit
1353 4126 1721 4211 Philippus,
1778 4134 1851 4192 ut
1895 4127 2204 4211 Pontifex
2261 4126 2642 4209 declararet,
2704 4125 2911 4209 ipsum
