3281 5014
1090 469 1173 523 De
1212 469 1455 523 Concilio
1493 469 1819 524 Basileensi.
2511 474 2613 525 357

297 634 406 676 eos
454 633 678 676 omnes
726 610 1250 694 veniadonavit3
1309 634 1423 695 pro
1470 613 1642 695 pacis
1700 618 1763 675 et
1809 613 2067 678 unionis
2112 614 2281 677 bono
2330 636 2362 676 e
2408 615 2613 697 pleni-

298 708 521 774 tudine
571 708 913 791 potestatis
962 714 1105 771 rata
1151 708 1408 789 habuit,
1467 730 1633 792 quae
1681 709 1748 772 in
1799 708 2180 774 Obedientia
2227 709 2457 774 Felicis
2502 735 2616 795 pro

300 806 713 870 contentioso
770 810 836 868 et
890 805 1317 870 conscientiae
1366 805 1505 868 foro
1558 804 1824 869 fuerant
1869 810 2157 888 peracta3
2219 828 2328 870 eos
2378 809 2488 890 qui
2536 809 2615 872 ab

299 902 593 987 Eugenio
638 902 903 966 fuerant
932 902 1259 966 beneficiis
1304 901 1542 984 privati
1574 905 1864 968 restituit
1907 905 1974 967 in
2006 905 2367 988 integrum3
2418 905 2616 968 Ama·

282 999 490 1064 -deum
546 1021 659 1065 seu
706 997 981 1063 Felicem
1029 999 1271 1062 creavit
1320 998 1724 1063 Cardinalem
1786 1001 2147 1084 episcopum
2196 999 2612 1065 Sabinensem

302 1100 366 1160 et
408 1097 693 1180 legatum
728 1095 1170 1178 Apostolicum
1218 1096 1288 1159 in
1335 1093 1677 1161 Sabaudia.
1757 1096 1891 1160 Has
1934 1096 2285 1180 dignitates
2329 1098 2382 1160 is
2430 1098 2616 1180 paulo

301 1198 449 1275 post
515 1193 867 1267 abdicavit,
946 1199 1010 1254 et
1080 1198 1404 1274 resumpta
1475 1193 1606 1258 vita
1676 1193 1966 1258 solitaria
2039 1194 2206 1277 apud
2278 1193 2616 1276 Ripaliam,

303 1313 361 1355 a.
412 1289 573 1352 1451
625 1289 861 1353 ibidem
903 1289 1083 1354 obiit.

480 1421 585 1484 23.
659 1419 800 1484 Hac
864 1421 1116 1484 ratione
1185 1421 1384 1504 igitur
1452 1420 1726 1484 schisma
1794 1421 1956 1486 illud
2027 1422 2254 1485 infelix
2320 1444 2453 1485 non
2515 1422 2621 1487 diu

303 1518 585 1591 duravit;
649 1515 1059 1581 vehementer
1105 1523 1324 1580 tamen
1377 1516 1728 1581 Ecclesiam
1783 1539 1860 1581 ex
1909 1518 2117 1582 turbis
2159 1517 2619 1583 Basileensium

304 1635 696 1709 concussam,
745 1613 1131 1677 Pontificum
1182 1635 1264 1693 ue
1279 1614 1779 1697 auctfflitateQ
1782 1615 2397 1698 1QQQ312ansse
2429 1637 2620 1678 unus·

303 1711 570 1796 quisque
626 1699 816 1773 facile
872 1709 1129 1775 sentiet.

1232 1708 1526 1773 Rebellio
1586 1732 1718 1775 non
1777 1732 2124 1793 paucorum
2183 1713 2617 1794 episcoporum

302 1812 531 1872 contra
593 1805 988 1889 Eugenium,
1059 1805 1209 1868 dum
1278 1806 1511 1888 spiritu
1572 1806 1872 1870 factionis
1934 1809 2151 1871 omnia
2206 1810 2620 1891 peragebant,

303 1909 476 1968 certe
553 1903 621 1966 in
694 1901 978 1967 Ecclesia
1046 1902 1399 1966 multorum
1478 1903 1725 1966 animos
1805 1903 2143 1977 turbabat3
2221 1926 2298 1967 ex
2371 1904 2621 1968 influxu

304 2001 562 2065 nefasto
633 1999 922 2083 pluribus
992 2000 1284 2063 centenis
1354 1999 1721 2062 clericorum
1792 2000 2168 2067 inferiorum
2237 2001 2366 2064 imo
2428 2002 2623 2065 etiam

303 2098 481 2163 laicis
550 2117 885 2177 conceSSO,
954 2097 1241 2179 profecto
1313 2096 1915 2184 perturbationem
1931 2097 2209 2179 ipsorum
2276 2099 2621 2181 principio-

305 2217 445 2258 rum
517 2194 594 2258 de
665 2194 1128 2258 constitutione
1197 2191 1519 2257 Ecclesiae
1588 2193 1793 2274 magis
1862 2194 2198 2276 magisque
2265 2196 2623 2278 propagari,

305 2313 563 2356 necesse
609 2295 768 2355 erat
863 2289 957 2354 Ut
1004 2311 1156 2354 vero
1202 2290 1402 2372 ipsius
1448 2288 1693 2372 Synodi
1738 2287 2128 2354 Basileensis
2172 2290 2383 2374 imago
2430 2313 2618 2375 quae·

306 2389 453 2451 dam
500 2371 820 2451 habeatur
861 2387 1123 2471 juvabit
1151 2385 1371 2450 audire
1418 2407 1492 2448 ea
1537 2407 1699 2469 quae
1745 2385 1814 2448 in
1852 2385 2331 2451 Constitutione
2362 2386 2650 2468 Moyses·

308 2482 395 2568 (a.
447 2482 643 2566 1439)
705 2484 857 2549 dicit
920 2483 1250 2570 Eugenius
1304 2481 1448 2546 IV.·
1510 2479 2025 2560 Basileensium,
2088 2483 2334 2567 inquit,
2396 2482 2618 2566 impie·

309 2584 505 2646 tatem
561 2580 808 2655 dudum
855 2578 1240 2663 praevidere
1286 2577 1633 2661 coepimus,
1700 2577 2218 2660 quandoquidem
2269 2579 2438 2645 illud
2482 2581 2619 2645 Ba-

308 2678 575 2743 sileense
626 2676 986 2743 Concilium
1034 2681 1190 2742 tunc
1233 2675 1657 2742 intuebamur
1695 2675 1846 2757 jam
1888 2675 1964 2741 in
2010 2676 2430 2758 tyrannidem
2467 2699 2619 2760 pro-

310 2774 470 2855 labi,
534 2774 690 2839 dum
755 2773 950 2838 multi
1007 2772 1206 2837 etiam
1269 2772 1614 2855 inferioris
1671 2772 1924 2855 ,qradus
1988 2772 2075 2837 ad
2133 2772 2302 2838 illud
2363 2773 2621 2839 venien-

310 2872 494 2951 dum,
551 2875 613 2936 et
658 2870 965 2936 standum
1014 2891 1137 2953 pro
1193 2869 1375 2935 libito
1429 2868 1744 2951 factionis
1790 2873 2205 2951 coyerentur,·
2261 2869 2416 2935 dum
2461 2892 2620 2937 non-

309 2968 644 3034 nullorum
689 2972 840 3032 vota
881 2972 939 3031 et
978 2966 1235 3051 judicia
1278 2966 1550 3031 diversis
1593 2965 1851 3031 artibus
1894 2970 2454 3048 extorquerentur,
2500 2968 2622 3033 alii

310 3065 666 3131 mendaciis
728 3068 790 3128 et
837 3064 1193 3146 fraudibus
1238 3063 1735 3142 seducerentur,·
1794 3062 1951 3127 dum
2009 3062 2620 3145 conspirationibus,

310 3160 894 3245 conjurationibuS,
938 3159 1323 3243 monopoliis
1352 3164 1414 3224 et
1453 3158 1913 3224 conventiculis
1942 3159 2164 3224 omnia
2206 3159 2513 3240 cederent,
2565 3166 2625 3225 et

299 3281 429 3343 pro
474 3258 825 3325 ambitione
857 3261 1152 3340 papatus
1181 3256 1505 3321 diuturna
1545 3256 1909 3337 protractio
1951 3255 2091 3337 ejus
2128 3255 2402 3322 Concilii
2434 3278 2623 3339 quae-

309 3357 581 3422 rebatur
594 3374 620 3436 ,·
687 3353 802 3420 ubi
863 3354 1136 3435 denique
1200 3354 1588 3419 innumerae
1655 3351 2008 3431 novitateS,
2085 3351 2624 3433 inordinationes,

310 3453 757 3535 deformitates
822 3455 883 3516 et
950 3450 1140 3533 quasi
1205 3449 1474 3530 infinita
1528 3446 1972 3531 patrabantur
2026 3449 2236 3526 mala,·
2306 3449 2392 3513 ad
2460 3470 2624 3531 quae

310 3550 510 3615 etiam
573 3548 727 3613 laici
786 3553 846 3612 et
905 3546 1119 3613 clerici
1175 3546 1365 3629 infra
1417 3565 1637 3610 sacros
1698 3544 1956 3609 ordines
2017 3546 2380 3626 constituti,
2442 3547 2625 3630 iyno-

310 3651 539 3713 rantes
549 3695 567 3726 ,
624 3644 951 3728 inexperti
962 3693 980 3724 ,
1025 3643 1279 3722 discoli,
1326 3640 1636 3725 profuyi,
1695 3645 2055 3723 apostatae,
2116 3641 2192 3706 de
2239 3642 2626 3709 criminibus

312 3741 747 3822 condemnati,
806 3741 880 3805 de
933 3738 1299 3805 carceribus
1358 3737 1718 3820 fuyientes,
1780 3737 1965 3802 nobis
2023 3742 2083 3802 et
2142 3738 2281 3803 suis
2341 3741 2626 3822 superio·

311 3840 498 3906 ribus
551 3838 839 3917 rebelles,
899 3842 959 3901 et
1014 3836 1271 3917 reliqua
1326 3834 1700 3900 istiusmodi
1756 3833 2094 3900 hominum
2139 3840 2433 3903 monstra
2482 3859 2626 3903 con·

312 3940 695 4015 currerunt,
758 3933 871 4015 qui
935 3933 1013 3998 ab
1074 3932 1239 4015 ipsis
1297 3931 1603 3997 scel-erum
1664 3931 2004 4014 mayistris
2061 3932 2134 3997 in
2196 3955 2443 3999 omnem
2493 3957 2622 3999 cor·

312 4031 683 4115 ruptionem
738 4030 935 4113 facile
993 4028 1499 4110 trahebanturst)
1628 4030 1726 4094 De
1784 4030 1918 4094 zelo
1979 4030 2233 4094 illorum
2294 4030 2623 4095 hominum

493 4204 535 4273 1)
575 4205 752 4270 Apud.
792 4204 1061 4273 Raynald.
1100 4220 1148 4257 a.
1190 4206 1325 4256 1439
1362 4219 1413 4257 n.
1453 4205 1536 4256 29.
