3281 5014
337 1141 452 1193 Quid
482 1147 542 1185 in-

277 1208 436 1246 sumre
474 1209 593 1258 pote-

297 1267 454 1308 statem
480 1269 564 1309 ter—

354 1339 515 1372 renam.

618 413 687 465 60
1194 410 1366 464 XXX.
1404 411 1485 466 De
1523 410 1861 466 Pontificatu
1898 412 2159 468 Bonifatii
2187 413 2343 467 VIII.

794 554 897 617 64.
944 553 1127 629 Quod
1172 553 1374 637 igitur
1422 553 1504 616 ad
1551 575 1627 617 ea
1672 553 1870 616 verba
1912 558 2186 636 spectat,
2224 559 2516 635 potestas
2554 555 2927 637 spiritualis

617 654 944 714 terrenam
979 652 1363 732 potestatem
1410 647 1758 713 instituere
1786 648 1993 733 habet,
2040 654 2101 713 et
2142 650 2442 731 judicare
2483 652 2543 715 si
2580 652 2747 718 bona
2793 674 2926 721 non

609 745 846 829 fuerit,
908 748 1064 811 varii
1121 753 1411 812 auctores
1467 767 1694 830 graves
1740 747 2143 823 existimant,
2206 748 2365 812 illud
2414 747 2763 816 instituere
2807 751 2927 816 hoc

613 846 754 909 loco
799 843 967 907 idem
1013 865 1151 908 esse
1204 864 1278 907 ac
1321 841 1680 921 instruere,
1737 864 1866 925 quo
1926 865 2123 908 sensu
2174 865 2401 908 revera
2444 868 2566 910 vox
2617 848 2740 917 ista
2793 847 2925 912 fre·
3001 901 3006 907 .

614 944 891 1025 quenter
941 939 1280 1004 adhibetur
1335 944 1402 1003 et
1461 939 1528 1003 in
1586 943 1898 1004 contextu
1944 938 2272 1023 aptissime
2317 940 2698 1028 recipitur.¹)
2790 943 2924 1009 Alii

613 1043 866 1113 tamen,
923 1036 1158 1121 quibus
1204 1035 1697 1119 adstipulamur,
1753 1035 1875 1100 hoc
1922 1037 2185 1100 verbum
2227 1037 2355 1102 alio
2410 1059 2526 1102 suo
2571 1060 2765 1105 sensu
2809 1061 2923 1104 na-

614 1135 749 1198 tivo
795 1155 1017 1198 revera
1063 1155 1101 1197 a
1146 1131 1476 1197 Bonifatio
1509 1131 1691 1198 VIII.
1739 1132 2026 1198 adhiberi
2071 1145 2357 1200 censent.
2435 1133 2680 1200 Verum
2727 1137 2922 1201 etiam

613 1229 735 1295 hoc
793 1231 1121 1314 supposito
1175 1229 1480 1295 Pontifex
1552 1229 1935 1294 nullatenus
1999 1230 2330 1313 exprimit,
2396 1233 2662 1314 primam
2727 1233 2923 1317 origi-

612 1348 760 1392 nem
799 1327 1138 1392 saecularis
1195 1325 1532 1410 potestatis
1591 1347 1729 1390 esse
1783 1327 1864 1390 ab
1911 1325 2226 1410 Ecclesia,
2285 1327 2396 1392 sed
2446 1333 2707 1393 tantum
2753 1334 2922 1397 certo

611 1422 888 1504 quodam
944 1441 1139 1487 sensu
1194 1423 1315 1488 hoc
1367 1421 1539 1487 dicit.
1631 1422 1710 1487 Id
1756 1423 1941 1489 facile
1996 1424 2353 1507 colligitur,
2412 1425 2467 1488 si
2515 1426 2708 1491 verba
2751 1426 2922 1492 Con-

608 1521 970 1585 stitutionis
1010 1524 1466 1603 comparantur
1494 1540 1632 1583 cum
1680 1525 1866 1583 textu
1900 1518 2194 1605 Hugonis
2239 1545 2277 1585 a
2323 1519 2390 1586 S.
2425 1521 2706 1600 Victore,
2752 1518 2921 1606 apu'd

609 1637 800 1701 quem
861 1618 1137 1701 primum
1188 1616 1315 1681 ists
1372 1618 1438 1680 et
1495 1615 1682 1697 plura
1744 1615 1872 1679 alia
1925 1638 2092 1699 quae
2146 1618 2214 1682 in
2263 1618 2453 1683 Bulla
2511 1616 2721 1683 Unam
2764 1638 2921 1684 san-

606 1715 778 1778 ctam
836 1714 1158 1778 habentur
1218 1717 1567 1777 occurrunt
1583 1759 1599 1788 ,
1667 1733 1740 1776 ac
1797 1713 1852 1776 si
1912 1733 2283 1797 progressus
2340 1717 2920 1799 argumentationis

607 1811 675 1875 in
733 1810 1212 1875 Constitutione
1267 1807 1647 1873 attenditur.
1729 1808 2046 1874 Videlicet
2092 1808 2398 1875 Pontifex
2450 1811 2529 1874 ad
2583 1810 2705 1877 hoc
2755 1813 2920 1876 allu-

608 1908 735 1983 dit,
794 1905 964 1988 quod
1010 1904 1083 1970 in
1123 1903 1324 1969 veteri
1368 1902 1653 1969 Foedere
1700 1904 1999 1986 primum
2050 1924 2094 1970 a
2139 1905 2283 1970 Deo
2315 1906 2765 1973 ‘sacerdotium
2811 1905 2914 1973 in-

606 2003 912 2069 stitutum
958 2007 1081 2080 est,
1128 2005 1357 2084 postea
1410 2020 1558 2064 vero
1605 2020 1732 2082 per
1776 2000 2232 2081 sacerdotium,
2281 2002 2553 2082 jubente
2597 2003 2768 2081 Dec,
2824 2024 2916 2068 re·

599 2099 777 2185 qalis
829 2103 1119 2183 potestas
1180 2096 1520 2175 ordinata,
1595 2099 1894 2181 quodque
1959 2099 2192 2164 exinde
2256 2100 2325 2164 in
2389 2101 2694 2165 societate
2750 2101 2921 2165 chri-

604 2199 816 2263 stiana
860 2197 1051 2262 medii
1107 2197 1248 2261 aevi
1305 2194 1651 2260 secundum
1701 2195 1811 2278 jus
1867 2195 2098 2258 sociale
2158 2196 2409 2281 vigens,
2466 2196 2749 2260 Ecclesia
2793 2216 2921 2277 per

605 2293 993 2371 unctionem,
1042 2290 1521 2356 coronationem
1568 2294 1628 2354 et
1667 2288 2164 2355 benedictionem
2203 2312 2382 2375 reyes
2428 2291 2628 2357 veluti
2672 2291 2746 2357 in
2792 2312 2918 2358 sua

594 2388 996 2472 possessione
1050 2386 1459 2464 installabat,
1521 2388 1725 2472 iisque
1780 2410 2022 2453 sacram
2082 2391 2423 2473 quamdam
2483 2395 2550 2454 et
2605 2391 2913 2474 majorem

604 2487 992 2572 dignitatem
1034 2481 1485 2567 conferebat.²)

780 2607 884 2670 65.
952 2601 1195 2667 Textus
1258 2600 1556 2684 Hugonis
1620 2624 1660 2666 a
1717 2601 1780 2668 S.
1827 2601 2090 2667 Victore
2147 2602 2242 2667 ita
2299 2601 2523 2667 habet:
2599 2600 2735 2669 ma
2790 2623 2912 2684 po·

604 2705 802 2767 testas
846 2699 1092 2764 dicitur
1137 2695 1508 2776 saecularis,
1554 2697 1687 2761 ista
1727 2697 2100 2780 spiritualis
2137 2697 2539 2768 nominatur.
2610 2698 2698 2763 In
2731 2703 2912 2765 utra·

605 2818 727 2880 que
760 2799 1077 2880 potestate
1121 2792 1363 2858 diversi
1408 2798 1564 2858 sunt
1610 2794 1865 2877 yradus
1905 2799 1967 2858 et
2012 2794 2272 2859 ordines
2307 2798 2705 2876 potestatum
2719 2843 2736 2872 ,
2792 2794 2913 2864 sub

602 2916 737 2962 uno
781 2898 999 2958 tamen
1042 2889 1373 2971 utrimque
1417 2889 1626 2973 capite
1671 2889 2036 2969 distributi,
2093 2893 2155 2954 et
2199 2889 2373 2956 velut
2426 2890 2506 2954 ab
2551 2910 2684 2955 uno
2719 2891 2913 2973 prin-

603 2990 770 3074 cipio
824 2987 1104 3068 deducti,
1168 2991 1229 3051 et
1283 2986 1371 3051 ad
1418 3006 1625 3051 unum
1690 2986 1901 3051 relati.
2027 2985 2315 3051 Terrena
2370 2990 2653 3069 potestas
2714 2990 2914 3070 eaput

601 3087 792 3153 habet
847 3107 1090 3169 reqem,
1149 3083 1523 3167 spiritualis
1572 3087 1863 3167 potestas
1910 3103 2235 3148 summum
2296 3082 2694 3163 Pontificem.
2805 3081 2914 3158 Ad

592 3188 977 3268 potestatem
1022 3183 1195 3265 reqis
1233 3180 1564 3263 pertinent
1609 3200 1774 3261 quae
1819 3184 2080 3244 terrena
2125 3184 2300 3259 sunt,
2348 3184 2409 3244 et
2454 3180 2540 3245 ad
2584 3183 2911 3246 terrenam

601 3281 807 3347 vitam
849 3281 1032 3363 facta
1073 3279 1294 3344 omnia
1308 3297 1332 3356 ,·
1377 3277 1463 3343 ad
1496 3279 1878 3359 potestatem
1923 3274 2165 3340 summi
2201 3274 2541 3356 Pontificis
2573 3274 2913 3358 pertinent

603 3399 768 3460 quae
810 3381 968 3443 sunt
1012 3374 1393 3459 spiritualia
1453 3377 1513 3436 et
1557 3372 1730 3437 vitae
1782 3369 2155 3454 spiritualis
2204 3371 2525 3438 attributa
2581 3371 2911 3438 universa.

607 3474 867 3556 Quanto
921 3477 1139 3539 autem
1192 3471 1330 3536 vita
1378 3468 1752 3553 spiritualis
1809 3468 2070 3551 diynior
2128 3472 2222 3533 est
2267 3488 2463 3550 quam
2506 3472 2793 3547 terrena,
2851 3473 2913 3533 et

779 3681 822 3747 ¹)
863 3681 956 3734 Ita
1004 3685 1192 3734 censet
1238 3680 1358 3733 Em.
1396 3678 1843 3747 Hergenrother,
1895 3677 2212 3745 AntiJanus,
2268 3693 2319 3744 p.
2371 3678 2496 3743 1363
2551 3677 2754 3732 Kirche
2799 3679 2911 3733 und

601 3761 785 3829 Staat,
836 3761 919 3815 ed.
962 3761 1009 3825 1,
1061 3774 1113 3826 p.
1165 3760 1294 3824 3023
1346 3758 1429 3812 ed.
1468 3760 1529 3822 2,
1574 3773 1625 3824 p.
1675 3758 1804 3823 3333
1855 3756 2085 3810 Bianchi
2134 3756 2196 3810 Τ.
2242 3755 2314 3809 ΙΙ.
2366 3756 2425 3810 L.
2455 3756 2549 3809 VI.
2600 3759 2731 3822 522,
2779 3758 2909 3818 5233

602 3839 876 3895 Scheeben
914 3838 1037 3892 Per.
1074 3838 1160 3890 Bl.
1200 3839 1355 3890 1869.
1390 3836 1454 3888 Β.
1491 3836 1535 3889 I.
1573 3852 1625 3904 p.
1667 3838 1796 3903 1573
1841 3836 2008 3900 Rive,
2054 3834 2311 3890 Unfehlb.
2362 3836 2458 3889 des
2494 3836 2754 3904 Papstes,
2804 3837 2912 3890 Pa-

604 3921 1054 4064 dabui-3552:
1094 4013 1148 4063 g.
1186 3994 1446 4063 Phillips,
1492 3995 1893 4049 Kirchenrecht
1936 3995 2000 4049 Β.
2036 3994 2141 4048 III.
2180 3992 2228 4062 ξ.
2270 3996 2394 4061 130;
2443 3993 2664 4048 Molitor
2699 3994 2736 4047 l.
2775 4010 2820 4048 c.
2857 4010 2908 4062 p.

606 4080 707 4131 100
734 4093 877 4145 sqq.;
918 4075 1100 4141 Perin,
1137 4074 1242 4127 Les
1278 4073 1385 4128 lois
1422 4081 1527 4129 ete.
1564 4075 1626 4128 L.
1654 4075 1729 4127 ΙΙ.
1770 4073 1852 4128 ch.
1877 4072 2000 4139 IV.;
2036 4073 2291 4138 Moulart,
2328 4071 2585 4141 L'Eglise
2622 4079 2684 4129 et
2713 4073 2909 4139 l’Etat,

600 4173 652 4224 p.
689 4157 810 4209 214.
