3281 5014
1082 420 1164 473 De
1203 419 1513 474 schismatis
1551 421 1901 476 incremento,
2545 422 2656 473 263

336 561 636 638 Quamvis
704 562 904 645 igitur
972 584 1102 626 non
1174 566 1344 626 esset
1408 563 1640 627 studiis
1712 562 2079 628 scientificis
2143 560 2506 647 theologiae
2582 564 2651 625 et

334 660 496 742 juris
543 659 834 723 canonici
879 658 1156 737 imbuta,
1215 664 1433 723 tamen
1494 658 1572 723 de
1630 660 1744 724 illo
1801 657 2144 723 schismate
2199 658 2439 742 optime
2484 658 2654 743 judi-

338 754 503 818 cium
553 755 722 820 ferre
767 755 1010 839 potuit3
1071 759 1165 831 et,
1221 756 1317 819 uti
1366 753 1622 820 Sanctis
1680 756 2013 831 convenit,
2068 775 2326 819 causam
2380 755 2654 839 legitimi

338 849 674 915 Pontificis
719 851 1017 916 omnibus
1065 851 1308 916 viribus
1350 852 1518 916 tuita
1564 857 1690 930 est,
1755 850 2151 916 adversarios
2209 856 2428 916 autem
2486 872 2656 916 acer-

338 947 498 1011 rime
554 946 987 1028 debellavitss)
1074 946 1312 1013 Sancta
1366 947 1717 1013 Catharina
1764 946 2026 1013 Suecica
2082 969 2232 1012 vero
2289 948 2474 1012 testis
2529 947 2657 1011 fuit

340 1044 596 1108 oculata
652 1065 900 1123 eorum,
967 1067 1133 1129 quae
1197 1043 1441 1109 Romae
1503 1046 1573 1109 in
1635 1046 1949 1110 electione
2011 1042 2260 1109 Urbani
2307 1042 2423 1108 VI.
2484 1044 2657 1109 facta

339 1146 523 1225 sunt3
571 1163 897 1226 quumque
944 1148 1207 1226 propter
1253 1141 1660 1206 nobilitatem
1706 1142 1963 1226 generis
2011 1142 2140 1217 sui,
2189 1143 2533 1225 pietatem,
2590 1145 2657 1204 et

341 1240 566 1302 matris
621 1239 1022 1316 memoriam,
1086 1236 1530 1303 cardinalibus
1585 1242 1653 1303 et
1710 1238 2016 1322 praelatis
2074 1243 2246 1303 esset
2291 1238 2656 1316 familiaris,

339 1356 492 1418 prae
539 1334 680 1400 aliis
722 1334 962 1418 optime
1009 1335 1172 1399 scire
1218 1335 1452 1418 potuit,
1501 1335 1660 1419 quid
1705 1335 2075 1400 Cardinales
2121 1335 2243 1419 ipsi
2290 1336 2368 1400 de
2408 1334 2659 1400 Urbani

342 1432 657 1496 electione
694 1431 1088 1516 judicarent.

515 1561 622 1628 29.
695 1562 963 1656 Carolus
1025 1560 1140 1627 IV.
1208 1561 1568 1646 Imperator
1636 1564 1905 1645 ejusque
1969 1563 2140 1626 filius
2205 1568 2272 1627 et
2338 1584 2661 1628 successor

339 1660 789 1737 Wenceslaus,
847 1681 921 1723 ac
977 1658 1341 1723 Ludovicus
1384 1658 1767 1742 Hungariae
1822 1680 1965 1741 rex,
2016 1662 2156 1722 tum
2216 1660 2336 1743 ipsi
2388 1658 2657 1740 UIQO

340 1755 620 1821 fideliter
600 1755 1142 1848 adhaeserunt,
1203 1762 1343 1819 tum
1406 1756 1562 1821 alios
1624 1756 1971 1840 principeS‚
2030 1777 2115 1820 ne
2172 1756 2253 1820 ab
2312 1778 2387 1821 eo
2433 1756 2659 1821 defice-

342 1864 519 1928 rent,
444 1841 988 1928 ΨΜθιῐ(εἱ1;ω·ι]ῑιΐ·,;
1057 1852 1167 1916 sed
1235 1853 1304 1916 in
1370 1851 1579 1917 Gallia
1643 1875 1792 1917 mox
1851 1853 2131 1917 schisma
2189 1852 2434 1917 radices
2494 1853 2656 1917 fixit.

345 1950 639 2015 Clemens
704 1949 999 2014 videlicet
1056 1949 1279 2014 statim
1341 1948 1642 2014 Carolum
1688 1948 1769 2014 V.
1837 1970 2054 2033 regem
2116 1951 2452 2015 certiorem
2518 1951 2657 2014 red·
2678 1933 2996 2037 Θῖῗξζωῐζξζ

345 2045 508 2110 didit
552 2045 631 2109 de
675 2067 792 2110 sua
841 2046 1184 2127 electione3
1238 2068 1350 2110 rex
1407 2068 1557 2110 vero
1617 2047 1907 2111 comitias
1963 2068 2298 2130 procerum
2350 2068 2656 2111 convoca·
2760 2059 2913 2099 ratum.

347 2143 438 2207 vit
469 2141 872 2219 VincennaS,
929 2147 995 2206 et
1039 2142 1140 2206 die
1191 2138 1303 2205 16⁰
1351 2141 1737 2207 Novembris
1784 2144 2160 2208 solemniter
2205 2143 2471 2227 agnovit
2520 2142 2660 2207 Cle·

345 2245 631 2303 mentem
692 2245 767 2302 ut
829 2236 1210 2303 Pontificem
1277 2235 1739 2348 legitimum&
1817 2238 2028 2303 Etiam
2096 2262 2208 2303 sex
2271 2238 2664 2319 Cardinales‚

348 2336 460 2420 qui
493 2336 832 2400 Avenione
878 2334 1286 2416 residebant,
1310 2335 1432 2418 ipsi
1467 2335 1919 2399 adhaeserunt.
1990 2334 2400 2400 Universitas
2444 2341 2661 2400 tamen

347 2431 732 2497 Parisiensis
789 2432 980 2497 initio
1043 2383 1330 2496 defendit
1383 2433 1536 2517 jura
1599 2430 1852 2497 Urbani
1883 2430 1998 2496 VI.
2015 2478 2032 2511 ,
2095 2435 2205 2517 qui
2271 2417 2390 2497 hac
2453 2433 2530 2497 de
2594 2455 2664 2498 re

349 2530 622 2613 epistola
665 2530 819 2594 data
867 2528 980 2593 XI.
1030 2528 1174 2594 Kal.
1224 2528 1596 2593 Decembris
1653 2552 1712 2594 a.
1766 2530 1931 2594 1378
1979 2531 2205 2595 multis
2261 2552 2402 2595 eam
2449 2552 2664 2594 cumu-

348 2629 444 2691 lat
495 2626 813 2691 laudibus.
911 2626 1032 2691 Sed
1088 2650 1146 2691 a.
1206 2626 1405 2704 1379,
1467 2649 1507 2691 u
1492 2632 1741 2713 „gente
1802 2648 1980 2712 rege,
2033 2627 2169 2711 jam
2227 2648 2464 2712 magna
2514 2649 2664 2711 pars

349 2726 680 2811 doctorum
728 2722 1184 2789 Universitatis
1231 2722 1642 2804 Clementem,
1685 2723 1971 2808 agnovit.
2064 2723 2205 2807 Ipse
2261 2723 2664 2808 pseudopon-

350 2822 541 2897 tifex,
604 2826 943 2905 postquam
1007 2820 1275 2884 adversa
1338 2820 1604 2884 fortuna
1665 2825 1892 2885 contra
1955 2819 2390 2884 Romanorum
2452 2820 2664 2905 copias

351 2917 696 2995 dimicavit,
743 2917 1018 3000 primum
1068 2915 1427 3000 Neapolim,
1475 2916 1623 2980 dein
1670 2938 1839 2994 vero,
1883 2939 2079 3001 quum
2131 2918 2324 2982 etiam
2369 2917 2457 2980 ibi
2503 2917 2668 3000 peri·

351 3015 718 3093 elitaretur,
773 3014 1034 3077 secessit
1080 3013 1510 3092 Avenionem,
1567 3018 1764 3098 atque
1820 3013 2053 3077 ibidem
2109 3035 2311 3097 usque
2369 3013 2449 3077 ad
2497 3035 2667 3077 mor-

352 3124 486 3176 tem
531 3133 710 3176 suam
761 3112 842 3189 (a.
894 3110 1094 3192 1394)
1141 3116 1571 3175 commoratus
1618 3114 1735 3174 est.
1817 3109 2119 3186 Quamvis
2165 3115 2383 3174 autem
2429 3130 2667 3194 magno

534 3285 576 3350 ¹)
633 3284 720 3337 Sic
776 3284 941 3338 etiam
994 3290 1239 3352 tempore
1284 3283 1622 3338 Jansenismi
1680 3299 1837 3337 nemo
1892 3282 2035 3337 forte
2085 3282 2282 3351 majori
2331 3283 2546 3338 fervore
2605 3299 2670 3337 ac

355 3363 540 3418 studio
578 3379 814 3418 errorem
862 3368 1178 3431 surgentem
1216 3368 1543 3430 prosecutus
1595 3367 1704 3428 est,
1755 3378 1913 3428 quam
1956 3362 2005 3414 S.
2032 3361 2358 3416 Vincentius
2410 3379 2443 3416 a
2478 3362 2671 3416 Pau10.

354 3445 432 3497 Et
467 3441 715 3510 quamvis
753 3442 987 3496 scientia
1026 3440 1297 3508 acquisita
1334 3458 1444 3494 non
1484 3441 1776 3507 emineret,
1816 3457 2024 3494 omnem
2064 3446 2246 3496 tamen
2284 3441 2520 3508 lapidem
2557 3457 2671 3495 mo-

355 3523 456 3589 vit,
495 3533 557 3576 ut
594 3521 877 3589 episcopos
915 3522 984 3574 ad
1021 3521 1485 3590 exstinguendum
1523 3519 1678 3573 illum
1718 3536 1959 3575 errorem
1998 3520 2283 3575 excitaret.

533 3600 577 3667 ²)
612 3600 900 3668 Principes
940 3599 1156 3654 Galliae
1192 3601 1303 3667 iam
1352 3604 1515 3653 antea
1555 3598 1925 3661 consensisse,
1971 3599 2052 3652 uti
2100 3598 2366 3664 diximus,
2413 3597 2672 3652 electioni

354 3679 644 3736 Pontificis
681 3679 902 3733 Urbano
940 3679 1273 3747 opponendi,
1311 3678 1597 3733 contendit
1631 3677 1945 3731 Bonifatius
1984 3678 2080 3732 IX.
2121 3678 2413 3745 encyclicis
2451 3677 2670 3738 litteriS,

356 3776 492 3828 quas
531 3758 682 3814 dedit
718 3775 768 3812 a.
809 3761 943 3812 1391
983 3758 1107 3813 Kal.
1146 3759 1305 3812 Mart.
1355 3758 1424 3811 ad
1470 3756 1756 3810 universos
1803 3756 2010 3811 fideles.
2088 3757 2259 3825 „Nec‚
2306 3757 2500 3811 scribit
2545 3773 2674 3825 pro·

358 3839 551 3894 cedere
588 3837 1012 3905 praesumebant
1060 3838 1129 3891 ad
1168 3837 1492 3892 electionem
1542 3836 1677 3889 dicti
1727 3836 2047 3903 antipapae,
2094 3837 2242 3903 prius
2290 3853 2450 3904 quam
2485 3852 2674 3891 assen-

358 3933 478 3972 sum
513 3916 832 3985 pestiferum
874 3916 1180 3984 principum
1221 3916 1434 3970 Galliae
1465 3915 1788 3970 habuissent
1821 3930 2036 3968 menses
2062 3915 2173 3968 VII
2211 3921 2269 3970 et
2305 3915 2536 3982 amplius
2579 3931 2675 3969 ex·
2727 3926 2733 3931 ’

359 4000 702 4063 spectantes,
755 4011 913 4063 quem
958 3994 1112 4062 impii
1157 4010 1505 4063 perversores
1551 3994 1708 4047 falsis
1753 3994 1984 4061 litteris,
2036 3995 2231 4061 quibus
2279 3996 2523 4050 eumdem
2568 3995 2670 4048 Ur-

358 4076 554 4130 banum
603 4075 844 4129 voluisse
894 4074 1108 4129 auferre
1162 4075 1342 4129 domui
1392 4073 1658 4128 Franciae
1714 4088 1943 4140 regnum
1999 4074 2323 4130 Arelatense
2375 4074 2675 4143 fingentes,

358 4160 564 4209 temere
603 4153 1003 4208 extorserunt.“
1080 4155 1182 4221 Ap.
1223 4152 1474 4207 d’Acheri
1516 4152 1771 4220 Spicileg.
1813 4153 1874 4206 Τ.
1913 4154 1955 4206 Ι.
1996 4169 2045 4219 p.
2085 4157 2205 4207 766.
