3281 5014
1093 397 1174 451 De
1214 397 1665 451 condemnatione
1703 395 1910 449 Hussii.
2540 382 2543 383 ⁷
2558 395 2662 447 333

346 540 684 605 acerrimas
744 540 820 604 ad
882 538 1235 603 Concilium
1298 538 1650 624 dirigerent
1702 538 1981 614 litteras,
2055 536 2220 601 nihil
2281 537 2358 601 de
2420 537 2662 600 violata

345 638 470 702 fide
516 637 761 701 dicunt.
839 634 1250 720 Sigismundo
1296 657 1430 700 non
1464 634 1962 718 exprobrabant,
2010 633 2179 718 quod
2223 634 2469 698 salvum
2516 654 2660 698 con·

345 734 608 799 ductum
649 733 973 808 violasset,
1021 731 1128 797 sed
1176 732 1347 816 quod
1393 732 1716 796 infensum
1762 752 1829 795 se
1877 730 2112 794 Hussio
2159 730 2560 795 ostendisset.

525 884 627 947 59.
686 883 835 966 Ipse
883 882 1169 947 Joannes
1219 880 1387 958 Hus,
1443 903 1639 965 quum
1699 879 1908 963 Praga
1963 880 2412 944 Constantiam
2470 880 2659 964 profi-

347 982 719 1056 cisceretur,
786 979 1247 1058 declaraverat,
1319 999 1387 1041 se
1453 982 1747 1061 paratum
1819 997 1952 1039 esse
2021 998 2290 1059 poenam
2363 976 2663 1040 haeretici

347 1079 563 1143 subire
610 1077 664 1140 si
711 1076 1035 1140 convictus
1084 1074 1316 1158 fuerit,
1374 1096 1449 1138 ac
1492 1073 1755 1137 talionis
1803 1094 2074 1155 poenam
2121 1096 2234 1156 pro
2281 1074 2662 1137 accusatori-

349 1178 467 1240 bus
519 1174 986 1257 postulaverat3
1036 1193 1247 1236 coram
1281 1171 1730 1235 Cardinalibus
1776 1192 1927 1234 vero
1975 1169 2245 1248 dixerat,
2292 1191 2360 1233 se
2407 1191 2659 1233 omnem

348 1272 663 1337 haeresim
709 1269 852 1335 odio
899 1268 1162 1346 habere,
1223 1273 1288 1332 et
1332 1268 1387 1333 si
1434 1289 1610 1331 error
1655 1267 1774 1350 ipsi
1823 1267 2231 1347 ostendatur,
2284 1289 2354 1330 se
2399 1267 2663 1350 obsequi

351 1370 514 1433 velle
573 1372 639 1433 et
701 1367 1167 1451 poenitentiam
1224 1387 1433 1449 agere.
1537 1364 1631 1428 Eo
1687 1366 1826 1446 ipso
1881 1364 2303 1448 agnoscebat,
2360 1366 2549 1428 etiam
2599 1386 2665 1427 se

349 1467 567 1550 puniri
633 1486 816 1548 posse
889 1466 940 1528 si
1021 1463 1316 1545 pertinax
1388 1467 1575 1526 esset.
1703 1461 1937 1524 Postea
2005 1467 2219 1525 tamen
2300 1461 2664 1543 praetendit

349 1561 478 1647 (ep.
529 1559 658 1646 54),
701 1559 1183 1646 sigismundum
1231 1561 1289 1623 ei
1335 1559 1722 1642 promisisse,
1769 1561 1844 1622 ut
1888 1555 2109 1621 salvus
2155 1556 2242 1621 ad
2282 1556 2665 1621 Bohemiam

350 1658 607 1724 rediret.
702 1657 789 1721 Et
833 1657 901 1720 in
950 1657 1077 1720 alia
1119 1656 1389 1739 epistola
1436 1651 1571 1738 (34)
1618 1654 1977 1730 contendit,
2029 1654 2512 1738 Sigismundum
2559 1657 2667 1718 de-

352 1757 563 1820 buisse
611 1754 847 1819 dicere:
901 1751 1080 1837 „Ego
1125 1751 1267 1816 dedi
1315 1752 1375 1815 ei
1421 1753 1670 1815 salvum
1717 1751 2124 1815 conductum.
2218 1747 2286 1815 Si
2335 1773 2487 1836 ergo
2532 1754 2668 1835 ipse

353 1875 486 1917 non
552 1853 690 1915 vult
753 1851 887 1933 pati
952 1848 1336 1913 decisionem
1395 1848 1693 1925 Concilii,
1763 1868 1881 1931 ego
1942 1868 2087 1910 eum
2148 1850 2472 1913 remittam
2533 1850 2668 1932 regi

350 1948 698 2014 Bohemiae
763 1968 905 2010 cum
969 1946 1299 2009 sententia
1362 1950 1576 2008 vestra
1639 1951 1707 2008 et
1771 1945 2333 2028 attestationibus,
2398 1950 2473 2009 ut
2534 1947 2669 2029 ipse

351 2068 497 2110 cum
540 2066 653 2108 suo
700 2046 868 2125 clero
914 2044 1121 2126 ipsum
1170 2042 1538 2127 dijudicet.“
1617 2041 2003 2106 Praetendit
2052 2043 2265 2123 etiam,
2313 2041 2670 2127 Sigismun-

352 2143 504 2206 dum
551 2163 662 2224 per
707 2141 939 2205 amicos
987 2162 1134 2203 eum
1180 2141 1517 2204 certiorem
1566 2138 1909 2203 reddidisse
1955 2139 2033 2202 de
2081 2139 2408 2203 audientia
2456 2162 2666 2204 coram

353 2239 640 2303 Concilio
693 2237 1025 2314 habenda,
1090 2241 1195 2315 „et
1240 2238 1291 2300 si
1342 2258 1441 2300 me
1489 2257 1620 2300 non
1681 2236 2123 2301 submitterem
2166 2235 2438 2320 jndicio,
2498 2237 2668 2319 quod

352 2336 549 2400 vellet
603 2357 705 2398 me
762 2335 1010 2397 salvum
1068 2333 1344 2418 dirigere
1391 2334 1526 2398 vice
1584 2334 1831 2397 versa.“
1928 2332 2160 2397 Petrus
2213 2332 2288 2424 de
2337 2332 2668 2397 Mladeno-

354 2434 507 2496 wicz
555 2452 811 2517 quoque
852 2430 1101 2505 innuit,
1157 2432 1543 2515 promissum
1588 2431 1788 2495 fuisse
1836 2430 2093 2513 Hussio,
2141 2434 2216 2494 ut
2264 2480 2276 2493 .
2323 2477 2336 2493 .
2383 2480 2396 2494 .
2449 2449 2480 2493 e
2525 2450 2668 2494 con-

351 2549 535 2593 verso
581 2527 794 2592 redire
840 2527 926 2592 ad
968 2526 1354 2592 Bohemiam
1386 2527 1624 2610 possit,
1685 2533 1876 2613 atque
1921 2530 1993 2592 in
2041 2529 2310 2610 epistola
2357 2529 2667 2593 nobilium

353 2627 410 2691 d.
476 2626 534 2690 d.
596 2625 668 2689 8⁰
731 2626 888 2710 Maji
951 2648 1006 2690 a.
1069 2626 1266 2701 1415,
1339 2626 1406 2690 hi
1468 2631 1958 2710 conqueruntur
2026 2625 2103 2688 de
2165 2627 2669 2690 incarceratione

354 2723 596 2798 Hussii,
645 2724 1088 2799 advertenteS,
1138 2723 1354 2787 omnia
1399 2723 1695 2788 resarciri
1740 2743 1946 2805 posse,
1994 2721 2334 2787 dummodo
2378 2721 2668 2805 Impera-

353 2823 457 2883 tor
511 2838 740 2884 curam
798 2817 1054 2897 habeat,
1125 2822 1201 2883 ut
1258 2819 1410 2885 Hus
1466 2819 1662 2884 libere
1719 2818 1793 2883 in
1839 2817 2225 2883 Bohemiam
2278 2819 2491 2884 redire
2527 2840 2670 2902 pos-

350 2915 454 2980 sit.
516 2954 603 2963 —
664 2915 789 2981 Sed
847 2915 1159 3000 ejusmodi
1220 2917 1415 2981 effata
1477 2917 1642 2982 nihil
1703 2917 1877 2980 aliud
1936 2922 2123 2992 sunt,
2192 2919 2316 2982 nisi
2372 2918 2671 3001 repetitio

353 3035 602 3091 eorum,
672 3034 836 3097 quae
895 3010 1171 3076 Hussius
1237 3013 1374 3095 ipse
1434 3014 1687 3079 dicebat
1750 3015 1820 3078 in
1885 3015 2017 3078 suis
2079 3014 2385 3097 epistolis.
2490 3014 2670 3079 Haec

352 3113 569 3174 autem
619 3131 749 3173 non
796 3110 1111 3174 censenda
1157 3115 1312 3174 sunt
1359 3132 1508 3175 vera
1554 3132 1710 3175 esse.
1791 3109 2049 3174 Etenim
2096 3133 2227 3175 non
2273 3112 2671 3177 conveniunt

352 3228 497 3270 cum
546 3206 689 3270 aliis
726 3206 952 3271 Hussii
999 3206 1184 3270 dictis
1231 3213 1297 3271 et
1343 3207 1549 3284 factis,
1597 3208 1831 3292 quibus
1881 3209 2037 3289 satis
2084 3208 2381 3289 ostendit,
2427 3231 2493 3273 se
2538 3231 2670 3273 non

352 3303 702 3387 ignorasse,
749 3305 939 3387 quod,
987 3304 1038 3367 si
1088 3325 1124 3367 a
1172 3304 1457 3368 Concilio
1504 3326 1653 3368 reus
1701 3304 2133 3390 inveniretur,
2182 3307 2379 3370 etiam
2425 3328 2670 3390 poenae

357 3398 560 3464 addici
621 3406 851 3483 posset.
872 3398 920 3483 1)
1027 3398 1477 3485 Sigismundus
1539 3421 1729 3485 porro
1792 3400 2102 3484 ejusmodi
2162 3404 2669 3485 promissionem,

353 3496 524 3579 quod
587 3498 852 3560 etiamsi·
895 3519 1041 3561 reus
1101 3497 1533 3579 inveniretur,
1606 3502 1672 3561 et
1726 3518 1794 3561 se
1856 3498 2239 3563 submittere
2300 3501 2534 3582 nollet,
2599 3502 2669 3565 in

354 3588 731 3656 Bohemiam
777 3592 1040 3670 rediret,
1101 3592 1310 3657 facere
1369 3615 1501 3658 non
1558 3598 1842 3676 poterat,
1905 3616 2103 3677 quum
2162 3596 2459 3660 omnibus
2497 3595 2669 3680 ‘juris

354 3688 880 3772 dispositionibus
937 3694 1350 3772 repugnaret.
1443 3690 1601 3755 Jure
1646 3691 1817 3753 enim
1865 3696 2122 3754 cautum
2172 3698 2339 3769 erat,
2397 3715 2479 3757 ne
2526 3696 2669 3777 quis

354 3784 745 3849 haereticum
793 3789 1188 3869 protegerem
1241 3786 1597 3851 Concilium
1646 3809 2013 3871 supremum
2063 3794 2204 3854 erat
2248 3791 2561 3873 tribunal,
2607 3797 2669 3856 et

535 3973 576 4042 ¹)
614 3975 700 4028 Ad
738 3990 1002 4030 summum
1040 3976 1238 4046 conjici
1274 3969 1479 4045 posset,
1518 3994 1584 4033 ex
1612 3979 1777 4048 vagis
1816 3979 2136 4046 quibusdam
2166 3979 2504 4049 Sigismundi
2541 3979 2668 4033 effa·

352 4053 429 4107 tis
469 4054 648 4109 obiter
683 4056 873 4121 dictis,
920 4057 1161 4112 asseclas
1199 4058 1390 4112 Hussii
1437 4058 1574 4112 talia
1612 4058 1906 4127 collegisse
1945 4065 2002 4114 et
2041 4061 2305 4129 magistro
2343 4065 2405 4113 ut
2440 4059 2668 4126 promis·

356 4133 539 4188 siones
575 4133 912 4203 sigismundi
946 4142 1407 4204 repraesentasse.

2760 892 2912 934 Hussii

2716 953 2955 994 fluctuatio.
