3281 5014
555 402 658 453 296
1040 459 1049 468 ⁸
1149 400 1400 457 XXXIV.
1439 401 1522 455 De
1560 400 1804 455 Concilio
1842 401 2267 456 Constantiensi.

215 552 540 606 GregoriiXII-
558 542 690 607 rius
760 564 891 606 non
963 533 1357 625 agnoscebat
1417 547 1490 605 ut
1554 543 1944 627 legitimum,
2011 551 2085 609 ut
2148 566 2272 627 pax
2338 542 2658 608 Ecclesiae
2724 542 2863 607 red-

314 618 450 667 gesta.
556 638 832 704 deretur.
957 639 1122 703 Tum
1191 638 1604 724 Sigismundo
1681 643 1820 704 tum
1895 639 2222 723 deputatis
2297 641 2638 705 nationum
2714 638 2863 704 dein

555 735 835 820 aperuit.
897 736 1301 819 plenissimas
1355 758 1423 800 se
1480 736 1790 819 accepisse
1845 759 1882 800 a
1934 736 2243 801 Pontifice
2298 736 2600 801 cessionis
2660 736 2864 800 facul-

551 835 742 907 tates,
788 831 1125 896 dummodo
1157 832 1629 896 conditionibus
1677 833 2056 917 quibusdam
2103 833 2605 916 acquiescerent.
2697 832 2861 897 Con·

554 927 834 993 ditiones
899 928 1050 993 illae
1119 928 1427 992 admissae
1496 934 1674 994 sunt.
1784 928 2134 1014 Gregorius
2203 920 2649 1013 procuratores
2718 950 2865 993 suos

554 1025 1002 1089 nominaverat
1080 1024 1403 1090 Joannem
1470 1024 1874 1090 cardinalem
1947 1027 2351 1110 Ragusinum
2431 1031 2498 1089 et
2563 1024 2863 1090 Carolum

555 1121 992 1201 Malatestam,
1057 1144 1131 1186 ac
1191 1123 1565 1187 facultatem
1619 1121 1911 1201 dederat,
1973 1127 2047 1187 ut
2107 1129 2497 1187 conventum
2556 1121 2865 1187 Constan-

554 1220 825 1283 tiensem
889 1241 927 1282 a
987 1215 1426 1302 Sigismund0‚
1484 1209 1617 1281 non
1679 1240 1831 1282 vero
1895 1242 1932 1283 a
1993 1218 2407 1283 Balthassare
2468 1217 2665 1283 Cossa
2722 1215 2864 1301 (Jo-

555 1337 725 1379 anne
769 1312 1040 1395 XXIII.)
1085 1322 1538 1391 convocatum,
1597 1314 1809 1379 denuo
1868 1316 1932 1381 in
1994 1316 2186 1380 finem
2243 1315 2668 1380 abdicationis
2714 1336 2866 1379 suae

554 1418 1010 1489 convocarent,
1075 1433 1148 1475 ac
1210 1409 1454 1493 synodo
1519 1412 1970 1477 auctoritatem
2038 1411 2306 1476 Concilii
2370 1412 2690 1495 generalis
2754 1412 2864 1475 tri·

552 1509 855 1583 haerent,
920 1509 1012 1572 ita
1073 1512 1289 1571 tamen
1356 1512 1424 1571 ut
1473 1507 1673 1573 Cossa
1738 1531 1857 1574 nec
1916 1509 2118 1573 eidem
2180 1507 2569 1592 praesidere,
2636 1529 2751 1573 nec
2808 1510 2866 1571 ei

554 1604 772 1670 adesse
828 1608 1063 1688 posset.
1121 1639 1209 1649 —
1264 1603 1544 1670 Sessioni
1614 1605 1897 1671 decimae
1966 1611 2228 1691 quartae
2279 1606 2482 1689 igitur
2548 1604 2867 1688 praesedit

555 1699 1023 1786 Sigismnndus,
1071 1707 1136 1765 et
1181 1699 1539 1766 Cardinalis
1586 1702 1958 1786 Ragusinus
1995 1702 2350 1767 Concilium
2398 1703 2659 1766 nomine
2707 1700 2867 1765 Gre-

553 1798 719 1884 gorii
782 1798 1053 1862 solemni
1117 1798 1394 1862 formula
1457 1803 1531 1861 ut
1594 1799 1896 1883 generale
1957 1799 2330 1863 convocavit
2404 1803 2470 1861 et
2537 1797 2867 1862 confirma-

554 1896 666 1959 vit.
778 1893 971 1958 Edita
1037 1899 1193 1959 tunc
1266 1895 1515 1959 sanctio
1591 1896 1750 1971 fuit,
1820 1917 1976 1980 qua,
2037 1895 2315 1960 fidelium
2385 1892 2864 1959 multitudinem

552 2012 721 2075 quae
784 1989 1108 2055 Joannem
1168 1990 1409 2054 XXIII.
1479 1997 1865 2076 agnoverat,
1930 1997 1995 2056 et
2059 1994 2326 2056 alteram
2390 2014 2555 2077 quae
2620 1989 2866 2074 Grego-

555 2088 718 2152 rium
784 2086 934 2152 XII.
1003 2087 1289 2152 coluerat
1355 2089 1476 2151 sub
1540 2111 1668 2153 uno
1739 2090 1947 2172 capite
2009 2088 2263 2153 Christo
2323 2095 2549 2152 mutuo
2613 2087 2868 2151 foedere

550 2184 933 2266 coalescere,
990 2184 1497 2268 promulgatum,
1553 2189 1619 2249 et
1678 2186 2049 2251 convocatio
2097 2208 2134 2249 a
2181 2185 2490 2269 Gregorio
2546 2185 2719 2249 facta
2765 2182 2868 2246 ad·

557 2281 749 2345 missa
795 2285 920 2351 est.
969 2280 1307 2345 formulam
1358 2281 1617 2364 legente
1664 2280 2162 2347 Bartholomaeo
2207 2281 2683 2365 archiepiscopo
2728 2279 2867 2343 Me·

554 2377 929 2442 diolanensi.
1047 2375 1125 2444 In
1193 2376 1411 2440 eadem
1470 2377 1731 2442 dicitur:
1809 2376 2239 2443 Sacrosancta-
2303 2376 2632 2460 qeneralis
2694 2374 2864 2458 Syn-

550 2471 716 2538 odus
778 2472 1319 2551 ConstantienSiS,
1384 2525 1396 2538 .
1460 2524 1472 2537 .
1534 2523 1547 2538 .
1606 2477 1683 2539 ut
1741 2473 1907 2539 istae
1964 2473 2130 2540 duae
2194 2472 2632 2552 Obedientiae,
2697 2470 2864 2537 vide-

551 2570 700 2635 licet
755 2570 876 2635 illa
932 2590 1096 2652 quae
1150 2570 1494 2653 profitetur
1552 2571 1875 2636 Joannem
1938 2571 2213 2638 XXIII.
2270 2571 2419 2636 olim
2473 2570 2681 2653 fuisse
2735 2569 2864 2635 Pa-

542 2687 738 2749 pam,
793 2672 854 2731 et
907 2665 1028 2732 illa
1077 2686 1240 2748 quae
1288 2667 1637 2750 profitetur
1693 2667 2026 2733 dominum
2079 2668 2470 2752 Greqorium
2517 2665 2683 2732 XII.
2735 2686 2868 2730 esse

558 2763 840 2846 Papam,
900 2763 1228 2830 uniantur
1285 2784 1421 2828 una
1476 2763 1697 2844 alteri,
1755 2769 1816 2828 et
1873 2765 2084 2830 altera
2139 2764 2334 2831 alteri
2380 2765 2867 2847 conjunqantur

556 2861 674 2926 sub
739 2860 947 2943 capite
1018 2858 1314 2939 Christe,
1386 2859 1593 2926 dictas
1656 2861 2198 2942 convocationem,
2270 2860 2865 2937 auctorizationem,

552 2956 1114 3041 approbationem,
1180 2962 1240 3020 et
1300 2956 1850 3037 confirmationem
1910 2958 2170 3024 nomine
2220 2957 2403 3022 illius
2461 2956 2707 3022 domini
2753 2954 2868 3037 qui

555 3055 629 3120 in
676 3074 798 3119 sua
849 3052 1224 3119 Obedientia
1269 3052 1517 3118 dicitur
1568 3052 1928 3136 Greyorizcs
1970 3054 2134 3120 XII.
2181 3075 2358 3120 nunc
2399 3054 2615 3137 factas
2661 3071 2865 3135 qnan-

554 3156 697 3216 tum
756 3149 841 3215 ad
889 3149 1105 3233 ipsum
1164 3154 1450 3233 spectare
1505 3149 1794 3234 videtur,
1863 3151 2020 3233 qnia
2077 3150 2422 3216 abundans
2474 3150 2560 3216 ad
2605 3148 2866 3214 certitu-

557 3247 774 3313 dinem
821 3267 946 3329 pro
993 3246 1153 3312 bono
1209 3247 1463 3314 cautela
1505 3245 1757 3312 nemini
1810 3252 2017 3328 nocet,
2075 3248 2185 3312 sed
2240 3246 2537 3312 omnibus
2582 3244 2865 3329 prodest,

554 3346 630 3410 in
691 3343 989 3410 omnibus
1057 3347 1117 3408 et
1174 3365 1288 3425 per
1360 3343 1581 3410 omnia
1645 3343 1963 3424 admittit,
2041 3349 2101 3409 et
2163 3344 2389 3408 amodo
2453 3344 2572 3408 has
2635 3361 2866 3425 supra-

549 3441 764 3508 dictas
826 3439 1236 3506 Obedientias
1296 3441 1678 3523 conjunctas
1737 3445 1798 3505 et
1858 3441 2085 3507 unitas
2144 3461 2276 3505 esse
2335 3439 2635 3506 decernit.
2747 3438 2868 3503 His

555 3540 786 3625 gestiS,
843 3537 1200 3603 Cardinalis
1247 3539 1643 3623 RagusinuS,
1702 3537 2140 3603 Cardinalium
2200 3542 2599 3602 caeterorum
2652 3535 2869 3600 osculo

550 3644 622 3702 et
682 3635 980 3719 amplexu
1041 3640 1376 3717 exceptus,
1441 3635 1616 3698 inter
1677 3633 2082 3699 Franciscum
2132 3633 2454 3698 Venetum
2527 3643 2593 3696 et
2656 3632 2868 3696 Anto-

557 3734 737 3798 nium
815 3729 1300 3815 Aquilejensem
1377 3730 1750 3796 Cardinales
1828 3732 2238 3815 presbyteros
2322 3731 2669 3797 collocatus
2749 3732 2866 3792 est.

551 3828 915 3895 Cardinalis
974 3848 1121 3891 vero
1153 3825 1549 3891 Vivariensis
1610 3834 1767 3892 tunc
1827 3825 2085 3911 Synodo
2147 3828 2497 3911 praesedit,
2559 3830 2625 3890 et
2685 3824 2870 3889 Caro·

557 3928 658 3991 lus
716 3924 1096 4002 Malatesta,
1156 3925 1258 3988 cui
1317 3946 1353 3987 a
1410 3922 1720 4008 Gregorio
1779 3924 2188 4008 pontificatus
2250 3925 2386 4008 ejus
2444 3925 2706 3989 nomine
2760 3921 2868 3985 de-

558 4021 836 4107 ponendi
899 4021 1233 4086 commissa
1303 4021 1519 4085 fuerat
1582 4021 1976 4104 procuratiO,
2050 4042 2088 4083 a
2150 4019 2434 4085 Concilio
2498 4019 2869 4104 postulavit,

559 4126 780 4185 utrum
866 4121 1000 4184 tum
1084 4117 1286 4203 gradu
1373 4117 1592 4182 cedere
1664 4118 2079 4199 conduceret,
2164 4139 2247 4182 an
2331 4139 2494 4214 :vero
2580 4140 2714 4182 rem
2791 4117 2871 4180 ad
