3281 5014
1182 441 1399 498 Electio
1438 441 1706 497 Bonifatii
1733 441 1889 495 VIII.
2656 444 2689 494 9

371 583 596 649 nifatii
653 585 780 647 fuit
829 583 1190 648 Luitfridus
1237 581 1568 671 Cajetani,
1622 587 1828 647 mater
1885 583 2119 646 Emilia
2166 605 2246 646 ex
2302 583 2546 647 familia
2591 605 2703 646 co·-

378 682 606 744 mitum
671 676 1146 765 Seguiensium.
1256 678 1442 743 Unde
1507 682 1760 764 magnis
1822 681 1954 744 illis
2011 680 2430 745 Pontificibus
2493 680 2691 745 Inno-

378 777 592 842 centio
644 776 797 853 HL,
861 775 1171 861 Gregorio
1227 775 1379 852 1X.‚
1435 775 1809 841 Alexandro
1866 776 2009 856 IV.,
2077 776 2447 841 Bonifatius
2507 778 2692 841 fami-

372 875 504 937 liae
556 875 941 938 necessitate
982 875 1254 956 junctus
1313 878 1472 939 erat.
1563 874 1644 938 In
1691 874 1955 938 civitate
2002 873 2161 937 Todi
2208 878 2402 956 atque
2456 873 2553 952 (ut
2600 874 2691 938 vi-

371 971 593 1048 detur)
638 969 905 1034 Parisiis
951 969 1164 1034 studia
1215 970 1381 1054 juris
1428 971 1719 1035 canonici
1780 976 1920 1035 erat
1966 982 2369 1054 prosecutus,
2433 971 2694 1034 canoni·

372 1070 561 1130 catus
617 1088 691 1131 ac
746 1066 1059 1130 beneficia
1114 1066 1263 1130 dein
1308 1066 1679 1151 Anagniae,
1742 1065 2042 1151 Lugduni
2106 1072 2173 1130 et
2228 1066 2380 1129 alibi
2440 1088 2695 1149 accepe-

379 1169 511 1238 rat3
575 1163 696 1226 sub
759 1161 1143 1239 Innocentio
1198 1162 1316 1227 IV.
1380 1163 1508 1228 fuit
1570 1164 1862 1228 notarius
1926 1164 2293 1245 pontificius
2359 1167 2425 1227 et
2486 1164 2694 1227 consi-

373 1259 562 1324 storii
607 1259 978 1337 advocatuS,
1037 1259 1395 1325 Cardinalis
1445 1260 1769 1324 Diaconus
1817 1259 1938 1323 sub
1984 1259 2270 1323 Martino
2317 1258 2462 1335 IV.,
2516 1258 2692 1323 Pres-

382 1358 572 1440 byter
619 1378 771 1421 vero
813 1354 1174 1421 Cardinalis
1219 1357 1339 1421 sub
1387 1355 1655 1423 Nicolao
1701 1355 1852 1433 IV.,
1908 1356 2016 1439 qui
2066 1363 2133 1419 et
2181 1355 2382 1420 multa
2429 1357 2695 1441 negotia

375 1453 668 1518 difficilia
714 1475 786 1518 ac
833 1453 1192 1537 legationes
1237 1454 1358 1536 ipsi
1405 1453 1743 1518 commisit.
1754 1448 1804 1534 1)

560 1601 662 1666 10.
737 1600 1085 1683 Postquam
1155 1622 1230 1664 ea
1293 1601 1725 1677 narravimuS,
1796 1622 1957 1685 quae
2021 1600 2366 1665 Coelestini
2433 1600 2693 1684 pontifi·

377 1702 624 1776 catum,
695 1697 1164 1761 abdicationem
1236 1703 1301 1762 et
1370 1696 1677 1762 Bonifatii
1746 1697 2120 1761 electionem
2191 1702 2514 1780 spectant,
2579 1719 2690 1780 op-

380 1799 729 1879 portunum
798 1795 920 1858 erit
987 1815 1478 1859 commemorare
1553 1795 1989 1858 accusationes
2057 1815 2222 1877 quae
2289 1795 2357 1857 in
2427 1793 2691 1859 Bonifa-

377 1893 543 1957 tium
615 1890 828 1975 quoad
889 1892 1043 1956 haec
1112 1896 1423 1977 congesta
1490 1891 1775 1954 fuerunt.
1866 1890 2088 1973 Ipsum
2151 1889 2449 1956 videlicet
2517 1891 2694 1954 dixe·

379 1993 535 2052 runt
605 1988 864 2072 ingenti
927 1982 1279 2051 ambitione
1351 1992 1622 2063 motum,
1692 1986 1974 2051 inhiasse
2037 1987 2424 2070 acquirendo
2488 1989 2708 2071 ponti-2

380 2085 622 2149 ficatui.
721 2083 894 2148 Hinc
956 2106 1099 2149 eum
1160 2080 1512 2169 instigasse
1564 2068 2005 2147 Coelestinum
2066 2084 2144 2147 ad
2206 2084 2696 2165 abdicationem,

380 2170 667 2264 adeoque
740 2182 906 2244 viro
943 2186 1165 2245 sancto
1238 2186 1305 2246 et
1369 2180 1640 2263 simplici
1702 2178 2034 2244 fraudibus
2096 2186 2163 2244 et
2225 2180 2369 2245 dolo
2438 2202 2696 2263 persua-

382 2279 571 2352 sisse,
635 2300 770 2342 non
835 2283 1091 2342 tantum
1152 2278 1473 2342 communi
1533 2276 1865 2341 hominum
1922 2279 2361 2360 persuasione,
2424 2278 2531 2342 sed
2592 2301 2696 2342 su-

375 2376 598 2460 pernis
673 2377 869 2439 etiam
955 2375 1538 2460 significationibus
1611 2374 1902 2451 ostendi,
1993 2395 2138 2437 eum
2214 2374 2295 2438 ad
2369 2374 2697 2439 dimitten-

381 2472 535 2537 dum
610 2473 1053 2556 pontificatum
1124 2472 1367 2549 teneri,
1444 2494 1526 2536 ne
1592 2470 1877 2536 Ecclesia
1950 2470 2033 2535 ob
2101 2471 2238 2555 ejus
2312 2472 2698 2556 imperitiam

381 2569 874 2653 periclitaretur.
1000 2569 1170 2633 Dein
1247 2591 1394 2633 vero
1472 2567 1871 2633 Bonifatium
1947 2589 2060 2650 per
2135 2568 2418 2633 favorem
2489 2569 2701 2639 Caroli

379 2667 580 2752 regis,
653 2667 782 2730 imo
848 2667 1198 2730 simoniaca
1261 2666 1670 2748 corruptione
1737 2664 2117 2749 dignitatem
2193 2687 2508 2731 summam
2579 2688 2685 2731 ac-

384 2764 738 2847 quisivisse.
818 2800 897 2807 —-
973 2762 1161 2826 Unde
1229 2761 1538 2845 ejusmodi
1615 2762 2054 2826 accusationes
2132 2761 2419 2846 aliaeque
2495 2765 2691 2827 etiam

382 2862 710 2946 graviores
784 2861 1096 2942 originem
1161 2853 1513 2923 habuerint
1579 2858 1849 2922 inferius
1914 2856 2293 2942 videbimus3
2368 2860 2555 2923 modo
2618 2858 2698 2923 ad

388 2978 494 3021 eas
532 2958 910 3042 rejiciendas
954 2956 1109 3020 haec
1153 2956 1509 3020 advertere·
1534 2955 1794 3019 sufficit.
1872 2954 2329 3019 Accusationes
2376 2956 2538 3020 istae
2561 2958 2697 3040 jam

385 3076 466 3118 ex
534 3051 816 3135 simplici
878 3075 1069 3137 quam
1103 3119 1109 3121 ν
1145 3052 1586 3136 proposuimus
1657 3055 1989 3133 yestorum
2065 3050 2452 3116 narratione
2529 3053 2702 3136 refu·

385 3156 634 3216 tantur.
749 3150 847 3214 Ex
911 3150 1127 3213 eadem
1193 3149 1366 3213 enim
1429 3146 1843 3212 manifestum
1907 3152 2033 3222 est,
2103 3170 2355 3225 revera,
2423 3150 2699 3214 testibus

384 3249 633 3312 coaevis
695 3247 1096 3324 auctoribUS,
1161 3247 1222 3310 S.
1288 3244 1725 3315 Coelestinum
1790 3246 2039 3308 muneri
2109 3267 2359 3309 summo
2420 3246 2702 3330 gerendo

387 3342 559 3407 haud
620 3344 816 3407 fuisse
878 3344 1214 3421 idoneum,
1280 3341 1744 3451 depositionem
1810 3342 2020 3405 oneris
2092 3342 2299 3425 ipsum
2363 3342 2702 3424 vehemen-

386 3443 490 3504 ter
551 3438 967 3518 desiderasse,
1037 3440 1574 3524 gravissimasque
1644 3439 1701 3501 ci
1763 3438 1963 3501 fuisse
2026 3438 2377 3503 rationes.
2434 3423 2539 3502 Ab
2603 3439 2703 3529 bi·

382 3536 637 3602 storicis
707 3541 919 3601 autem
995 3534 1116 3600 fide
1191 3535 1437 3620 dignis,
1518 3535 1793 3623 testibus
1871 3535 2138 3599 oculatis
2202 3542 2268 3599 et
2335 3538 2561 3600 auritis
2631 3558 2704 3599 ac

386 3632 757 3698 Coelestino
814 3633 1290 3709 addictissimis,
1359 3632 1579 3715 quales
1632 3623 1901 3694 fuerunt
1953 3630 2231 3695 Jacobus
2297 3631 2374 3697 de
2431 3630 2701 3715 Stepha-

388 3729 611 3793 neschi
659 3736 727 3796 et
767 3730 1181 3796 Ptolomaeus
1231 3727 1565 3810 Lucensis,
1609 3726 1781 3792 facta
1826 3728 1920 3791 ita
1966 3733 2348 3806 narrantur,
2406 3732 2479 3793 ut
2522 3728 2704 3792 nulla

389 3827 458 3892 in
508 3825 902 3892 Bonifatium
950 3828 1268 3891 accusatio
1314 3825 1588 3908 feratur,
1645 3826 1773 3888 imo
1821 3830 1893 3889 ut
1940 3831 2191 3907 pateat,
2240 3826 2480 3890 nullius
2528 3826 2703 3889 frau-

387 3925 488 3989 dis
535 3947 676 3989 eum
724 3926 909 4009 argui
955 3945 1195 4007 posse.-

576 4176 616 4243 ι)
655 4176 764 4232 Cfr.
804 4176 962 4231 'Posti
999 4178 1061 4230 T.
1102 4178 1144 4231 Ι.
1183 4192 1234 4243 p.
1273 4178 1497 4228 29—78.

2743 1607 2995 1649 Accusatio—

2743 1681 2820 1710 nes
2850 1680 3007 1720 expen-

2783 1729 2956 1772 duntur

2732 2042 2817 2135 Ν

2753 2122 2812 2199 ψ
