3281 5014
321 2866 586 2909 Difficultas.

628 478 732 534 31‘4
1222 479 1474 532 XXXIV.
1513 480 1594 534 De
1633 478 1875 533 Concilio
1915 479 2336 533 Constantiensi.

628 623 868 688 tionem
930 643 1214 686 errorum
1280 619 1535 688 Wiclefi
1601 624 1668 683 et
1731 620 1980 703 Hussii,
2049 643 2121 685 ac
2179 622 2552 686 reformatio
2616 621 2937 684 Ecclesiae

627 721 697 783 in
761 720 969 802 capite
1035 723 1103 782 et
1162 718 1484 781 membris,
1595 718 1845 783 Dicitur
1907 721 2123 783 autem
2187 719 2253 781 in
2320 717 2601 783 decreto:
2671 715 2938 781 Obedire

629 819 884 880 tenetur
945 813 1017 879 in
1081 813 1185 879 his
1245 831 1409 894 quae
1464 812 1802 894 pertinent
1862 812 1948 876 ad
2004 812 2222 892 fidem,
2285 817 2344 877 et
2404 812 2938 894 exstirpationem

628 911 787 976 dicti
831 910 1232 988 schismati3‚
1289 913 1349 973 et
1403 908 1934 991 reformationem
1988 908 2197 975 dictae
2240 909 2568 974 Ecclesiae
2611 909 2684 974 in
2731 908 2939 991 capite

628 1012 687 1072 et
757 1006 1078 1072 membris.
1197 1006 1372 1071 Haec
1440 1008 1566 1070 tria
1640 1008 1855 1090 capita
1920 1009 2121 1092 igitur
2191 1007 2549 1072 Concilium
2617 1007 2937 1071 Constan-

627 1107 836 1170 tiense
898 1108 1223 1189 spectant,
1287 1109 1353 1167 et
1414 1105 1468 1168 si
1533 1105 1930 1187 conjunctim
1992 1110 2369 1187 sumuntur,
2437 1105 2621 1168 unice
2680 1109 2936 1185 tempus

627 1204 798 1267 illius
875 1202 1237 1266 schismatis
1326 1200 1737 1266 occidentalis
1821 1200 2141 1265 indicatur
2212 1201 2450 1265 verbis:
2543 1198 2702 1264 dicti
2774 1196 2937 1263 schi-

628 1298 875 1364 smati-3.
962 1298 1043 1362 In
1100 1296 1399 1363 Conciliis
1457 1297 1867 1381 generalibus
1926 1298 2273 1363 universim
2333 1299 2524 1362 etiam
2584 1298 2746 1361 aliae
2801 1319 2939 1361 cau·

628 1419 735 1461 sae
790 1395 1252 1461 ecclesiasticae
1310 1399 1374 1457 et
1435 1395 1800 1477 personales
1860 1416 2315 1478 saepenumero
2371 1394 2634 1475 adsunt3
2696 1394 2940 1457 exstin-

628 1494 755 1558 ctio
813 1514 961 1556 vero
1023 1491 1388 1555 schismatis
1447 1490 1622 1553 illius
1688 1490 2006 1554 exclusive
2067 1492 2202 1555 fere
2260 1492 2589 1574 spectabat
2649 1490 2726 1554 ad
2772 1488 2937 1553 Con-

629 1590 840 1655 cilium
907 1587 1423 1651 Constantiense.
1534 1587 1743 1662 Quum
1807 1588 2010 1672 igitur
2077 1589 2348 1652 decretis
2415 1588 2557 1652 istis
2625 1608 2758 1650 non
2826 1607 2939 1669 ge-

628 1687 905 1751 neratim
953 1683 1322 1749 obedientia
1370 1704 1524 1766 erga
1571 1683 1859 1748 Concilia
1906 1685 2232 1768 generalia
2277 1684 2786 1768 praescribatur,
2832 1682 2938 1745 sed

632 1806 704 1848 ea
758 1782 1222 1845 determinetur
1276 1800 1348 1843 ac
1402 1779 1721 1844 limitetur
1776 1781 1929 1863 ipsis
1987 1782 2196 1845 verbis
2244 1782 2324 1845 ad
2383 1783 2591 1864 capita
2646 1779 2724 1843 ad
2774 1778 2940 1844 Con-

629 1880 847 1945 cilium
905 1876 1404 1941 Constantiense
1468 1879 1859 1960 spectantia,
1921 1878 2097 1942 inter
2154 1900 2319 1961 quae
2378 1900 2579 1941 unum
2635 1883 2776 1940 erat
2830 1898 2940 1939 ex-

630 1975 867 2041 clusive
924 1974 1005 2038 ad
1057 1973 1219 2038 illud
1277 1974 1637 2056 pertinenS,
1681 1975 1829 2058 jure
1885 1975 2350 2052 concludimus,
2412 1975 2667 2038 decreta
2718 1995 2940 2037 revera

629 2077 888 2137 tantum
955 2070 1115 2134 illud
1182 2076 1436 2152 tempus
1515 2071 1875 2135 schismatis
1944 2076 2008 2135 et
2076 2070 2406 2155 Synodum
2478 2070 2941 2135 Constantien-

629 2192 763 2234 sem
808 2168 1137 2251 respicere.
1194 2203 1280 2210 —
1340 2165 1417 2230 In
1469 2168 1751 2231 secunda
1804 2173 1989 2250 parte
2040 2169 2213 2232 illius
2269 2167 2757 2233 constitutionis
2801 2189 2943 2229 rur·

629 2288 736 2330 sus
800 2264 1124 2329 decretum
1193 2264 1583 2327 determinat
1654 2261 2079 2328 obedientiam
2146 2262 2226 2327 ab
2303 2261 2601 2328 omnibus
2663 2260 2939 2342 requisi·

631 2366 761 2426 tam
826 2380 1022 2443 super
1072 2358 1488 2442 praemissis,
1552 2379 1667 2424 seu
1728 2359 1814 2423 ad
1872 2380 1948 2424 ea
1997 2359 2511 2442 pertinentibus,
2577 2356 2777 2440 factis
2842 2356 2942 2422 vel

626 2457 979 2542 faciendiS,
1037 2457 1287 2543 adjecta
1344 2459 1749 2541 poenitentia
1795 2464 2022 2523 contra
2066 2458 2530 2524 contumaciter
2575 2455 2942 2521 inobedien-

630 2564 728 2620 tes
775 2558 1232 2641 cujuscumque
1290 2560 1499 2620 status
1547 2561 1662 2619 aut
1712 2555 2051 2639 dignitatis
2098 2555 2352 2619 etiamsi
2409 2554 2673 2638 papalis.
2765 2552 2943 2617 Haec

630 2654 874 2737 pariter
922 2652 1304 2730 ostendunt,
1367 2652 1653 2716 litteram
1710 2652 2194 2716 constitutionis
2257 2674 2389 2716 non
2449 2649 2709 2714 extendi
2771 2650 2944 2714 ultra

632 2772 846 2815 casum
895 2755 1319 2832 praesentem.

809 2846 915 2909 35.
975 2843 1340 2927 Opponitur
1384 2850 1602 2909 tamen
1658 2849 1885 2908 contra
1932 2843 2100 2908 hanc
2155 2844 2624 2927 expositionem
2680 2864 2756 2907 ex
2801 2843 2941 2924 ipso

610 2950 855 3008 tenore
900 2942 1297 3006 decretorum
1344 2941 1720 3017 difficultas,
1782 2962 1946 3024 quae
2004 2943 2276 3024 speciem
2332 2939 2675 3024 quamdam
2719 2938 2937 3003 habet.

634 3040 712 3104 In
786 3038 1065 3103 secunda
1140 3038 1434 3103 videlicet
1507 3044 1691 3121 parte
1766 3037 2165 3102 decretorum
2241 3039 2573 3102 invenitur
2647 3036 2940 3112 incisum,

629 3159 758 3220 quo
814 3135 1145 3217 dispositio
1190 3133 1709 3199 constantiensis
1766 3135 2027 3198 extendi
2084 3135 2338 3200 videtur
2392 3135 2469 3197 ad
2529 3155 2714 3198 omne
2769 3132 2939 3196 Con-

629 3233 844 3298 cilium
907 3232 1414 3307 oecumenicum,
1480 3231 1557 3294 ad
1617 3254 1809 3296 omne
1864 3236 2147 3314 tempus,
2225 3232 2305 3294 ad
2366 3253 2617 3296 omnem
2684 3250 2938 3314 quoque

631 3330 1007 3394 Pontificem
1078 3328 1271 3391 etiam
1345 3328 1706 3412 legitimum
1780 3333 1845 3392 et
1913 3336 2177 3393 certum.
2303 3328 2701 3411 Praecipitur
2768 3329 2938 3391 enim

630 3426 748 3503 ibi,
812 3432 885 3489 ut
945 3426 1262 3508 quisquiS,
1328 3426 1576 3489 etiamsi
1643 3424 1981 3509 dignitatis
2043 3426 2317 3509 papaliS,
2392 3424 2649 3488 obedire
2712 3429 2939 3488 tenea-

630 3528 739 3586 tur
798 3522 1064 3587 statutis
1128 3544 1240 3584 seu
1307 3520 1813 3586 ordinationibus
1876 3528 1985 3586 aut
2054 3523 2410 3604 praeceptis
2469 3522 2660 3605 hujus
2723 3541 2941 3585 sacrae

632 3617 904 3701 Synodi,
966 3624 1031 3682 et
1093 3617 1550 3700 cujuscumque
1607 3616 1882 3682 alterius
1947 3615 2221 3682 Concilii
2273 3617 2604 3700 qeneralis
2661 3615 2941 3699 legitime

633 3712 1003 3796 coriyreqati
1062 3736 1253 3797 super
1313 3715 1704 3797 praemissis,
1770 3736 1882 3778 seu
1947 3715 2024 3779 ad
2087 3737 2160 3780 ea
2216 3716 2690 3799 pertinentibus
2749 3709 2941 3778 factis

632 3812 731 3874 vel
783 3811 1117 3888 faciendis,
1176 3811 1296 3875 sub
1356 3813 1576 3894 poenis
1630 3811 1721 3874 ibi
1777 3812 2056 3877 inflictis.
2155 3812 2364 3888 Quum
2419 3813 2619 3896 igitur
2673 3812 2939 3888 dicatur,

632 3910 692 3970 et
757 3905 1217 3988 cujicscumque
1275 3906 1549 3971 alterius
1613 3904 1888 3972 Concilii
1945 3906 2272 3990 qeneralis
2337 3906 2619 3991 leyitime
2681 3927 2938 3990 conqre·

626 4002 797 4087 yati,
858 4004 1005 4068 inde
1062 4005 1412 4089 colligitur,
1469 4026 1727 4068 sensum
1785 4005 2184 4071 decretorum
2243 4006 2323 4069 ad
2381 4008 2596 4071 omnia
2653 4012 2943 4088 tempora

633 4106 699 4166 et
745 4101 1051 4185 adjuncta
1109 4100 1371 4165 extendi
1425 4100 1684 4183 debere,
1744 4107 1809 4165 et
1862 4103 2172 4186 restringi
2228 4124 2359 4166 non
2422 4124 2604 4185 posse
2661 4101 2739 4165 ad
2785 4108 2940 4166 tem-

633 4222 749 4282 pus
818 4198 1176 4262 schismatis
1252 4219 1326 4262 ac
1399 4196 1752 4262 Concilium
1824 4197 2340 4265 constantiense.
2464 4198 2601 4263 Hoc
2672 4198 2941 4263 Gallica·
