3281 5014
303 1020 529 1065 wonclava
553 1023 630 1064 Pe-

309 1082 456 1126 rusiae
508 1085 629 1126 habi-

416 1147 522 1187 tum.

646 435 683 485 4
1227 436 1400 491 XXX.
1438 439 1520 493 De
1556 440 1891 519 Pontificatu
1925 443 2190 498 Bonifatii
2220 446 2370 500 VIII.

648 580 870 656 postea
926 575 1052 640 fuit
1097 576 1462 643 Bonifatius
1499 578 1675 645 VIII.
1781 583 1900 647 Hic
1955 608 1992 648 a
2049 586 2436 652 factionibus
2488 591 2767 673 politicis
2819 595 2960 676 qui-

647 670 788 734 dem
836 673 1168 750 remotior,
1218 673 1547 760 Gallisque
1594 679 1967 744 nullatenus
2009 681 2335 760 infensus,
2387 690 2604 749 tamen
2653 693 2728 751 ut
2772 690 2957 753 inde-

647 766 998 850 pendentia
1044 769 1365 836 Ecclesiae
1410 773 1605 856 plane
1651 776 1828 840 salva
1872 783 2065 855 esset,
2115 780 2369 844 videtur
2410 782 2843 863 adlaborasse,
2892 794 2955 851 et

650 865 1004 948 aegerrime
1052 867 1297 944 tulisse,
1345 870 1516 952 quod
1563 872 1811 936 tamdiu
1857 875 2084 939 electio
2128 877 2628 959 protraheretur.

829 1016 888 1079 4.
955 1014 1163 1090 Quum
1221 1017 1356 1098 jam
1421 1018 1614 1083 variis
1674 1021 1743 1084 in
1800 1023 1956 1086 locis
2020 1022 2395 1091 Cardinales
2455 1031 2754 1095 conclave
2811 1054 2955 1095 con·

650 1110 1042 1193 stituissent‚
1100 1116 1165 1176 et
1221 1112 1582 1179 schismatis
1638 1116 1771 1180 fere
1832 1108 2115 1201 pericula
2171 1129 2580 1205 apparerent,
2635 1132 2953 1209 postremo

648 1229 874 1273 mense
920 1207 1181 1273 Octobri
1230 1231 1284 1273 a.
1342 1209 1506 1273 1293
1554 1210 1856 1278 Perusiae
1913 1224 2378 1293 convenerunt;
2436 1221 2546 1283 sed
2594 1227 2659 1285 et
2705 1223 2794 1286 ibi
2842 1246 2955 1306 per

644 1306 861 1387 plures
919 1327 1168 1369 menses
1223 1305 1532 1371 discordia
1589 1309 1666 1372 de
1712 1309 2046 1378 Pontificis
2099 1315 2412 1379 electione
2466 1317 2741 1383 duravit.
2832 1320 2955 1384 Ve-

647 1407 883 1466 nerunt
942 1425 1196 1486 quoque
1252 1403 1321 1465 in
1371 1403 1540 1467 hanc
1598 1405 1924 1471 civitatem
1987 1416 2273 1493 tempore
2318 1435 2513 1477 verno
2562 1414 2821 1480 Carolus
2866 1416 2950 1482 ΙΙ.

645 1501 710 1561 et
757 1498 927 1562 filius
975 1501 1114 1583 ejus
1162 1497 1426 1564 Carolus
1475 1502 1813 1568 Martellus
1870 1506 2111 1570 electus
2159 1507 2539 1592 Hungariae
2593 1533 2735 1590 rex,
2796 1513 2950 1577 Car-

643 1595 1017 1680 dinalesque
1093 1597 1344 1660 monuit
1411 1597 1678 1663 Carolus
1749 1623 1892 1677 reX,
1963 1606 2037 1666 ut
2105 1604 2480 1670 electionem
2545 1609 2949 1690 perficerent.

641 1690 1034 1756 Benedictus
1102 1697 1311 1757 autem
1376 1692 1755 1778 Cajetanus,
1822 1720 2016 1781 quum
2090 1701 2476 1783 perspiceret
2546 1701 2668 1788 (uti
2732 1706 2954 1769 existi·

643 1792 773 1870 mo)
831 1791 967 1872 ipso
1016 1789 1262 1853 influxu
1319 1791 1489 1875 regis
1549 1793 1861 1858 retardari
1909 1795 2315 1875 electionem,
2373 1802 2780 1883 gravissimis
2816 1824 2952 1866 ver·

643 1885 740 1950 bis
798 1886 1167 1951 libertatem
1216 1885 1650 1952 Cardinalium
1712 1912 1921 1956 coram
1982 1914 2057 1956 eo
2116 1893 2490 1971 vindicavit,
2550 1897 2643 1961 ita
2700 1903 2772 1960 ut
2830 1896 2950 1962 Ca·

641 1983 815 2047 rolus
878 1984 1082 2048 iratus
1150 1984 1514 2048 discederet.
1633 1986 1772 2051 Hac
1841 1988 1917 2050 de
1983 2011 2049 2052 re
2107 1988 2394 2054 Platina:
2464 1991 2644 2056 Haec
2709 1991 2946 2057 incom-

642 2079 830 2142 moda
904 2077 1177 2145 Carolus
1236 2079 1334 2144 II.
1408 2101 1527 2144 rex
1574 2080 2053 2165 Neapolitanus
2101 2085 2535 2167 prospiciem,
2604 2108 2636 2152 e
2696 2088 2947 2153 Narbo·
3047 2134 3050 2135 ν

641 2176 831 2240 nemsi
875 2176 1222 2258 provincia
1267 2177 1622 2243 Perusiam
1675 2179 1965 2258 veniens,
2027 2177 2406 2246 Cardinales
2462 2183 2636 2264 ipsos
2689 2184 2950 2266 saepias

642 2271 729 2337 ad
782 2274 1189 2338 concordiam
1242 2279 1302 2339 et
1355 2273 1718 2340 electionem
1773 2276 2111 2354 Pontificis
2166 2277 2550 2343 adhortatus
2610 2284 2721 2344 est.
2815 2279 2949 2346 Nec

639 2364 713 2434 id
757 2370 1012 2451 quidem
1066 2372 1282 2453 facere
1327 2371 1674 2436 destitisset
1729 2371 1834 2435 vir
1877 2372 2186 2454 insiqnis,
2257 2373 2391 2438 nisi
2446 2375 2686 2440 acriter
2736 2397 2949 2459 repre-

640 2465 878 2533 hensas
920 2488 962 2533 a
1006 2468 1360 2534 Benedicto
1395 2465 1705 2551 Oajetano
1740 2467 1971 2551 patria
2006 2469 2377 2552 Anaym‘no,
2426 2471 2595 2553 qaod
2638 2473 2949 2539 instando

641 2564 861 2629 acerbe
905 2565 1186 2631 nimiam
1231 2566 1396 2648 ipsis
1429 2564 1893 2631 cardinalibus
1940 2565 2069 2629 vim
2114 2566 2350 2650 afferre
2395 2568 2740 2651 videretur,
2786 2591 2945 2653 qao-

641 2683 791 2727 rum
835 2661 1161 2745 suffraqia
1210 2663 1414 2727 libera
1462 2682 1594 2727 esse
1640 2660 2013 2744 deberent.¹)

820 2814 880 2878 5.
945 2813 1104 2877 Post
1167 2813 1453 2877 diutinas
1514 2811 1770 2874 demum
1834 2812 2288 2875 contentiones
2348 2812 2716 2879 Cardinales
2770 2814 2947 2880 Pon-

640 2909 876 2975 tificem
935 2916 1120 2974 extra
1178 2909 1533 2992 Collegium
1592 2908 1950 2991 quaesiere,
2022 2929 2095 2971 ac
2151 2914 2421 2991 repente
2480 2913 2746 2976 mutatis
2807 2912 2948 2975 ani-

640 3008 760 3071 mis
824 3007 1091 3071 Petrum
1147 3007 1225 3069 de
1282 3004 1589 3068 Murrone
1656 3004 2019 3079 eremitam,
2087 3026 2292 3069 novae
2358 3007 2699 3092 religiosae
2761 3008 2949 3070 fami·

637 3103 764 3167 liae
821 3104 1009 3188 (quae
1066 3109 1287 3187 postea
1333 3100 1849 3165 Coelestinorum
1906 3100 2076 3165 dicta
2132 3099 2288 3185 est),
2350 3104 2662 3168 sectantis
2714 3103 2776 3169 S.
2824 3103 2947 3166 Be-

641 3200 877 3265 nedicti
937 3202 1242 3265 instituta
1302 3197 1766 3282 patriarcham,
1840 3197 1910 3260 in
1967 3203 2217 3262 remota
2270 3198 2546 3282 Apuliae
2604 3200 2950 3263 solitudine

640 3299 1019 3361 macerando
1075 3296 1322 3379 corpori
1380 3317 1452 3359 ac
1500 3293 1692 3358 rebus
1741 3293 2122 3358 coelestibus
2178 3295 2682 3378 contemplandis
2729 3298 2946 3359 inten-

817 3540 860 3605 ¹)
898 3538 1032 3591 Vita
1057 3537 1269 3590 Nicolai
1298 3537 1395 3591 IV.
1424 3538 1479 3590 in
1514 3536 1636 3591 fine.
1677 3570 1742 3578 —
1779 3536 1885 3591 Cfr.
1912 3537 2057 3591 Ptol.
2082 3537 2210 3590 Luc.
2238 3537 2271 3590 1.
2304 3554 2348 3590 c.
2377 3537 2410 3590 1.
2439 3539 2523 3590 24.
2552 3554 2595 3591 c.
2621 3539 2707 3592 28.
2758 3537 2942 3591 Ptolo·

638 3634 824 3672 maeus
877 3616 1351 3685 (Bartholomaeus
1397 3616 1655 3681 Fiadoni)
1700 3615 1989 3681 LucensiS‚
2042 3621 2204 3670 natus
2255 3634 2301 3670 a.
2355 3618 2519 3680 1236,
2570 3614 2810 3669 ordinem
2857 3616 2947 3670 Fr.

560 3696 567 3703 '
640 3697 1084 3751 Praedicatorum
1121 3696 1404 3763 ingressus
1435 3711 1483 3749 a.
1514 3697 1668 3758 1272,
1706 3695 1989 3749 historiam
2024 3695 2454 3749 ecclesiasticam
2493 3694 2713 3761 scripsit
2739 3709 2773 3747 a
2797 3694 2948 3747 Chri-

641 3785 728 3829 sto
766 3779 896 3827 nato
950 3789 1119 3840 usque
1156 3775 1224 3827 ad
1275 3789 1323 3827 a.
1372 3776 1526 3828 1312.
1608 3774 1961 3828 Ptolomaeus
2011 3773 2297 3840 episcopus
2349 3773 2704 3829 Torcellanus
2752 3789 2949 3827 renun-

640 3854 811 3908 tiatus
849 3859 935 3907 est
971 3869 1019 3905 a.
1063 3854 1215 3917 1319,
1255 3854 1352 3907 sed
1389 3870 1552 3920 quum
1588 3853 1756 3907 nimia
1792 3852 1850 3905 in
1885 3857 2113 3918 nepotes
2152 3866 2279 3905 suos
2315 3852 2664 3921 indulgentia
2701 3852 2950 3920 grassari

639 3933 764 3987 illos
801 3931 861 3985 in
895 3947 985 3986 res
1023 3932 1370 3999 episcopatus
1407 3930 1722 3987 Torcellani
1757 3929 2122 3999 permisisset,
2161 3945 2226 3983 ac
2261 3930 2471 3984 monita
2508 3929 2780 3985 Dominici
2815 3930 2949 3984 Gra-

640 4010 824 4066 densis
861 4010 1210 4079 patriarchae
1249 4010 1614 4080 neglexisset,
1664 4010 1721 4062 in
1760 4007 2029 4063 Gradensi
2077 4008 2404 4074 provinciali
2455 4008 2682 4062 concilio
2732 4015 2949 4062 senten-

642 4091 774 4145 tiam
812 4090 1384 4145 excommunicationis
1421 4088 1667 4143 incurrit.
1740 4089 1824 4141 Ab
1863 4088 2049 4142 eadem
2086 4091 2267 4140 tamen
2302 4092 2495 4155 postea
2532 4087 2744 4140 solutus
2780 4087 2951 4141 eccle·

640 4171 778 4223 siam
816 4170 1191 4224 Torcellanam
1215 4171 1401 4225 ‘libere
1438 4170 1598 4223 rexit.
1675 4166 1822 4220 Obiit
1863 4166 2008 4219 circa
2044 4180 2093 4218 a.
2133 4166 2285 4217 1327.
