<?xml version="1.0" encoding="UTF-8"?>
<!DOCTYPE html PUBLIC "-//W3C//DTD XHTML 1.0 Transitional//EN"
    "http://www.w3.org/TR/xhtml1/DTD/xhtml1-transitional.dtd">
<html xmlns="http://www.w3.org/1999/xhtml" xml:lang="en" lang="en">
 <head>
  <title>
</title>
<meta http-equiv="Content-Type" content="text/html;charset=utf-8" />
  <meta name='ocr-system' content='tesseract 3.04.00' />
  <meta name='ocr-capabilities' content='ocr_page ocr_carea ocr_par ocr_line ocrx_word'/>
</head>
<body>
  <div class='ocr_page' id='page_1' title='image "./dissertationess05junggoog_0426.png"; bbox 0 0 3281 5014; ppageno 0'>
   <div class='ocr_carea' id='block_1_1' title="bbox 638 403 2563 481">
    <p class='ocr_par' dir='ltr' id='par_1_1' title="bbox 638 403 2563 481">
     <span class='ocr_line' id='line_1_1' title="bbox 638 403 2563 481; baseline 0.001 -22"><span class='ocrx_word' id='word_1_1' title='bbox 638 408 746 459; x_wconf 80' lang='lat'><strong>420</strong></span> <span class='ocrx_word' id='word_1_2' title='bbox 1035 403 1288 458; x_wconf 90' lang='lat' dir='ltr'>XXXVI.</span> <span class='ocrx_word' id='word_1_3' title='bbox 1328 404 1410 459; x_wconf 92' lang='lat' dir='ltr'><strong>De</strong></span> <span class='ocrx_word' id='word_1_4' title='bbox 1450 408 1601 458; x_wconf 89' lang='lat' dir='ltr'><strong>statu</strong></span> <span class='ocrx_word' id='word_1_5' title='bbox 1639 404 1922 460; x_wconf 81' lang='lat' dir='ltr'><strong>Ecclesiae</strong></span> <span class='ocrx_word' id='word_1_6' title='bbox 1958 411 2225 481; x_wconf 79' lang='lat' dir='ltr'><strong>vergente</strong></span> <span class='ocrx_word' id='word_1_7' title='bbox 2264 421 2404 460; x_wconf 86' lang='lat' dir='ltr'><strong>saec.</strong></span> <span class='ocrx_word' id='word_1_8' title='bbox 2444 405 2563 460; x_wconf 90' lang='lat' dir='ltr'><strong>XV.</strong></span> 
     </span>
    </p>
   </div>
   <div class='ocr_carea' id='block_1_2' title="bbox 641 545 2970 824">
    <p class='ocr_par' dir='ltr' id='par_1_2' title="bbox 641 545 2970 824">
     <span class='ocr_line' id='line_1_2' title="bbox 649 545 2967 624; baseline 0.002 -13"><span class='ocrx_word' id='word_1_9' title='bbox 649 547 815 612; x_wconf 88' lang='grc'>1464</span> <span class='ocrx_word' id='word_1_10' title='bbox 877 551 1130 611; x_wconf 90' lang='lat' dir='ltr'><strong>creatus</strong></span> <span class='ocrx_word' id='word_1_11' title='bbox 1195 550 1293 612; x_wconf 93' lang='lat' dir='ltr'><strong>est</strong></span> <span class='ocrx_word' id='word_1_12' title='bbox 1354 545 1748 624; x_wconf 76' lang='lat' dir='ltr'><strong>CardinaliS,</strong></span> <span class='ocrx_word' id='word_1_13' title='bbox 1814 554 1879 611; x_wconf 91' lang='lat' dir='ltr'><strong>et</strong></span> <span class='ocrx_word' id='word_1_14' title='bbox 1941 569 1996 612; x_wconf 89' lang='lat' dir='ltr'><strong>a.</strong></span> <span class='ocrx_word' id='word_1_15' title='bbox 2052 549 2209 614; x_wconf 89' lang='lat'>1471</span> <span class='ocrx_word' id='word_1_16' title='bbox 2282 550 2350 612; x_wconf 92' lang='lat' dir='ltr'><strong>in</strong></span> <span class='ocrx_word' id='word_1_17' title='bbox 2412 571 2731 614; x_wconf 90' lang='lat' dir='ltr'><strong>summum</strong></span> <span class='ocrx_word' id='word_1_18' title='bbox 2794 551 2967 615; x_wconf 90' lang='lat' dir='ltr'><strong>Pon-</strong></span> 
     </span>
     <span class='ocr_line' id='line_1_3' title="bbox 641 641 2964 725; baseline 0.001 -17"><span class='ocrx_word' id='word_1_19' title='bbox 641 644 877 709; x_wconf 90' lang='lat' dir='ltr'><strong>tificem</strong></span> <span class='ocrx_word' id='word_1_20' title='bbox 940 643 1202 708; x_wconf 88' lang='lat' dir='ltr'><strong>electus.</strong></span> <span class='ocrx_word' id='word_1_21' title='bbox 1308 642 1557 708; x_wconf 89' lang='lat' dir='ltr'><strong>Bellum</strong></span> <span class='ocrx_word' id='word_1_22' title='bbox 1618 641 2126 709; x_wconf 88' lang='lat' dir='ltr'><strong>Christianorum</strong></span> <span class='ocrx_word' id='word_1_23' title='bbox 2189 650 2413 710; x_wconf 89' lang='lat' dir='ltr'><strong>contra</strong></span> <span class='ocrx_word' id='word_1_24' title='bbox 2470 645 2708 725; x_wconf 65' lang='lat' dir='ltr'><strong>Tur-cas</strong></span> <span class='ocrx_word' id='word_1_25' title='bbox 2764 648 2964 712; x_wconf 83' lang='lat' dir='ltr'><strong>etiam</strong></span> 
     </span>
     <span class='ocr_line' id='line_1_4' title="bbox 641 739 2970 824; baseline 0.001 -19"><span class='ocrx_word' id='word_1_26' title='bbox 641 741 746 805; x_wconf 91' lang='lat' dir='ltr'><strong>hic</strong></span> <span class='ocrx_word' id='word_1_27' title='bbox 807 739 1116 805; x_wconf 74' lang='lat' dir='ltr'><strong>Pontifex</strong></span> <span class='ocrx_word' id='word_1_28' title='bbox 1178 741 1410 806; x_wconf 87' lang='lat' dir='ltr'><strong>acriter</strong></span> <span class='ocrx_word' id='word_1_29' title='bbox 1473 740 1793 824; x_wconf 82' lang='lat' dir='ltr'><strong>promovit</strong></span> <span class='ocrx_word' id='word_1_30' title='bbox 1853 746 1920 805; x_wconf 90' lang='lat' dir='ltr'><strong>et</strong></span> <span class='ocrx_word' id='word_1_31' title='bbox 1982 741 2172 807; x_wconf 90' lang='lat' dir='ltr'><strong>rebus</strong></span> <span class='ocrx_word' id='word_1_32' title='bbox 2236 742 2678 808; x_wconf 84' lang='lat' dir='ltr'><strong>ecclesiasticis</strong></span> <span class='ocrx_word' id='word_1_33' title='bbox 2741 744 2970 809; x_wconf 86' lang='lat' dir='ltr'><strong>sedulo</strong></span> 
     </span>
    </p>
   </div>
   <div class='ocr_carea' id='block_1_3' title="bbox 2278 722 2481 730">
    <p class='ocr_par' dir='ltr' id='par_1_3' title="bbox 2278 722 2481 730">
     <span class='ocr_line' id='line_1_5' title="bbox 2278 722 2481 730; baseline 0 4284"><span class='ocrx_word' id='word_1_34' title='bbox 2278 722 2481 730; x_wconf 95' lang='lat' dir='ltr'><strong> </strong></span> 
     </span>
    </p>
   </div>
   <div class='ocr_carea' id='block_1_4' title="bbox 643 836 3093 923">
    <p class='ocr_par' dir='ltr' id='par_1_4' title="bbox 643 836 3093 923">
     <span class='ocr_line' id='line_1_6' title="bbox 643 836 3093 923; baseline 0 -20"><span class='ocrx_word' id='word_1_35' title='bbox 643 839 973 923; x_wconf 88' lang='lat' dir='ltr'><strong>providere</strong></span> <span class='ocrx_word' id='word_1_36' title='bbox 1032 837 1313 920; x_wconf 82' lang='lat' dir='ltr'><strong>studuit3</strong></span> <span class='ocrx_word' id='word_1_37' title='bbox 1377 859 1490 920; x_wconf 89' lang='lat' dir='ltr'><strong>per</strong></span> <span class='ocrx_word' id='word_1_38' title='bbox 1548 836 1807 901; x_wconf 87' lang='lat' dir='ltr'><strong>Bullam</strong></span> <span class='ocrx_word' id='word_1_39' title='bbox 1872 836 2065 902; x_wconf 84' lang='lat' dir='ltr'><strong>Mare</strong></span> <span class='ocrx_word' id='word_1_40' title='bbox 2123 858 2434 920; x_wconf 71' lang='lat' dir='ltr'><strong>maynum</strong></span> <span class='ocrx_word' id='word_1_41' title='bbox 2497 838 2967 922; x_wconf 84' lang='lat' dir='ltr'><strong>Religiosorum</strong></span> <span class='ocrx_word' id='word_1_42' title='bbox 3088 889 3093 894; x_wconf 88' lang='lat'>.</span> 
     </span>
    </p>
   </div>
   <div class='ocr_carea' id='block_1_5' title="bbox 642 933 2973 1310">
    <p class='ocr_par' dir='ltr' id='par_1_5' title="bbox 642 933 2973 1310">
     <span class='ocr_line' id='line_1_7' title="bbox 643 933 2969 1020; baseline 0.001 -21"><span class='ocrx_word' id='word_1_43' title='bbox 643 937 923 1016; x_wconf 83' lang='lat' dir='ltr'><strong>firmavit</strong></span> <span class='ocrx_word' id='word_1_44' title='bbox 984 934 1347 1019; x_wconf 83' lang='lat' dir='ltr'><strong>privilegia,</strong></span> <span class='ocrx_word' id='word_1_45' title='bbox 1410 939 1478 998; x_wconf 90' lang='lat' dir='ltr'><strong>et</strong></span> <span class='ocrx_word' id='word_1_46' title='bbox 1535 935 1777 998; x_wconf 89' lang='lat' dir='ltr'><strong>cultum</strong></span> <span class='ocrx_word' id='word_1_47' title='bbox 1834 933 1908 999; x_wconf 92' lang='lat' dir='ltr'><strong>B.</strong></span> <span class='ocrx_word' id='word_1_48' title='bbox 1958 934 2046 1000; x_wconf 88' lang='lat' dir='ltr'><strong>M.</strong></span> <span class='ocrx_word' id='word_1_49' title='bbox 2077 936 2189 1013; x_wconf 93' lang='lat' dir='ltr'><strong>V.,</strong></span> <span class='ocrx_word' id='word_1_50' title='bbox 2253 937 2590 1020; x_wconf 83' lang='lat' dir='ltr'>praecipue</span> <span class='ocrx_word' id='word_1_51' title='bbox 2645 937 2969 1001; x_wconf 87' lang='lat' dir='ltr'><strong>Immacu-</strong></span> 
     </span>
     <span class='ocr_line' id='line_1_8' title="bbox 642 1031 2970 1117; baseline 0 -21"><span class='ocrx_word' id='word_1_52' title='bbox 642 1036 816 1097; x_wconf 82' lang='lat' dir='ltr'><strong>latae</strong></span> <span class='ocrx_word' id='word_1_53' title='bbox 871 1031 1360 1114; x_wconf 86' lang='lat' dir='ltr'><strong>Conceptionis,</strong></span> <span class='ocrx_word' id='word_1_54' title='bbox 1425 1031 1713 1114; x_wconf 89' lang='lat' dir='ltr'><strong>impense</strong></span> <span class='ocrx_word' id='word_1_55' title='bbox 1774 1031 1953 1096; x_wconf 84' lang='lat' dir='ltr'><strong>fovit.</strong></span> <span class='ocrx_word' id='word_1_56' title='bbox 2022 1068 2110 1077; x_wconf 88' lang='lat'>-</span> <span class='ocrx_word' id='word_1_57' title='bbox 2173 1032 2450 1096; x_wconf 91' lang='lat' dir='ltr'><strong>Multum</strong></span> <span class='ocrx_word' id='word_1_58' title='bbox 2503 1055 2756 1117; x_wconf 89' lang='lat' dir='ltr'><strong>quoque</strong></span> <span class='ocrx_word' id='word_1_59' title='bbox 2817 1031 2970 1099; x_wconf 84' lang='lat' dir='ltr'><strong>Six-</strong></span> 
     </span>
     <span class='ocr_line' id='line_1_9' title="bbox 643 1127 2973 1213; baseline -0.001 -18"><span class='ocrx_word' id='word_1_60' title='bbox 643 1135 751 1195; x_wconf 89' lang='lat' dir='ltr'><strong>tus</strong></span> <span class='ocrx_word' id='word_1_61' title='bbox 807 1127 923 1194; x_wconf 90' lang='lat' dir='ltr'><strong>IV.</strong></span> <span class='ocrx_word' id='word_1_62' title='bbox 996 1134 1061 1192; x_wconf 91' lang='lat' dir='ltr'><strong>et</strong></span> <span class='ocrx_word' id='word_1_63' title='bbox 1128 1127 1237 1211; x_wconf 92' lang='lat' dir='ltr'><strong>qui</strong></span> <span class='ocrx_word' id='word_1_64' title='bbox 1313 1149 1454 1192; x_wconf 89' lang='lat' dir='ltr'><strong>eum</strong></span> <span class='ocrx_word' id='word_1_65' title='bbox 1527 1128 1728 1192; x_wconf 87' lang='lat' dir='ltr'><strong>secuti</strong></span> <span class='ocrx_word' id='word_1_66' title='bbox 1803 1134 1958 1192; x_wconf 89' lang='lat' dir='ltr'><strong>sunt</strong></span> <span class='ocrx_word' id='word_1_67' title='bbox 2015 1129 2365 1194; x_wconf 89' lang='lat' dir='ltr'><strong>Pontifices</strong></span> <span class='ocrx_word' id='word_1_68' title='bbox 2434 1129 2624 1194; x_wconf 90' lang='lat' dir='ltr'><strong>rebus</strong></span> <span class='ocrx_word' id='word_1_69' title='bbox 2689 1130 2973 1213; x_wconf 75' lang='lat' dir='ltr'><strong>politicis</strong></span> 
     </span>
     <span class='ocr_line' id='line_1_10' title="bbox 645 1222 2965 1310; baseline -0 -19"><span class='ocrx_word' id='word_1_70' title='bbox 645 1226 879 1292; x_wconf 90' lang='lat' dir='ltr'><strong>Italiae</strong></span> <span class='ocrx_word' id='word_1_71' title='bbox 924 1247 992 1289; x_wconf 92' lang='lat' dir='ltr'><strong>se</strong></span> <span class='ocrx_word' id='word_1_72' title='bbox 1035 1225 1365 1307; x_wconf 86' lang='lat' dir='ltr'><strong>implicare</strong></span> <span class='ocrx_word' id='word_1_73' title='bbox 1412 1223 1729 1289; x_wconf 70' lang='lat' dir='ltr'><strong>debuere.¹</strong></span> <span class='ocrx_word' id='word_1_74' title='bbox 1798 1222 2134 1308; x_wconf 83' lang='lat' dir='ltr'><strong>Principes</strong></span> <span class='ocrx_word' id='word_1_75' title='bbox 2189 1225 2487 1292; x_wconf 86' lang='lat' dir='ltr'><strong>videlicet</strong></span> <span class='ocrx_word' id='word_1_76' title='bbox 2533 1226 2765 1291; x_wconf 87' lang='lat' dir='ltr'><strong>Italiae</strong></span> <span class='ocrx_word' id='word_1_77' title='bbox 2819 1227 2965 1310; x_wconf 92' lang='lat' dir='ltr'><strong>qui-</strong></span> 
     </span>
    </p>
   </div>
   <div class='ocr_carea' id='block_1_6' title="bbox 647 1320 2977 2458">
    <p class='ocr_par' dir='ltr' id='par_1_6' title="bbox 647 1320 2977 2458">
     <span class='ocr_line' id='line_1_11' title="bbox 647 1320 2976 1407; baseline -0 -20"><span class='ocrx_word' id='word_1_78' title='bbox 647 1326 1043 1406; x_wconf 88' lang='lat' dir='ltr'><strong>buscumque</strong></span> <span class='ocrx_word' id='word_1_79' title='bbox 1107 1320 1328 1385; x_wconf 89' lang='lat' dir='ltr'><strong>mediis</strong></span> <span class='ocrx_word' id='word_1_80' title='bbox 1399 1342 1473 1386; x_wconf 89' lang='lat' dir='ltr'><strong>eo</strong></span> <span class='ocrx_word' id='word_1_81' title='bbox 1538 1327 1829 1404; x_wconf 86' lang='lat' dir='ltr'><strong>tempore</strong></span> <span class='ocrx_word' id='word_1_82' title='bbox 1899 1323 2262 1405; x_wconf 89' lang='lat' dir='ltr'><strong>potentiam</strong></span> <span class='ocrx_word' id='word_1_83' title='bbox 2330 1344 2510 1386; x_wconf 88' lang='lat' dir='ltr'><strong>suam</strong></span> <span class='ocrx_word' id='word_1_84' title='bbox 2580 1324 2976 1407; x_wconf 83' lang='lat' dir='ltr'><strong>amplificare</strong></span> 
     </span>
     <span class='ocr_line' id='line_1_12' title="bbox 649 1416 2973 1504; baseline -0.001 -18"><span class='ocrx_word' id='word_1_85' title='bbox 649 1426 715 1486; x_wconf 92' lang='lat' dir='ltr'><strong>et</strong></span> <span class='ocrx_word' id='word_1_86' title='bbox 780 1420 1047 1484; x_wconf 86' lang='lat' dir='ltr'><strong>dilatare</strong></span> <span class='ocrx_word' id='word_1_87' title='bbox 1126 1418 1505 1496; x_wconf 76' lang='lat' dir='ltr'><strong>studebant,</strong></span> <span class='ocrx_word' id='word_1_88' title='bbox 1585 1416 1744 1481; x_wconf 91' lang='lat' dir='ltr'><strong>adeo</strong></span> <span class='ocrx_word' id='word_1_89' title='bbox 1817 1422 1892 1482; x_wconf 93' lang='lat' dir='ltr'><strong>ut</strong></span> <span class='ocrx_word' id='word_1_90' title='bbox 1972 1418 2249 1484; x_wconf 87' lang='lat' dir='ltr'><strong>Romani</strong></span> <span class='ocrx_word' id='word_1_91' title='bbox 2325 1419 2671 1485; x_wconf 89' lang='lat' dir='ltr'><strong>Pontifices</strong></span> <span class='ocrx_word' id='word_1_92' title='bbox 2748 1419 2973 1504; x_wconf 86' lang='lat' dir='ltr'><strong>adige-</strong></span> 
     </span>
     <span class='ocr_line' id='line_1_13' title="bbox 647 1514 2964 1598; baseline -0.003 -12"><span class='ocrx_word' id='word_1_93' title='bbox 647 1523 903 1592; x_wconf 90' lang='lat' dir='ltr'><strong>rentur,</strong></span> <span class='ocrx_word' id='word_1_94' title='bbox 975 1518 1049 1579; x_wconf 89' lang='lat' dir='ltr'><strong>ut</strong></span> <span class='ocrx_word' id='word_1_95' title='bbox 1117 1515 1194 1577; x_wconf 91' lang='lat' dir='ltr'><strong>de</strong></span> <span class='ocrx_word' id='word_1_96' title='bbox 1259 1514 1511 1598; x_wconf 85' lang='lat' dir='ltr'><strong>juribus</strong></span> <span class='ocrx_word' id='word_1_97' title='bbox 1579 1516 1711 1578; x_wconf 89' lang='lat' dir='ltr'><strong>suis</strong></span> <span class='ocrx_word' id='word_1_98' title='bbox 1784 1536 1858 1579; x_wconf 88' lang='lat' dir='ltr'><strong>ac</strong></span> <span class='ocrx_word' id='word_1_99' title='bbox 1922 1514 2000 1579; x_wconf 91' lang='lat' dir='ltr'><strong>de</strong></span> <span class='ocrx_word' id='word_1_100' title='bbox 2062 1515 2306 1580; x_wconf 75' lang='lat' dir='ltr'><strong>ditione</strong></span> <span class='ocrx_word' id='word_1_101' title='bbox 2368 1517 2795 1581; x_wconf 88' lang='lat' dir='ltr'><strong>ecclesiastica</strong></span> <span class='ocrx_word' id='word_1_102' title='bbox 2855 1516 2964 1579; x_wconf 91' lang='lat' dir='ltr'><strong>de-</strong></span> 
     </span>
     <span class='ocr_line' id='line_1_14' title="bbox 647 1611 2970 1696; baseline -0.003 -13"><span class='ocrx_word' id='word_1_103' title='bbox 647 1614 983 1683; x_wconf 89' lang='lat' dir='ltr'><strong>fendendis</strong></span> <span class='ocrx_word' id='word_1_104' title='bbox 1042 1611 1225 1674; x_wconf 87' lang='lat' dir='ltr'><strong>valde</strong></span> <span class='ocrx_word' id='word_1_105' title='bbox 1284 1611 1543 1676; x_wconf 72' lang='lat' dir='ltr'><strong>solliciti</strong></span> <span class='ocrx_word' id='word_1_106' title='bbox 1600 1617 1848 1690; x_wconf 87' lang='lat' dir='ltr'><strong>essent,</strong></span> <span class='ocrx_word' id='word_1_107' title='bbox 1914 1614 2213 1696; x_wconf 86' lang='lat' dir='ltr'><strong>viresque</strong></span> <span class='ocrx_word' id='word_1_108' title='bbox 2269 1634 2412 1677; x_wconf 87' lang='lat' dir='ltr'><strong>suas</strong></span> <span class='ocrx_word' id='word_1_109' title='bbox 2468 1613 2545 1676; x_wconf 88' lang='lat' dir='ltr'><strong>ad</strong></span> <span class='ocrx_word' id='word_1_110' title='bbox 2603 1614 2666 1677; x_wconf 92' lang='lat' dir='ltr'><strong>id</strong></span> <span class='ocrx_word' id='word_1_111' title='bbox 2719 1614 2970 1696; x_wconf 89' lang='lat' dir='ltr'><strong>impen-</strong></span> 
     </span>
     <span class='ocr_line' id='line_1_15' title="bbox 649 1707 2973 1794; baseline -0.003 -15"><span class='ocrx_word' id='word_1_112' title='bbox 649 1716 893 1779; x_wconf 89' lang='lat' dir='ltr'><strong>derent.</strong></span> <span class='ocrx_word' id='word_1_113' title='bbox 1001 1707 1172 1772; x_wconf 85' lang='lat' dir='ltr'><strong>Sunt</strong></span> <span class='ocrx_word' id='word_1_114' title='bbox 1234 1707 1344 1792; x_wconf 90' lang='lat' dir='ltr'><strong>qui</strong></span> <span class='ocrx_word' id='word_1_115' title='bbox 1405 1708 1557 1773; x_wconf 89' lang='lat' dir='ltr'><strong>inde</strong></span> <span class='ocrx_word' id='word_1_116' title='bbox 1616 1731 1654 1772; x_wconf 89' lang='lat' dir='ltr'><strong>a</strong></span> <span class='ocrx_word' id='word_1_117' title='bbox 1718 1707 1900 1773; x_wconf 85' lang='lat' dir='ltr'><strong>Sixto</strong></span> <span class='ocrx_word' id='word_1_118' title='bbox 1946 1708 2060 1773; x_wconf 93' lang='lat' dir='ltr'><strong>IV.</strong></span> <span class='ocrx_word' id='word_1_119' title='bbox 2125 1731 2322 1794; x_wconf 86' lang='lat' dir='ltr'><strong>usque</strong></span> <span class='ocrx_word' id='word_1_120' title='bbox 2383 1711 2462 1774; x_wconf 91' lang='lat' dir='ltr'><strong>ad</strong></span> <span class='ocrx_word' id='word_1_121' title='bbox 2519 1709 2796 1775; x_wconf 86' lang='lat' dir='ltr'><strong>Paulum</strong></span> <span class='ocrx_word' id='word_1_122' title='bbox 2844 1709 2973 1774; x_wconf 83' lang='grc' dir='ltr'><strong>ΙΠ.</strong></span> 
     </span>
     <span class='ocr_line' id='line_1_16' title="bbox 651 1801 2967 1897; baseline -0.002 -22"><span class='ocrx_word' id='word_1_123' title='bbox 651 1804 996 1887; x_wconf 76' lang='lat' dir='ltr'><strong>Pontifices</strong></span> <span class='ocrx_word' id='word_1_124' title='bbox 1053 1801 1351 1897; x_wconf 50' lang='lat' dir='ltr'><strong>politicos</strong></span> <span class='ocrx_word' id='word_1_125' title='bbox 1409 1810 1789 1883; x_wconf 74' lang='lat' dir='ltr'><strong>numerant,</strong></span> <span class='ocrx_word' id='word_1_126' title='bbox 1850 1828 1924 1871; x_wconf 90' lang='lat' dir='ltr'><strong>eo</strong></span> <span class='ocrx_word' id='word_1_127' title='bbox 1986 1806 2154 1889; x_wconf 91' lang='lat' dir='ltr'><strong>quod</strong></span> <span class='ocrx_word' id='word_1_128' title='bbox 2210 1807 2400 1871; x_wconf 89' lang='lat' dir='ltr'><strong>rebus</strong></span> <span class='ocrx_word' id='word_1_129' title='bbox 2461 1807 2739 1890; x_wconf 89' lang='lat' dir='ltr'><strong>politicis</strong></span> <span class='ocrx_word' id='word_1_130' title='bbox 2793 1830 2967 1872; x_wconf 89' lang='lat' dir='ltr'><strong>com-</strong></span> 
     </span>
     <span class='ocr_line' id='line_1_17' title="bbox 654 1896 2977 1992; baseline -0.003 -21"><span class='ocrx_word' id='word_1_131' title='bbox 654 1904 965 1992; x_wconf 85' lang='lat' dir='ltr'><strong>ponendis</strong></span> <span class='ocrx_word' id='word_1_132' title='bbox 1026 1924 1177 1986; x_wconf 87' lang='lat' dir='ltr'><strong>prae</strong></span> <span class='ocrx_word' id='word_1_133' title='bbox 1233 1896 1375 1965; x_wconf 87' lang='lat' dir='ltr'><strong>aliis</strong></span> <span class='ocrx_word' id='word_1_134' title='bbox 1437 1903 1558 1984; x_wconf 89' lang='lat' dir='ltr'><strong>ipsi</strong></span> <span class='ocrx_word' id='word_1_135' title='bbox 1618 1903 2008 1967; x_wconf 85' lang='lat' dir='ltr'><strong>studuerint.</strong></span> <span class='ocrx_word' id='word_1_136' title='bbox 2110 1902 2346 1979; x_wconf 86' lang='lat' dir='ltr'><strong>Quodsi</strong></span> <span class='ocrx_word' id='word_1_137' title='bbox 2412 1904 2721 1988; x_wconf 89' lang='lat' dir='ltr'><strong>ejusmodi</strong></span> <span class='ocrx_word' id='word_1_138' title='bbox 2777 1904 2977 1968; x_wconf 81' lang='lat' dir='ltr'><strong>rebus</strong></span> 
     </span>
     <span class='ocr_line' id='line_1_18' title="bbox 652 1999 2976 2085; baseline -0.003 -16"><span class='ocrx_word' id='word_1_139' title='bbox 652 2025 877 2069; x_wconf 86' lang='lat' dir='ltr'><strong>revera</strong></span> <span class='ocrx_word' id='word_1_140' title='bbox 906 2001 1183 2064; x_wconf 88' lang='lat' dir='ltr'><strong>multum</strong></span> <span class='ocrx_word' id='word_1_141' title='bbox 1214 2019 1439 2062; x_wconf 87' lang='lat' dir='ltr'><strong>vacare</strong></span> <span class='ocrx_word' id='word_1_142' title='bbox 1487 1999 1603 2063; x_wconf 87' lang='lat' dir='ltr'><strong>visi</strong></span> <span class='ocrx_word' id='word_1_143' title='bbox 1645 2004 1816 2075; x_wconf 90' lang='lat' dir='ltr'><strong>sunt,</strong></span> <span class='ocrx_word' id='word_1_144' title='bbox 1865 2006 2220 2083; x_wconf 89' lang='lat' dir='ltr'><strong>temporum</strong></span> <span class='ocrx_word' id='word_1_145' title='bbox 2257 2000 2561 2085; x_wconf 86' lang='lat' dir='ltr'><strong>adjuncta</strong></span> <span class='ocrx_word' id='word_1_146' title='bbox 2605 2000 2670 2064; x_wconf 90' lang='lat' dir='ltr'><strong>id</strong></span> <span class='ocrx_word' id='word_1_147' title='bbox 2703 2001 2976 2066; x_wconf 87' lang='lat' dir='ltr'><strong>omnino</strong></span> 
     </span>
     <span class='ocr_line' id='line_1_19' title="bbox 655 2094 2972 2184; baseline -0.002 -19"><span class='ocrx_word' id='word_1_148' title='bbox 655 2098 1093 2184; x_wconf 83' lang='lat' dir='ltr'><strong>requirebant.</strong></span> <span class='ocrx_word' id='word_1_149' title='bbox 1185 2094 1288 2158; x_wconf 89' lang='lat' dir='ltr'><strong>Ab</strong></span> <span class='ocrx_word' id='word_1_150' title='bbox 1343 2117 1474 2160; x_wconf 89' lang='lat' dir='ltr'><strong>uno</strong></span> <span class='ocrx_word' id='word_1_151' title='bbox 1522 2096 1806 2160; x_wconf 86' lang='lat' dir='ltr'><strong>alterove</strong></span> <span class='ocrx_word' id='word_1_152' title='bbox 1860 2102 2082 2161; x_wconf 89' lang='lat' dir='ltr'><strong>tamen</strong></span> <span class='ocrx_word' id='word_1_153' title='bbox 2130 2117 2460 2160; x_wconf 85' lang='lat' dir='ltr'><strong>excessum</strong></span> <span class='ocrx_word' id='word_1_154' title='bbox 2520 2119 2655 2161; x_wconf 90' lang='lat' dir='ltr'><strong>esse</strong></span> <span class='ocrx_word' id='word_1_155' title='bbox 2703 2099 2972 2175; x_wconf 81' lang='lat' dir='ltr'><strong>factum,</strong></span> 
     </span>
     <span class='ocr_line' id='line_1_20' title="bbox 656 2192 2975 2276; baseline -0.002 -15"><span class='ocrx_word' id='word_1_156' title='bbox 656 2199 754 2261; x_wconf 85' lang='lat' dir='ltr'><strong>vel</strong></span> <span class='ocrx_word' id='word_1_157' title='bbox 810 2193 961 2259; x_wconf 90' lang='lat' dir='ltr'><strong>inde</strong></span> <span class='ocrx_word' id='word_1_158' title='bbox 1017 2192 1259 2276; x_wconf 89' lang='lat' dir='ltr'><strong>aliquid</strong></span> <span class='ocrx_word' id='word_1_159' title='bbox 1317 2214 1505 2256; x_wconf 92' lang='lat' dir='ltr'><strong>curae</strong></span> <span class='ocrx_word' id='word_1_160' title='bbox 1559 2192 1751 2256; x_wconf 89' lang='lat' dir='ltr'><strong>rebus</strong></span> <span class='ocrx_word' id='word_1_161' title='bbox 1816 2193 2259 2276; x_wconf 88' lang='lat' dir='ltr'><strong>spiritualibus</strong></span> <span class='ocrx_word' id='word_1_162' title='bbox 2323 2194 2771 2275; x_wconf 86' lang='lat' dir='ltr'><strong>promovendis</strong></span> <span class='ocrx_word' id='word_1_163' title='bbox 2831 2214 2975 2257; x_wconf 88' lang='lat' dir='ltr'><strong>esse</strong></span> 
     </span>
     <span class='ocr_line' id='line_1_21' title="bbox 656 2289 2970 2373; baseline -0.003 -13"><span class='ocrx_word' id='word_1_164' title='bbox 656 2296 1092 2367; x_wconf 87' lang='lat' dir='ltr'><strong>subtractum,</strong></span> <span class='ocrx_word' id='word_1_165' title='bbox 1147 2311 1278 2352; x_wconf 89' lang='lat' dir='ltr'><strong>non</strong></span> <span class='ocrx_word' id='word_1_166' title='bbox 1329 2295 1426 2354; x_wconf 89' lang='lat' dir='ltr'><strong>est</strong></span> <span class='ocrx_word' id='word_1_167' title='bbox 1472 2312 1583 2355; x_wconf 92' lang='lat' dir='ltr'><strong>cur</strong></span> <span class='ocrx_word' id='word_1_168' title='bbox 1636 2290 2027 2365; x_wconf 86' lang='lat' dir='ltr'><strong>inficiemur;</strong></span> <span class='ocrx_word' id='word_1_169' title='bbox 2083 2311 2295 2373; x_wconf 88' lang='lat' dir='ltr'><strong>neque</strong></span> <span class='ocrx_word' id='word_1_170' title='bbox 2340 2311 2589 2373; x_wconf 88' lang='lat' dir='ltr'><strong>semper</strong></span> <span class='ocrx_word' id='word_1_171' title='bbox 2634 2291 2851 2355; x_wconf 86' lang='lat' dir='ltr'><strong>felices</strong></span> <span class='ocrx_word' id='word_1_172' title='bbox 2897 2289 2970 2353; x_wconf 85' lang='lat' dir='ltr'><strong>in</strong></span> 
     </span>
     <span class='ocr_line' id='line_1_22' title="bbox 660 2385 2338 2458; baseline -0.004 0"><span class='ocrx_word' id='word_1_173' title='bbox 660 2389 943 2458; x_wconf 88' lang='lat' dir='ltr'><strong>consiliis</strong></span> <span class='ocrx_word' id='word_1_174' title='bbox 989 2388 1119 2451; x_wconf 90' lang='lat' dir='ltr'><strong>suis</strong></span> <span class='ocrx_word' id='word_1_175' title='bbox 1166 2390 1230 2450; x_wconf 91' lang='lat' dir='ltr'><strong>et</strong></span> <span class='ocrx_word' id='word_1_176' title='bbox 1279 2386 1611 2451; x_wconf 86' lang='lat' dir='ltr'><strong>conatibus</strong></span> <span class='ocrx_word' id='word_1_177' title='bbox 1658 2386 1926 2450; x_wconf 89' lang='lat' dir='ltr'><strong>fuerunt</strong></span> <span class='ocrx_word' id='word_1_178' title='bbox 1973 2385 2338 2451; x_wconf 72' lang='lat' dir='ltr'><strong>Pontifices,</strong></span> 
     </span>
    </p>
   </div>
   <div class='ocr_carea' id='block_1_7' title="bbox 840 2551 2973 2639">
    <p class='ocr_par' dir='ltr' id='par_1_7' title="bbox 840 2551 2973 2639">
     <span class='ocr_line' id='line_1_23' title="bbox 840 2551 2973 2639; baseline -0.002 -19"><span class='ocrx_word' id='word_1_179' title='bbox 840 2559 941 2620; x_wconf 83' lang='lat'><strong>25.</strong></span> <span class='ocrx_word' id='word_1_180' title='bbox 1011 2554 1329 2619; x_wconf 89' lang='lat' dir='ltr'><strong>Nonnulli</strong></span> <span class='ocrx_word' id='word_1_181' title='bbox 1398 2554 1768 2636; x_wconf 85' lang='lat' dir='ltr'><strong>scriptores,</strong></span> <span class='ocrx_word' id='word_1_182' title='bbox 1840 2560 1914 2619; x_wconf 92' lang='lat' dir='ltr'><strong>ut</strong></span> <span class='ocrx_word' id='word_1_183' title='bbox 1983 2555 2083 2618; x_wconf 90' lang='lat' dir='ltr'><strong>vel</strong></span> <span class='ocrx_word' id='word_1_184' title='bbox 2151 2556 2290 2638; x_wconf 89' lang='lat' dir='ltr'><strong>ipse</strong></span> <span class='ocrx_word' id='word_1_185' title='bbox 2361 2554 2727 2639; x_wconf 90' lang='lat' dir='ltr'><strong>Onuphrius</strong></span> <span class='ocrx_word' id='word_1_186' title='bbox 2795 2551 2973 2616; x_wconf 84' lang='lat' dir='ltr'><strong>Pan·</strong></span> 
     </span>
    </p>
   </div>
   <div class='ocr_carea' id='block_1_8' title="bbox 609 2648 2975 2737">
    <p class='ocr_par' dir='ltr' id='par_1_8' title="bbox 609 2648 2975 2737">
     <span class='ocr_line' id='line_1_24' title="bbox 609 2648 2975 2737; baseline -0.003 -20"><span class='ocrx_word' id='word_1_187' title='bbox 609 2667 615 2673; x_wconf 82' lang='lat'>&#39;</span> <span class='ocrx_word' id='word_1_188' title='bbox 665 2657 872 2730; x_wconf 78' lang='lat' dir='ltr'><strong>vinuS,</strong></span> <span class='ocrx_word' id='word_1_189' title='bbox 922 2653 1031 2737; x_wconf 87' lang='lat' dir='ltr'><strong>qui</strong></span> <span class='ocrx_word' id='word_1_190' title='bbox 1077 2655 1221 2734; x_wconf 91' lang='lat' dir='ltr'><strong>post</strong></span> <span class='ocrx_word' id='word_1_191' title='bbox 1263 2649 1582 2714; x_wconf 85' lang='lat' dir='ltr'><strong>Platinam</strong></span> <span class='ocrx_word' id='word_1_192' title='bbox 1630 2650 1782 2714; x_wconf 91' lang='lat' dir='ltr'><strong>inde</strong></span> <span class='ocrx_word' id='word_1_193' title='bbox 1829 2674 1867 2715; x_wconf 88' lang='lat' dir='ltr'><strong>a</strong></span> <span class='ocrx_word' id='word_1_194' title='bbox 1911 2650 2094 2716; x_wconf 83' lang='lat' dir='ltr'><strong>Sixto</strong></span> <span class='ocrx_word' id='word_1_195' title='bbox 2139 2650 2250 2716; x_wconf 91' lang='lat' dir='ltr'><strong>IV.</strong></span> <span class='ocrx_word' id='word_1_196' title='bbox 2296 2674 2496 2736; x_wconf 88' lang='lat' dir='ltr'><strong>usque</strong></span> <span class='ocrx_word' id='word_1_197' title='bbox 2541 2651 2620 2716; x_wconf 92' lang='lat' dir='ltr'><strong>ad</strong></span> <span class='ocrx_word' id='word_1_198' title='bbox 2669 2650 2855 2714; x_wconf 89' lang='lat' dir='ltr'><strong>Pium</strong></span> <span class='ocrx_word' id='word_1_199' title='bbox 2888 2648 2975 2712; x_wconf 87' lang='lat' dir='ltr'><strong>V.</strong></span> 
     </span>
    </p>
   </div>
   <div class='ocr_carea' id='block_1_9' title="bbox 660 2746 2983 3800">
    <p class='ocr_par' dir='ltr' id='par_1_9' title="bbox 660 2746 2983 3800">
     <span class='ocr_line' id='line_1_25' title="bbox 677 2746 2971 2832; baseline -0.004 -16"><span class='ocrx_word' id='word_1_200' title='bbox 677 2750 856 2816; x_wconf 80' lang='lat' dir='ltr'><strong>Vitas</strong></span> <span class='ocrx_word' id='word_1_201' title='bbox 903 2746 1296 2827; x_wconf 81' lang='lat' dir='ltr'><strong>Pontificum</strong></span> <span class='ocrx_word' id='word_1_202' title='bbox 1350 2748 1629 2830; x_wconf 88' lang='lat' dir='ltr'><strong>scripsit,</strong></span> <span class='ocrx_word' id='word_1_203' title='bbox 1685 2752 1969 2831; x_wconf 84' lang='lat' dir='ltr'><strong>arguunt</strong></span> <span class='ocrx_word' id='word_1_204' title='bbox 2024 2746 2278 2814; x_wconf 87' lang='lat' dir='ltr'><strong>Sixtum</strong></span> <span class='ocrx_word' id='word_1_205' title='bbox 2329 2748 2473 2825; x_wconf 94' lang='lat' dir='ltr'><strong>IV.,</strong></span> <span class='ocrx_word' id='word_1_206' title='bbox 2531 2748 2699 2832; x_wconf 89' lang='lat' dir='ltr'><strong>quod</strong></span> <span class='ocrx_word' id='word_1_207' title='bbox 2756 2746 2971 2811; x_wconf 85' lang='lat' dir='ltr'><strong>odium</strong></span> 
     </span>
     <span class='ocr_line' id='line_1_26' title="bbox 660 2842 2975 2918; baseline -0.003 -4"><span class='ocrx_word' id='word_1_208' title='bbox 660 2851 832 2913; x_wconf 88' lang='lat' dir='ltr'><strong>inter</strong></span> <span class='ocrx_word' id='word_1_209' title='bbox 879 2845 1286 2910; x_wconf 88' lang='lat' dir='ltr'><strong>Florentinas</strong></span> <span class='ocrx_word' id='word_1_210' title='bbox 1350 2842 1779 2908; x_wconf 87' lang='lat' dir='ltr'><strong>Mediceorum</strong></span> <span class='ocrx_word' id='word_1_211' title='bbox 1837 2850 1903 2908; x_wconf 86' lang='lat' dir='ltr'><strong>et</strong></span> <span class='ocrx_word' id='word_1_212' title='bbox 1954 2845 2324 2910; x_wconf 88' lang='lat' dir='ltr'><strong>Pazziorum</strong></span> <span class='ocrx_word' id='word_1_213' title='bbox 2380 2845 2656 2909; x_wconf 86' lang='lat' dir='ltr'><strong>familias</strong></span> <span class='ocrx_word' id='word_1_214' title='bbox 2712 2843 2975 2918; x_wconf 69' lang='lat' dir='ltr'><strong>foverit,</strong></span> 
     </span>
     <span class='ocr_line' id='line_1_27' title="bbox 661 2939 2980 3026; baseline -0.005 -14"><span class='ocrx_word' id='word_1_215' title='bbox 661 2969 735 3011; x_wconf 84' lang='lat' dir='ltr'><strong>ac</strong></span> <span class='ocrx_word' id='word_1_216' title='bbox 809 2945 1092 3009; x_wconf 88' lang='lat' dir='ltr'><strong>famosae</strong></span> <span class='ocrx_word' id='word_1_217' title='bbox 1170 2941 1394 3005; x_wconf 87' lang='lat' dir='ltr'><strong>horum</strong></span> <span class='ocrx_word' id='word_1_218' title='bbox 1464 2941 1532 3004; x_wconf 91' lang='lat' dir='ltr'><strong>in</strong></span> <span class='ocrx_word' id='word_1_219' title='bbox 1608 2941 1752 3005; x_wconf 88' lang='lat' dir='ltr'><strong>illos</strong></span> <span class='ocrx_word' id='word_1_220' title='bbox 1827 2942 2292 3026; x_wconf 59' lang='lat' dir='ltr'><strong>conjurationis</strong></span> <span class='ocrx_word' id='word_1_221' title='bbox 2368 2943 2685 3025; x_wconf 85' lang='lat' dir='ltr'><strong>particeps</strong></span> <span class='ocrx_word' id='word_1_222' title='bbox 2754 2939 2980 3003; x_wconf 81' lang='lat' dir='ltr'><strong>fuerit.</strong></span> 
     </span>
     <span class='ocr_line' id='line_1_28' title="bbox 664 3036 2981 3124; baseline -0.004 -17"><span class='ocrx_word' id='word_1_223' title='bbox 664 3043 803 3107; x_wconf 91' lang='lat' dir='ltr'><strong>Imo</strong></span> <span class='ocrx_word' id='word_1_224' title='bbox 880 3038 1390 3124; x_wconf 87' lang='lat' dir='ltr'><strong>conjurationem</strong></span> <span class='ocrx_word' id='word_1_225' title='bbox 1464 3038 1532 3101; x_wconf 91' lang='lat' dir='ltr'><strong>in</strong></span> <span class='ocrx_word' id='word_1_226' title='bbox 1609 3036 1871 3102; x_wconf 87' lang='lat' dir='ltr'><strong>aedibus</strong></span> <span class='ocrx_word' id='word_1_227' title='bbox 1926 3038 2261 3103; x_wconf 81' lang='lat' dir='ltr'><strong>Vaticanis</strong></span> <span class='ocrx_word' id='word_1_228' title='bbox 2340 3038 2709 3121; x_wconf 87' lang='lat' dir='ltr'><strong>dispositam</strong></span> <span class='ocrx_word' id='word_1_229' title='bbox 2778 3036 2981 3101; x_wconf 81' lang='lat' dir='ltr'><strong>fuisse</strong></span> 
     </span>
     <span class='ocr_line' id='line_1_29' title="bbox 665 3132 2981 3219; baseline -0.004 -16"><span class='ocrx_word' id='word_1_230' title='bbox 665 3138 893 3203; x_wconf 88' lang='lat' dir='ltr'><strong>asserit</strong></span> <span class='ocrx_word' id='word_1_231' title='bbox 938 3135 1196 3211; x_wconf 73' lang='lat' dir='ltr'><strong>Villari3</strong></span> <span class='ocrx_word' id='word_1_232' title='bbox 1221 3132 1267 3214; x_wconf 87' lang='lat'><strong>¹)</strong></span> <span class='ocrx_word' id='word_1_233' title='bbox 1325 3156 1398 3199; x_wconf 91' lang='lat' dir='ltr'><strong>ac</strong></span> <span class='ocrx_word' id='word_1_234' title='bbox 1441 3133 1875 3219; x_wconf 84' lang='lat' dir='ltr'><strong>Gregorovius</strong></span> <span class='ocrx_word' id='word_1_235' title='bbox 1924 3134 2286 3213; x_wconf 86' lang='lat' dir='ltr'><strong>contendit,</strong></span> <span class='ocrx_word' id='word_1_236' title='bbox 2350 3135 2729 3199; x_wconf 87' lang='lat' dir='ltr'><strong>Pontificem</strong></span> <span class='ocrx_word' id='word_1_237' title='bbox 2776 3132 2981 3197; x_wconf 87' lang='lat' dir='ltr'><strong>fuisse</strong></span> 
     </span>
     <span class='ocr_line' id='line_1_30' title="bbox 663 3230 2980 3320; baseline -0.004 -20"><span class='ocrx_word' id='word_1_238' title='bbox 663 3232 1128 3320; x_wconf 87' lang='lat' dir='ltr'><strong>conjurationis</strong></span> <span class='ocrx_word' id='word_1_239' title='bbox 1188 3232 1360 3295; x_wconf 90' lang='lat' dir='ltr'><strong>illius</strong></span> <span class='ocrx_word' id='word_1_240' title='bbox 1436 3235 1628 3314; x_wconf 90' lang='lat' dir='ltr'><strong>caput</strong></span> <span class='ocrx_word' id='word_1_241' title='bbox 1686 3231 2035 3313; x_wconf 87' lang='lat' dir='ltr'><strong>politicum.</strong></span> <span class='ocrx_word' id='word_1_242' title='bbox 2059 3230 2108 3313; x_wconf 81' lang='lat'><strong>²)</strong></span> <span class='ocrx_word' id='word_1_243' title='bbox 2231 3233 2320 3295; x_wconf 90' lang='lat' dir='ltr'><strong>At</strong></span> <span class='ocrx_word' id='word_1_244' title='bbox 2392 3231 2632 3295; x_wconf 89' lang='lat' dir='ltr'><strong>solidae</strong></span> <span class='ocrx_word' id='word_1_245' title='bbox 2693 3230 2980 3294; x_wconf 82' lang='lat' dir='ltr'><strong>rationes</strong></span> 
     </span>
     <span class='ocr_line' id='line_1_31' title="bbox 664 3323 2978 3407; baseline -0.004 -9"><span class='ocrx_word' id='word_1_246' title='bbox 664 3355 793 3398; x_wconf 93' lang='lat' dir='ltr'><strong>non</strong></span> <span class='ocrx_word' id='word_1_247' title='bbox 868 3330 1141 3407; x_wconf 87' lang='lat' dir='ltr'><strong>adsunt,</strong></span> <span class='ocrx_word' id='word_1_248' title='bbox 1218 3350 1330 3392; x_wconf 89' lang='lat' dir='ltr'><strong>cur</strong></span> <span class='ocrx_word' id='word_1_249' title='bbox 1406 3349 1581 3393; x_wconf 89' lang='lat' dir='ltr'><strong>acres</strong></span> <span class='ocrx_word' id='word_1_250' title='bbox 1655 3328 1805 3391; x_wconf 86' lang='lat' dir='ltr'><strong>illae</strong></span> <span class='ocrx_word' id='word_1_251' title='bbox 1885 3329 2318 3393; x_wconf 86' lang='lat' dir='ltr'><strong>accusationes</strong></span> <span class='ocrx_word' id='word_1_252' title='bbox 2392 3328 2462 3392; x_wconf 93' lang='lat' dir='ltr'><strong>in</strong></span> <span class='ocrx_word' id='word_1_253' title='bbox 2534 3327 2786 3392; x_wconf 87' lang='lat' dir='ltr'><strong>Sixtum</strong></span> <span class='ocrx_word' id='word_1_254' title='bbox 2855 3323 2978 3389; x_wconf 85' lang='lat' dir='ltr'><strong>IV.</strong></span> 
     </span>
     <span class='ocr_line' id='line_1_32' title="bbox 664 3424 2973 3509; baseline -0.004 -16"><span class='ocrx_word' id='word_1_255' title='bbox 664 3430 979 3493; x_wconf 86' lang='lat' dir='ltr'><strong>ferantur.</strong></span> <span class='ocrx_word' id='word_1_256' title='bbox 1102 3424 1281 3501; x_wconf 86' lang='lat' dir='ltr'><strong>Quod</strong></span> <span class='ocrx_word' id='word_1_257' title='bbox 1345 3428 1416 3488; x_wconf 91' lang='lat' dir='ltr'><strong>ut</strong></span> <span class='ocrx_word' id='word_1_258' title='bbox 1483 3428 1707 3507; x_wconf 84' lang='lat' dir='ltr'><strong>pateat</strong></span> <span class='ocrx_word' id='word_1_259' title='bbox 1775 3429 2123 3489; x_wconf 85' lang='lat' dir='ltr'><strong>eventuum</strong></span> <span class='ocrx_word' id='word_1_260' title='bbox 2196 3426 2423 3489; x_wconf 89' lang='lat' dir='ltr'><strong>seriem</strong></span> <span class='ocrx_word' id='word_1_261' title='bbox 2495 3424 2715 3509; x_wconf 88' lang='lat' dir='ltr'><strong>paucis</strong></span> <span class='ocrx_word' id='word_1_262' title='bbox 2785 3444 2973 3490; x_wconf 88' lang='lat' dir='ltr'><strong>enar-</strong></span> 
     </span>
     <span class='ocr_line' id='line_1_33' title="bbox 665 3519 2982 3608; baseline -0.004 -17"><span class='ocrx_word' id='word_1_263' title='bbox 665 3527 966 3591; x_wconf 67' lang='lat' dir='ltr'><strong>rabimus</strong></span> <span class='ocrx_word' id='word_1_264' title='bbox 1020 3558 1106 3569; x_wconf 90' lang='lat'>-</span> <span class='ocrx_word' id='word_1_265' title='bbox 1161 3522 1240 3586; x_wconf 92' lang='lat' dir='ltr'><strong>In</strong></span> <span class='ocrx_word' id='word_1_266' title='bbox 1295 3521 1622 3603; x_wconf 90' lang='lat' dir='ltr'><strong>republica</strong></span> <span class='ocrx_word' id='word_1_267' title='bbox 1668 3519 2048 3586; x_wconf 86' lang='lat' dir='ltr'><strong>Florentina</strong></span> <span class='ocrx_word' id='word_1_268' title='bbox 2094 3521 2529 3608; x_wconf 79' lang='lat' dir='ltr'><strong>Mediceorum</strong></span> <span class='ocrx_word' id='word_1_269' title='bbox 2577 3521 2823 3585; x_wconf 86' lang='lat' dir='ltr'><strong>familia</strong></span> <span class='ocrx_word' id='word_1_270' title='bbox 2866 3541 2982 3582; x_wconf 83' lang='lat' dir='ltr'><strong>su-</strong></span> 
     </span>
     <span class='ocr_line' id='line_1_34' title="bbox 668 3609 2975 3706; baseline -0.004 -19"><span class='ocrx_word' id='word_1_271' title='bbox 668 3643 955 3706; x_wconf 89' lang='lat' dir='ltr'><strong>premum</strong></span> <span class='ocrx_word' id='word_1_272' title='bbox 1029 3619 1319 3703; x_wconf 87' lang='lat' dir='ltr'><strong>regimen</strong></span> <span class='ocrx_word' id='word_1_273' title='bbox 1385 3617 1533 3681; x_wconf 89' lang='lat' dir='ltr'><strong>inde</strong></span> <span class='ocrx_word' id='word_1_274' title='bbox 1600 3618 1683 3681; x_wconf 87' lang='lat' dir='ltr'><strong>ab</strong></span> <span class='ocrx_word' id='word_1_275' title='bbox 1752 3618 1940 3682; x_wconf 90' lang='lat' dir='ltr'><strong>initio</strong></span> <span class='ocrx_word' id='word_1_276' title='bbox 2007 3609 2239 3703; x_wconf 24' lang='lat' dir='ltr'><strong>hujus*</strong></span> <span class='ocrx_word' id='word_1_277' title='bbox 2274 3620 2507 3683; x_wconf 88' lang='lat' dir='ltr'><strong>saeculi</strong></span> <span class='ocrx_word' id='word_1_278' title='bbox 2576 3618 2697 3682; x_wconf 90' lang='lat' dir='ltr'><strong>sibi</strong></span> <span class='ocrx_word' id='word_1_279' title='bbox 2765 3615 2975 3680; x_wconf 86' lang='lat' dir='ltr'><strong>vindi-</strong></span> 
     </span>
     <span class='ocr_line' id='line_1_35' title="bbox 668 3713 2983 3800; baseline -0.003 -17"><span class='ocrx_word' id='word_1_280' title='bbox 668 3721 952 3798; x_wconf 85' lang='lat' dir='ltr'><strong>caverat,</strong></span> <span class='ocrx_word' id='word_1_281' title='bbox 1018 3722 1212 3800; x_wconf 88' lang='lat' dir='ltr'><strong>atque</strong></span> <span class='ocrx_word' id='word_1_282' title='bbox 1272 3714 1392 3779; x_wconf 92' lang='lat' dir='ltr'><strong>hoc</strong></span> <span class='ocrx_word' id='word_1_283' title='bbox 1452 3720 1738 3797; x_wconf 86' lang='lat' dir='ltr'><strong>tempore</strong></span> <span class='ocrx_word' id='word_1_284' title='bbox 1805 3713 2199 3780; x_wconf 87' lang='lat' dir='ltr'><strong>Laurentius</strong></span> <span class='ocrx_word' id='word_1_285' title='bbox 2261 3722 2326 3780; x_wconf 92' lang='lat' dir='ltr'><strong>et</strong></span> <span class='ocrx_word' id='word_1_286' title='bbox 2383 3716 2685 3781; x_wconf 84' lang='lat' dir='ltr'><strong>Julianus</strong></span> <span class='ocrx_word' id='word_1_287' title='bbox 2742 3714 2983 3778; x_wconf 83' lang='lat' dir='ltr'><strong>fratres</strong></span> 
     </span>
    </p>
   </div>
   <div class='ocr_carea' id='block_1_10' title="bbox 668 3890 1090 3898">
    <p class='ocr_par' dir='ltr' id='par_1_10' title="bbox 668 3890 1090 3898">
     <span class='ocr_line' id='line_1_36' title="bbox 668 3890 1090 3898; baseline 0 1116"><span class='ocrx_word' id='word_1_288' title='bbox 668 3890 1090 3898; x_wconf 95' lang='lat' dir='ltr'><strong> </strong></span> 
     </span>
    </p>
   </div>
   <div class='ocr_carea' id='block_1_11' title="bbox 851 3982 2456 4051">
    <p class='ocr_par' dir='ltr' id='par_1_11' title="bbox 851 3982 2456 4051">
     <span class='ocr_line' id='line_1_37' title="bbox 851 3982 2456 4051; baseline 0 -16"><span class='ocrx_word' id='word_1_289' title='bbox 851 3982 890 4050; x_wconf 90' lang='lat'><strong>¹)</strong></span> <span class='ocrx_word' id='word_1_290' title='bbox 929 3982 1280 4038; x_wconf 87' lang='lat' dir='ltr'><strong>Machiavelli</strong></span> <span class='ocrx_word' id='word_1_291' title='bbox 1321 3999 1349 4037; x_wconf 92' lang='lat' dir='ltr'><strong>e</strong></span> <span class='ocrx_word' id='word_1_292' title='bbox 1385 3983 1403 4035; x_wconf 93' lang='lat' dir='ltr'><strong>i</strong></span> <span class='ocrx_word' id='word_1_293' title='bbox 1442 3983 1559 4037; x_wconf 90' lang='lat' dir='ltr'><strong>suoi</strong></span> <span class='ocrx_word' id='word_1_294' title='bbox 1599 3983 1786 4051; x_wconf 89' lang='lat' dir='ltr'><strong>tempi,</strong></span> <span class='ocrx_word' id='word_1_295' title='bbox 1824 3984 1866 4036; x_wconf 95' lang='lat' dir='ltr'><strong>I.</strong></span> <span class='ocrx_word' id='word_1_296' title='bbox 1904 3986 2000 4050; x_wconf 78' lang='lat'><strong>483</strong></span> <span class='ocrx_word' id='word_1_297' title='bbox 2036 3982 2265 4037; x_wconf 87' lang='lat' dir='ltr'><strong>Firenze</strong></span> <span class='ocrx_word' id='word_1_298' title='bbox 2305 3985 2456 4035; x_wconf 85' lang='lat'>1877.</span> 
     </span>
    </p>
   </div>
   <div class='ocr_carea' id='block_1_12' title="bbox 671 4057 2985 4197">
    <p class='ocr_par' dir='ltr' id='par_1_12' title="bbox 671 4057 2985 4197">
     <span class='ocr_line' id='line_1_38' title="bbox 764 4057 2985 4196; baseline -0.003 -78"><span class='ocrx_word' id='word_1_299' title='bbox 764 4061 1112 4196; x_wconf 49' lang='lat' dir='ltr'><strong>XIRHStoria</strong></span> <span class='ocrx_word' id='word_1_300' title='bbox 1148 4062 1203 4117; x_wconf 90' lang='lat' dir='ltr'><strong>di</strong></span> <span class='ocrx_word' id='word_1_301' title='bbox 1240 4063 1438 4129; x_wconf 88' lang='lat' dir='ltr'><strong>Roma,</strong></span> <span class='ocrx_word' id='word_1_302' title='bbox 1486 4062 1611 4116; x_wconf 91' lang='lat' dir='ltr'>VII.</span> <span class='ocrx_word' id='word_1_303' title='bbox 1649 4065 1770 4117; x_wconf 78' lang='lat'><strong>285.</strong></span> <span class='ocrx_word' id='word_1_304' title='bbox 1808 4061 1873 4116; x_wconf 91' lang='lat' dir='ltr'><strong>V.</strong></span> <span class='ocrx_word' id='word_1_305' title='bbox 1911 4062 2088 4116; x_wconf 87' lang='lat' dir='ltr'><strong>Balan</strong></span> <span class='ocrx_word' id='word_1_306' title='bbox 2133 4061 2314 4116; x_wconf 87' lang='lat' dir='ltr'><strong>Storia</strong></span> <span class='ocrx_word' id='word_1_307' title='bbox 2361 4060 2583 4114; x_wconf 86' lang='lat' dir='ltr'><strong>d’Italia</strong></span> <span class='ocrx_word' id='word_1_308' title='bbox 2626 4059 2686 4112; x_wconf 92' lang='lat' dir='ltr'><strong>L.</strong></span> <span class='ocrx_word' id='word_1_309' title='bbox 2724 4057 2985 4112; x_wconf 85' lang='lat' dir='ltr'>XXXVI.</span> 
     </span>
     <span class='ocr_line' id='line_1_39' title="bbox 671 4161 969 4197; baseline -0.003 0"><span class='ocrx_word' id='word_1_310' title='bbox 671 4161 724 4197; x_wconf 89' lang='lat' dir='ltr'><strong>n.</strong></span> <span class='ocrx_word' id='word_1_311' title='bbox 958 4183 969 4196; x_wconf 92' lang='lat'>.</span> 
     </span>
    </p>
   </div>
  </div>
 </body>
</html>
