3281 5014
620 433 689 483 58
1202 429 1373 483 XXX.
1410 430 1493 483 De
1529 428 1863 483 Pontificatu
1899 428 2165 489 Bonifatii
2192 428 2348 482 VIII.

332 569 552 640 Tffrmim·
616 593 759 639 cum
794 571 1322 639 subordinatione
1363 570 1442 634 ad
1476 569 1847 647 Ecclesiam,
1893 571 1989 641 ita
2025 573 2099 634 ut
2137 569 2323 634 modo
2365 571 2675 635 conformi
2709 569 2923 645 Eccle-

240 633 244 637 “
304 628 423 680 logia
449 642 577 682 expo·
650 668 664 680 ,

373 692 506 732 nitur.
613 689 744 732 siae
785 668 901 731 fini
961 690 1062 732 res
1122 667 1456 751 disponere
1516 667 1811 731 debeant.
1920 663 1986 731 Si
2033 687 2184 730 vero
2241 665 2389 731 huic
2445 668 2655 732 officio
2712 666 2929 731 desint.

615 774 815 847 eaque
863 770 1096 848 agant,
1155 785 1322 848 quae
1365 764 1559 828 finem
1608 764 1789 827 illum
1836 762 2221 846 impediunt,
2275 764 2666 828 intervenire
2712 767 2925 846 potest

611 858 895 926 Ecclesia
939 860 1196 925 ratione
1235 858 1499 941 peccati.
1548 872 1632 906 4
1680 858 2110 923 Bellarminus
2156 860 2461 937 advertit,
2526 859 2753 924 melius
2800 858 2926 923 dici

612 960 999 1039 potestatem
1045 956 1367 1023 Ecclesiae
1413 979 1548 1022 esse
1594 954 2035 1038 spiritualem,
2088 955 2183 1019 ita
2228 961 2443 1019 tamen
2493 960 2568 1019 ut
2613 956 2808 1019 etiam
2852 955 2924 1027 in,

611 1055 992 1137 temporalia
1040 1053 1225 1118 modo
1273 1054 1563 1136 exposito
1609 1075 1678 1117 se
1721 1051 2037 1116 indirecte
2084 1050 2469 1131 extendat.¹)
2557 1049 2684 1116 Sed
2728 1051 2924 1133 priori

610 1155 930 1234 tempore,
977 1150 1074 1214 uti
1128 1150 1429 1226 vidimuS,
1485 1170 1683 1214 sensu
1731 1149 2051 1232 explicato
2094 1168 2283 1230 saepe
2330 1148 2761 1228 affirmabant,
2808 1147 2924 1221 Ec-

608 1246 862 1310 clesiam
913 1246 1150 1311 habere
1207 1246 1400 1310 etiam
1444 1249 1834 1329 potestatem
1885 1246 1983 1308 vel
2035 1243 2548 1328 jurisdictionem
2604 1248 2924 1328 tempora-

609 1344 757 1407 lem.
804 1378 892 1387 —
936 1340 1053 1407 Sin
1102 1348 1319 1406 autem
1363 1343 1628 1426 partitio
1676 1342 2012 1424 potestatis
2048 1341 2399 1424 spiritualis
2443 1347 2510 1405 et
2549 1341 2922 1423 temporalis

609 1438 976 1503 instituitur
1030 1440 1286 1503 ratione
1341 1436 1620 1520 oriyinis
1678 1438 2085 1503 auctoritatis
2123 1437 2604 1515 ¹ecclesiasticae
2658 1445 2726 1501 et
2771 1438 2923 1502 civi·

609 1535 720 1616 lis,
766 1535 859 1598 ita
906 1545 980 1599 ut
1022 1538 1304 1618 potestas
1354 1533 1728 1617 spiritualis
1773 1535 2024 1598 dicatur
2066 1535 2323 1618 integra
2365 1535 2481 1599 illa
2527 1541 2809 1618 potestas
2853 1536 2924 1597 in

611 1653 725 1696 sua
770 1631 1203 1714 plenitudine,
1262 1653 1425 1714 quae
1472 1632 1555 1696 ob
1593 1633 1787 1695 finem
1843 1630 2239 1714 spiritualem
2289 1629 2609 1697 Ecclesiae
2656 1653 2695 1694 a
2740 1630 2920 1695 Chri·

611 1733 712 1791 sto
760 1729 898 1811 ejus
932 1733 1187 1792 auctore
1235 1729 1469 1792 collata
1514 1732 1632 1804 est,
1680 1733 1968 1810 potestas
1999 1726 2372 1808 temporalis
2415 1749 2566 1805 vero
2596 1750 2671 1792 ea
2700 1732 2923 1792 aucto-

611 1825 804 1901 ritaS,
870 1847 1035 1908 quae
1094 1847 1131 1887 a
1185 1823 1324 1888 Deo
1379 1826 1459 1888 ob
1515 1826 1711 1888 finem
1764 1825 2182 1907 temporalem
2237 1824 2304 1887 in
2358 1825 2581 1888 ordine
2640 1823 2922 1888 naturali

611 1921 925 2002 gubernio
971 1921 1142 1984 civili
1187 1922 1691 1984 commissa'est:
1754 1919 2172 1984 manifestum
2221 1926 2345 2000 est,
2395 1920 2730 1984 dicendum
2788 1942 2921 1984 esse

614 2017 939 2081 Ecclesiae
988 2019 1331 2082 convenire
1377 2023 1764 2100 potestatem
1813 2017 2241 2099 spiritualem,
2304 2017 2696 2101 principibus
2741 2023 2932 2099 pote-'

614 2118 850 2178 statem
911 2115 1359 2197 temporalem,
1423 2119 1620 2198 atque
1684 2113 1851 2177 hanc
1912 2113 1993 2176 ab
2056 2112 2340 2177 Ecclesia
2402 2135 2736 2196 nunquam
2798 2112 2924 2185 sibi

615 2212 930 2295 arrogari,
995 2232 1113 2274 nec
1174 2211 1254 2274 ab
1318 2232 1394 2274 ea
1449 2210 1843 2294 principibus
1902 2231 2036 2274 esse
2094 2209 2475 2294 delegatam.
2538 2212 2640 2254 —-—'
2689 2208 2923 2272 Fusius

613 2307 769 2371 haec
832 2309 1272 2390 exposuimus,
1326 2309 1479 2390 quia
1542 2307 1757 2391 agitur
1818 2307 1894 2369 de
1958 2307 2330 2390 quaestione
2398 2306 2640 2370 difficili
2707 2310 2772 2369 et
2828 2306 2922 2370 in-

615 2405 875 2487 tricata3
936 2403 1132 2468 'modo
1189 2404 1326 2485 jam
1390 2405 1577 2468 aliam
1651 2402 2149 2467 Constitutionis
2219 2403 2611 2467 sententiam
2684 2402 2920 2466 exami-

613 2497 916 2573 nemuS.2)

794 2655 834 2721 ¹)
873 2655 1075 2711 Scribit
1110 2656 1504 2721 Bellarminu8‚
1552 2657 1636 2710 De
1672 2661 1951 2725 potestate
1998 2656 2187 2710 summi
2227 2655 2512 2710 Pontificis
2558 2662 2753 2712 contra
2788 2656 2927 2711 Bar-

613 2734 824 2802 clayum
864 2750 979 2803 cap.
1023 2738 1113 2789 12:
1164 2735 1422 2804 „Quando
1459 2735 1676 2804 proprie
1720 2735 2015 2804 loquimur,
2063 2734 2317 2801 dicimuS‚
2368 2735 2686 2790 Pontificem
2724 2737 2923 2792 habere

611 2817 938 2881 potestatem
983 2814 1042 2866 in
1089 2814 1510 2884 temporalibuS,
1555 2831 1665 2869 non
1713 2820 1897 2869 autem
1944 2814 2143 2869 habere
2189 2817 2522 2884 potestatem
2564 2814 2921 2883 temporalem

613 2908 718 2959 qua
767 2892 1028 2947 Pontifex
1065 2893 1199 2948 est.“
1289 2894 1366 2947 Et
1403 2910 1520 2962 cap.
1561 2897 1618 2948 5:
1676 2893 1766 2962 „Si
1814 2894 1872 2947 in
1920 2909 2126 2947 summo
2174 2893 2442 2948 Pontifice
2489 2899 2725 2962 ponatur
2769 2898 2923 2961 pote-

612 2977 728 3024 stas
766 2971 1070 3039 spiritualis
1107 2978 1321 3027 tantum
1360 2973 1595 3040 directe,
1633 2978 1692 3028 et
1728 2972 2050 3041 temporalis
2086 2971 2374 3039 indirecte,
2418 2973 2477 3027 id
2513 2977 2599 3028 est
2637 2972 2695 3026 in
2731 2973 2926 3027 ordine

613 3049 787 3103 solum
834 3050 904 3104 ad
949 3050 1289 3117 spiritualia:
1336 3068 1445 3107 non
1495 3052 1771 3121 sequitur,
1820 3067 1982 3120 posse
2018 3051 2339 3112 Pontificem
2386 3052 2608 3117 tollere,
2653 3052 2751 3107 *vel
2798 3068 2925 3106 con·

610 3128 840 3183 fundere
894 3129 1173 3197 politicum
1223 3131 1498 3200 regimen,
1546 3133 1640 3187 sed
1692 3130 1867 3196 solum
1918 3130 2194 3198 sequitur,
2241 3146 2401 3198 posse
2450 3131 2770 3187 Pontificem
2820 3147 2923 3199 per

612 3206 953 3275 spiritualem
1007 3215 1172 3277 atque
1223 3211 1603 3276 Apostolicam
1660 3208 2147 3264 eminentissimam
2202 3225 2355 3263 suam
2404 3216 2736 3278 potestatem
2792 3209 2920 3263 diri·

610 3299 742 3355 gere
789 3291 846 3341 et
881 3288 1160 3357 corrigere
1207 3294 1541 3380 potestatem
1590 3288 1897 3354 politicam,
1948 3304 2201 3355 eamque,
2250 3288 2295 3342 si
2341 3305 2475 3356 opus
2527 3289 2602 3343 sit
2646 3290 2713 3343 ad
2761 3288 2921 3343 finem

611 3363 971 3433 spiritualem,
1008 3367 1100 3421 uni
1137 3367 1375 3435 principi
1414 3367 1654 3422 adimere
1691 3371 1749 3420 et
1786 3366 1952 3420 alteri
1992 3366 2287 3423 conferre.“

786 3444 829 3511 ²)
885 3446 1348 3516 Terminologiam
1404 3463 1513 3501 non
1569 3446 1708 3500 satis
1763 3447 2181 3501 determinatam
2239 3446 2660 3502 difficultatibus
2712 3447 2919 3514 passim

609 3524 949 3580 occasionem
986 3526 1229 3591 dedisse,
1280 3525 1525 3593 apprime
1562 3524 1875 3579 observavit
1909 3526 2027 3578 Em.
2066 3525 2222 3581 Card.
2260 3525 2555 3594 Manning,
2603 3532 2659 3581 et
2697 3541 2763 3580 ex
2797 3525 2921 3595 ipso

611 3603 678 3657 cl.
703 3602 931 3664 Molitor
963 3605 1001 3659 l.
1029 3622 1073 3658 c.
1113 3622 1164 3673 p.
1191 3607 1276 3658 98.
1315 3604 1437 3657 Em.
1465 3603 1734 3672 Manning
1772 3604 1881 3657 The
1908 3603 2135 3659 Vatican
2170 3604 2398 3659 Decrees
2431 3621 2483 3672 p.
2528 3607 2596 3657 72
2628 3620 2744 3659 rem
2768 3605 2919 3672 hisce

609 3680 874 3737 elucidat:
917 3679 1064 3750 „Gne
1103 3683 1252 3737 chief
1285 3698 1447 3737 cause
1486 3683 1546 3737 of
1577 3683 1674 3737 th'e
1712 3683 1995 3737 confusion
2033 3685 2289 3738 ..has
2325 3684 2463 3738 been
2504 3684 2600 3738 the
2634 3683 2922 3738 uncertain

608 3776 702 3814 use
747 3761 827 3814 of
837 3725 1141 3831 lan”guage‚
1187 3762 1294 3815 and
1344 3762 1446 3816 the
1487 3768 1637 3816 want
1686 3763 1744 3815 of
1784 3778 1818 3815 a
1861 3763 2006 3818 fixed
2041 3763 2415 3830 terminology
2461 3761 2605 3816 until
2642 3778 2675 3816 a
2712 3762 2921 3816 certain

609 3839 752 3894 date.
791 3870 859 3880 ο-
882 3841 1025 3896 The
1052 3842 1205 3895 word
1251 3842 1532 3911 Temporal
1566 3857 1682 3895 was
1731 3842 1867 3896 used
1911 3842 1970 3896 in
2005 3847 2116 3896 two
2154 3857 2355 3897 senses.
2429 3841 2486 3896 It
2522 3858 2637 3895 was
2686 3842 2822 3896 used
2859 3844 2932 3896 to1

608 3917 818 3986 signify
855 3920 951 3976 the
987 3936 1168 3986 power
1192 3920 1264 3974 of
1295 3920 1439 3975 Civil
1473 3921 1675 3976 Rulers
1712 3921 1769 3975 in
1812 3921 1907 3976 the
1949 3922 2139 3977 orders
2177 3921 2233 3975 of
2265 3926 2475 3976 nature.
2549 3921 2675 3974 And
2711 3920 2770 3974 in
2798 3920 2921 3975 this

612 4012 771 4051 sense
807 3997 1024 4052 Church
1075 4000 1175 4053 has
1203 4015 1374 4054 never
1422 4000 1654 4055 claimed
1698 4001 1746 4055 it
1791 4001 1878 4055 for
1919 4000 1996 4054 its
2037 4001 2192 4055 head.
2265 3999 2323 4054 It
2367 4015 2483 4053 was
2530 4001 2665 4054 used
2703 4000 2821 4054 also
2858 4005 2918 4053 to

614 4075 823 4143 signify
858 4079 955 4132 the
991 4078 1255 4147 spiritual
1292 4095 1479 4147 power
1516 4079 1573 4134 of
1608 4080 1704 4140 the
1741 4078 1953 4134 Pontiff
1989 4079 2159 4134 when
2184 4078 2425 4133 incident
2457 4079 2741 4147 indirectly
2773 4094 2922 4147 upon

616 4158 872 4226 tempor-al
911 4158 1104 4227 things.
1180 4158 1295 4212 The
1334 4159 1589 4226 spiritual
1626 4174 1813 4226 power
1851 4159 2009 4223 then,
2056 4157 2164 4212 had
2202 4175 2235 4211 a
2269 4158 2539 4225 temporal
2578 4158 2765 4223 effect,
2804 4158 2926 4217 «and.
