3281 5014
389 1677 605 1720 Ludovici

385 1744 619 1796 protervia.

677 428 784 479 210
1100 423 1332 477 XXXII.
1369 423 1451 477 De
1489 422 1847 477 Pontificibus
1884 423 2168 477 Avenione
2206 422 2569 477 commoratis.

679 567 1028 631 mationem
1085 565 1450 640 Pontificis‚
1517 564 1629 648 qui
1690 584 1764 627 eo
1828 564 1966 647 ipso
2033 564 2200 648 quod
2269 565 2661 649 agnoscebat
2716 565 2995 628 electum

679 671 753 728 ut
799 685 1045 748 regem,
1102 664 1212 747 J'us
1274 665 1340 725 et
1403 658 1682 725 faciebat
1748 661 1826 724 ad
1877 681 2177 725 coronam
2228 665 2294 725 et
2351 665 2738 744 potestatem
2794 662 2993 744 impe·

677 761 920 824 rialem.
1023 758 1187 824 Jura
1242 757 1576 821 Pontificis
1631 755 1836 839 igitur
1894 757 2204 821 electores
2259 758 2328 821 in
2381 758 2511 821 ista
2564 757 2996 822 declaratione

678 878 806 921 non
865 857 1023 920 satis
1073 853 1672 928 consideraverunt,
1734 856 2102 938 statumque
2153 874 2375 917 rerum
2434 853 2760 938 vigentem
2815 876 2995 937 prae-

676 973 944 1037 propere
1006 954 1359 1016 mutarunt.
1477 947 1683 1012 Multo
1747 948 1962 1013 minus
2026 954 2241 1013 autem
2309 953 2613 1032 poterant
2680 949 2993 1034 ejusmodi

676 1071 793 1114 suo
857 1049 1114 1113 decreto
1177 1047 1487 1123 tribuere,
1561 1044 1732 1128 quod
1798 1045 2216 1110 nihilominus
2280 1046 2620 1111 intendere
2688 1045 2993 1110 videban-

677 1151 814 1223 tur,
873 1146 1000 1209 vim
1058 1143 1512 1209 retroactivam
1571 1141 1639 1206 in
1703 1140 1989 1206 favorem
2047 1139 2353 1208 Ludovici
2416 1144 2700 1207 censuris
2764 1142 2996 1207 Ponti-

681 1242 812 1306 ficis
866 1241 1218 1308 constricti.
1321 1238 1393 1302 Id
1452 1242 1674 1322 postea
1730 1243 2167 1322 agnoverunt,
2226 1261 2422 1324 quum
2474 1238 2869 1303 Ludovicum
2918 1242 2996 1300 ut

677 1339 1034 1422 legitimum
1077 1357 1292 1420 regem
1342 1356 1475 1399 non
1521 1334 2030 1412 consideranteS,
2088 1334 2393 1401 hortante
2438 1335 2752 1400 Pontifice
2798 1335 2992 1397 alium

676 1436 1037 1519 elegerunt.
1146 1434 1491 1497 Praeterea
1557 1452 1708 1494 vero
1774 1431 1901 1495 ista
1967 1433 2185 1496 omnia
2245 1456 2283 1496 a
2341 1431 2864 1516 promissionibus
2929 1436 2994 1494 et

676 1531 1252 1615 supplicationibus
1302 1527 1606 1592 Ludovici
1627 1553 1630 1554 ⁷
1653 1528 1928 1591 multum
1978 1528 2330 1594 distabant.

856 1681 959 1744 64.
1020 1674 1147 1742 Sed
1195 1676 1556 1741 Ludovicus
1612 1675 1748 1758 ipse
1806 1676 1996 1758 paulo
2043 1680 2214 1758 post,
2274 1676 2376 1740 die
2432 1673 2502 1739 8⁰
2548 1676 2861 1760 Augusti,
2924 1677 2989 1739 in

677 1779 899 1863 pejora
959 1796 1152 1839 ruens
1213 1772 1698 1837 Constitutione
1755 1770 1927 1835 edita
1983 1772 2357 1850 declaravit,
2420 1774 2801 1855 potestatem
2868 1769 2993 1835 im-

672 1872 988 1957 perialem
1043 1868 1276 1956 (qualis
1333 1872 1491 1933 tunc
1545 1868 1715 1947 erat)
1773 1864 2146 1962 immediate
2202 1888 2243 1932 a
2303 1867 2445 1932 Deo
2501 1888 2664 1947 esse,
2734 1872 2794 1932 et
2856 1865 2991 1932 Im-

667 1973 1041 2055 peratorem
1086 1987 1127 2031 a
1175 1962 1488 2044 Pontifice
1530 1961 1831 2045 judicari
1876 1956 2009 2028 {ion
2043 1984 2260 2046 posse,
2320 1966 2642 2049 simulque
2696 1966 2775 2029 ad
2823 1964 2993 2029 Con-

679 2069 894 2133 cilium
956 2063 1255 2150 generale
1308 2060 1676 2146 appellavit.
1772 2059 1946 2124 Haec
2003 2082 2158 2125 sane
2213 2084 2330 2126 nec
2385 2084 2422 2125 a
2480 2061 2771 2127 Romano
2822 2059 2991 2125 Pou-

674 2165 846 2230 tifice
917 2184 1037 2227 nec
1102 2183 1140 2224 a
1205 2157 1525 2241 theologis
1594 2157 1846 2220 illorum
1918 2160 2280 2241 temporum
2344 2158 2595 2223 admitti
2669 2163 2988 2242 poterant.

674 2261 843 2327 Inde*
900 2282 977 2323 ex
1041 2258 1152 2321 illo
1216 2260 1506 2337 tempore
1569 2252 1977 2336 praesertim,
2042 2254 2138 2317 uti
2191 2256 2329 2338 jam
2394 2254 2753 2338 innuimus,
2822 2275 2991 2318 acer·

675 2360 874 2423 rimae
944 2352 1420 2420 controversiae
1493 2349 1570 2413 de
1634 2353 1869 2413 natura
1933 2347 2195 2433 Imperii
2264 2373 2336 2415 ac
2404 2351 2480 2415 de
2545 2350 2802 2436 juribus
2865 2350 2992 2414 Im-

676 2454 988 2541 peratoris
1056 2456 1252 2535 atque
1320 2446 1652 2512 Pontificis
1724 2443 1986 2510 habitae
2051 2455 2237 2526 sunt,
2313 2448 2550 2534 aliique
2613 2449 2764 2532 jura
2830 2446 2994 2512 Pon·

675 2554 939 2629 tificum,
987 2549 1099 2614 alii
1146 2568 1315 2621 vero,
1363 2543 1742 2628 praesertim
1794 2542 2388 2610 Pseudominoritae
2437 2552 2502 2611 et
2547 2566 2763 2610 eorum
2813 2545 2988 2626 socii,

676 2650 969 2715 fictiones
1034 2642 1344 2709 Ludovici
1408 2644 1995 2724 propugnaveruut.
2114 2638 2211 2705 De
2276 2642 2551 2725 Imperio
2621 2663 2800 2706 sacro
2866 2640 2992 2704 Ro-

574 2746 578 2751 ’
677 2768 871 2810 mano
929 2744 999 2808 hi
1062 2763 1191 2807 non
1249 2738 1439 2802 aliter
1490 2735 1895 2814 sentiebant,
1960 2759 2032 2801 ac
2095 2739 2147 2802 si
2211 2737 2288 2802 de
2345 2739 2616 2822 antiquo
2674 2737 2993 2803 Romano-

678 2865 823 2907 rum
885 2841 1380 2924 Imperatorum,
1442 2832 1712 2916 Trajani
1771 2838 1835 2898 et
1900 2833 2100 2899 Marci
2160 2835 2439 2912 Aurelii,
2501 2835 2776 2918 Imperio
2838 2856 2992 2917 agc-

680 2942 887 3049 retur,
951 2934 1320 3001 historicam
1381 2951 1532 2995 vero
1594 2928 2073 2994 institutionem
2138 2935 2203 2995 et
2268 2931 2797 2997 constitutionem
2858 2930 2991 2994 Itu-

678 3036 839 3121 perii
911 3031 1264 3118 praesentis
1334 3027 1431 3092 vel
1493 3026 1684 3109 plane
1755 3026 2204 3111 negligebant,
2277 3029 2374 3093 vel
2443 3028 2605 3092 false
2674 3029 2990 3111 interpre-

677 3133 1008 3197 tabantur.
1074 3164 1159 3173 -
1221 3123 1659 3190 Tristissimus
1718 3120 1969 3187 interea
2027 3123 2235 3188 factus
2297 3130 2398 3189 est
2457 3130 2669 3189 status
2732 3125 2990 3210 religie-

678 3230 780 3294 nis
828 3234 893 3293 et
941 3224 1260 3291 Ecclesiae
1314 3221 1382 3285 in
1430 3218 1793 3284 Germania.
1894 3218 2131 3330 Magna
2178 3221 2346 3285 enim
2406 3223 2544 3307 ejus
2592 3243 2738 3305 pars
2783 3223 2990 3286 inter-

677 3327 848 3390 dicto
893 3322 1285 3432 subjacebat,
1334 3317 1519 3382 multi
1551 3337 1700 3379 vero
1747 3316 2046 3399 episcopi,
2093 3319 2266 3382 inter
2311 3339 2469 3403 quos
2516 3319 2637 3401 ipsi
2681 3318 2989 3384 electores

674 3403 1114 3501 ecclesiastici,
1169 3418 1305 3501 jam
1373 3412 1530 3477 illud
1601 3433 1733 3474 non
1799 3412 2229 3478 observabant
2299 3418 2363 3477 et
2431 3414 2715 3479 censuris
2778 3416 2989 3498 impli-

674 3521 1009 3585 cabantur.
1114 3512 1359 3579 Divisio
1429 3528 1779 3592 permagna
1849 3514 1985 3573 erat
2046 3510 2115 3572 in
2184 3510 2352 3574 clero
2424 3510 2734 3575 saeculari
2794 3515 2860 3575 et
2916 3512 2983 3574 in

676 3615 938 3682 familiis
975 3609 1307 3696 religiosis.
1384 3604 1657 3669 Plurimi
1690 3605 1860 3668 enim
1908 3606 2150 3688 pariter
2201 3627 2500 3671 censuras
2549 3606 2989 3692 negligebant,

677 3732 1069 3797 magnasque
1097 3705 1512 3771 difficultates
1545 3700 1889 3777 habebant,
1927 3703 2030 3786 qui
2064 3723 2168 3767 eas
2201 3704 2535 3768 observare
2566 3702 2995 3783 studebant&

857 3916 901 3983 ¹)
937 3918 1003 3970 In
1041 3908 1711 3970 observando-interdicto
1758 3923 1825 3962 ex
1861 3909 2140 3977 religiosis
2180 3912 2483 3966 severiores
2521 3909 2775 3965 videntur
2820 3909 2987 3964 fuisse

675 3996 1026 4051 Dominicani
1062 4000 1118 4049 et
1157 3992 1509 4054 Carmelitae3
1558 3986 1913 4041 Franciscani
1951 4004 2114 4052 vero,
2160 3989 2531 4054 Benedictini,
2580 3989 2986 4052 CistercienseS‚

678 4078 1251 4130 Praemonstratenses
1289 4088 1408 4126 cum
1444 4066 1732 4136 Episcopis
1780 4065 1965 4121 multis
2006 4075 2061 4123 et
2099 4069 2254 4123 Clero
2298 4084 2478 4123 eorum
2524 4068 2717 4123 minori
2761 4068 2988 4122 nimium

675 4155 1116 4210 observationem
1155 4149 1529 4220 negligebant.
1603 4144 1668 4197 V.
1711 4144 2047 4214 Damberger
2084 4156 2123 4201 t.
2160 4148 2308 4202 XIV.
2346 4164 2397 4216 p.
2436 4150 2540 4202 495
2579 4164 2693 4215 sqq.
