3281 5014
1037 430 1340 490 Processus
1378 438 1577 485 contra-
1608 430 1965 498 Templarios.
2588 434 2658 484 93
2681 439 2684 442 ’

338 570 680 637 consilium
726 572 903 655 cepit
951 571 1439 656 indagationem
1495 571 1573 635 de
1623 572 2142 638 accusationibus
2195 572 2463 658 prolatis
2509 594 2657 657 pru-

337 667 576 733 denter
619 668 1024 733 instituendi.

436 807 441 810 ’
520 796 645 863 Sed
718 796 1060 883 Philippus
1125 820 1240 883 pro
1307 796 1677 863 charactere
1748 820 1865 864 suo
1942 798 2223 864 violento
2294 806 2360 864 et
2427 798 2658 865 callido

342 895 535 961 citius
601 894 1139 986 progrediendum
1187 894 1460 959 censuit.
1567 892 1692 959 Die
1751 894 1953 978 igitur
2017 891 2127 958 13⁰
2173 893 2467 960 Octobris
2515 894 2657 959 Ma-

339 992 546 1079 gister
609 991 1119 1074 Templariorum
1174 987 1442 1057 Parisiis
1508 999 1574 1055 et
1638 1012 1861 1056 omues
1905 990 2258 1075 Templarii
2323 992 2391 1055 in
2455 1011 2658 1077 regno

344 1087 655 1154 Franciae
712 1088 929 1153 subito
973 1089 1141 1176 capti
1202 1094 1267 1153 et
1311 1089 1379 1153 in
1427 1108 1742 1153 carcerem
1796 1081 1976 1152 missi
2020 1094 2191 1153 sunt.
2288 1087 2483 1153 Anno
2530 1087 2660 1152 Do-

340 1182 515 1272 mini
559 1180 982 1263 MOOCVIL,
1030 1186 1124 1250 ait
1165 1184 1537 1251 Bernardus
1583 1184 1935 1259 chronista,
1981 1204 2087 1250 res
2133 1203 2373 1268 maqna
2417 1185 2661 1249 nostris

338 1280 598 1360 accidit,
647 1280 1164 1363 temporibusque
1204 1279 1463 1363 futuris
1493 1278 1809 1344 scribitur
1852 1281 2287 1346 memoranda.
2364 1280 2452 1346 In
2494 1280 2661 1363 festo

338 1376 662 1460 siquidem
690 1375 755 1442 S.
787 1375 1098 1442 Eduardi
1135 1375 1553 1460 Confessoris,
1595 1375 1738 1442 III.
1769 1376 1935 1443 Idus
1975 1377 2267 1442 Octobris
2301 1377 2477 1460 feria
2523 1377 2659 1462 Vp,

338 1475 621 1558 fuerunt
664 1473 838 1556 capti
874 1472 1095 1556 primo
1151 1472 1510 1555 Templarii
1565 1474 1803 1555 ubique
1852 1474 1926 1539 in
1984 1495 2182 1557 reqno
2227 1472 2557 1540 Franciae
2600 1480 2661 1539 et

340 1581 425 1636 'ex
479 1569 891 1635 ordinatione
951 1570 1125 1653 reqis
1184 1575 1245 1634 et
1303 1568 1563 1635 consilii
1613 1563 1953 1651 inopinate
2010 1590 2196 1648 sane,
2265 1569 2663 1636 mirantibus

340 1665 597 1733 cunctis
651 1665 1104 1744 audientibus,
1163 1665 1507 1748 antiquam
1573 1665 1824 1748 Templi
1878 1664 2185 1734 militiam
2241 1665 2320 1731 ab
2367 1665 2660 1757 Ecclesia

230 1833 233 1836 ,
343 1764 652 1829 Romana
710 1762 911 1828 nimis
960 1761 1449 1844 privileqiatam
1508 1782 1647 1828 una
1692 1762 1795 1827 die
1841 1760 2054 1828 subito
2100 1762 2452 1845 captivari,
2510 1782 2660 1827 cau-

338 1879 609 1942 samque
651 1858 1115 1943 iqnorantibus
1157 1857 1479 1942 captionis
1535 1861 1692 1928 tam,
1721 1858 2128 1942 repentinae,
2176 1858 2456 1943 exceptis
2490 1879 2660 1942 pau·

339 1956 439 2022 cis
483 1956 855 2021 secretariis
894 1961 957 2020 et
987 1954 1320 2038 juratis.¹)
1412 1955 1678 2021 Litteris
1735 1956 1905 2021 datis
1950 1956 2052 2023 die
2106 1955 2218 2022 14⁰
2262 1955 2661 2042 Septembris

348 2053 682 2138 Philippus
743 2054 961 2118 omnia
1021 2055 1116 2117 ita
1174 2053 1616 2131 ordinaverat,
1674 2059 1750 2118 ut
1811 2052 2031 2119 eodem
2092 2054 2195 2118 die
2257 2054 2498 2139 ubique
2551 2075 2663 2137 per

337 2151 807 2217 commissarios
852 2148 1011 2214 haec
1048 2150 1468 2215 incarceratio
1524 2149 1742 2215 subito
1784 2150 1996 2228 fieret,
2056 2152 2351 2236 bonaque
2398 2149 2661 2215 Ordinis

339 2252 837 2332 occuparentur3
899 2250 1093 2330 atque
1159 2251 1407 2311 secreto
1466 2247 1634 2312 bene
1695 2251 1984 2323 servato,
2050 2268 2151 2313 res
2215 2268 2455 2332 magua
2519 2268 2658 2311 cum

342 2345 736 2416 dexteritate
794 2342 1180 2407 executioni<
1212 2341 1362 2408 data
1423 2349 1540 2408 est.
1633 2344 1817 2408 Alios
1868 2344 2213 2428 principes,
2272 2345 2369 2409 uti
2417 2342 2661 2408 Eduar-

333 2441 497 2517 dum
560 2439 642 2506 11.
710 2439 988 2525 Angliae
1048 2444 1114 2505 et
1179 2437 1480 2507 Carolum
1544 2439 1629 2505 H.
1697 2440 1971 2524 Apuliae
2035 2461 2252 2527 reges,
2322 2439 2661 2525 Philippus

336 2539 578 2604 litteris
655 2538 954 2603 hortatus
1029 2542 1154 2615 est,
1225 2541 1302 2601 ut
1375 2537 1502 2620 ipsi
1571 2537 1840 2622 pariter·
1873 2537 2269 2622 Templarios
2335 2537 2659 2604 custodiae

337 2635 749 2701 mandarent.
837 2632 1325 2699 Advertendum
1373 2638 1592 2698 autem
1640 2639 1769 2713 est,
1826 2633 2195 2719 Philippum
2244 2636 2383 2719 jam
2438 2634 2506 2699 in
2552 2635 2658 2699 lit-

336 2731 503 2797 teris
561 2731 620 2797 d.
680 2730 741 2796 d.
807 2728 917 2794 140
978 2728 1373 2814 Septembris
1434 2731 1711 2809 edicere,
1781 2730 1864 2795 ab
1921 2730 2317 2816 Inquisitore
2370 2732 2660 2815 generali

2713 815 2775 857 Te
2778 815 2894 867 mpla
2894 814 2947 856 rii

2771 877 2901 930 capti.

337 2827 660 2895 Franciae
722 2826 1046 2893 Gulielmo
1109 2825 1302 2909 (alias
1363 2824 1680 2910 Imberto)
1746 2825 2127 2905 Parisiensi,
2196 2828 2364 2912 regis
2421 2826 2662 2892 confes·
2692 2841 2745 2881 In
2748 2844 2845 2883 terv
2846 2845 2973 2883 ‹mu-t

335 2925 545 3004 sario,
613 2922 946 2989 brachium
1014 2923 1343 2989 saeculare
1406 2923 1610 3007 ipsius
1680 2929 1907 2990 contra
1973 2923 2370 3008 Templarios
2437 2945 2657 2988 evoca·

338 3020 759 3095 tumsuisse,
812 3025 903 3085 et
939 3041 1009 3085 se
1065 3019 1190 3103 ipsi
1245 3041 1533 3085 annuere
1582 3020 1871 3104 adeoque
1924 3022 2260 3098 mandare,
2319 3025 2394 3086 ut
2438 3042 2660 3105 quam·

346 3118 444 3181 vis
500 3117 672 3181 inter
728 3114 1125 3201 Templarios
1189 3116 1571 3179 innocentes
1637 3138 1774 3181 esse
1838 3119 2112 3201 possint,
2177 3121 2401 3182 tamen
2461 3138 2659 3201 quum

341 3216 574 3279 eontra
619 3233 840 3277 omnes
879 3213 967 3277 sit
1010 3211 1286 3295 suspicio
1330 3211 1680 3277 vehemens
1726 3216 1890 3297 orta,
1937 3210 2308 3296 sinqulares
2343 3232 2662 3295 personae

344 3307 534 3374 illius
580 3306 850 3372 Ordinis
894 3306 1035 3372 sine
1079 3307 1449 3389 exceptione
1484 3306 1716 3390 aliqua
1762 3307 2132 3392 capiantur,
2180 3308 2355 3391 capti
2401 3313 2661 3374 tenean-

348 3409 479 3485 tur,
527 3408 587 3468 et
624 3398 951 3469 Ecclesiae
985 3402 1243 3486 judicio
1278 3409 1806 3487 praeserventur.
1896 3406 2252 3472 Gulielmus
2298 3411 2516 3472 autem
2562 3407 2666 3471 lit-

343 3507 504 3568 teris
548 3501 629 3566 ad
679 3502 1119 3585 Inquisitorem,
1168 3500 1425 3567 Priores
1472 3503 1762 3587 aliosque
1808 3504 2047 3570 fratres
2096 3502 2354 3570 Ordinis
2397 3503 2661 3569 Praedi-

343 3605 635 3664 catorum
685 3597 855 3663 datis
908 3597 967 3662 d.
1023 3594 1139 3661 22⁰
1183 3596 1578 3682 Septembris
1631 3601 1883 3665 scribit:
1940 3598 2169 3683 Ipsum
2212 3620 2426 3682 reqem
2468 3598 2661 3665 duxi-

342 3714 496 3766 mus
529 3711 657 3776 pro
678 3753 683 3758 .
702 3712 901 3775 causa
944 3692 1096 3772 fidei
1141 3692 1603 3775 requirendum
1616 3744 1634 3775 ,
1691 3700 1768 3762 ut
1823 3699 2049 3761 contra
2104 3695 2475 3781 singulares
2514 3717 2663 3780 per-

342 3810 544 3856 sonas
588 3789 748 3855 dicti
786 3788 1057 3856 Ordinis
1100 3789 1177 3854 de
1212 3791 1601 3874 praemissis
1643 3791 2047 3858 vehementer
2088 3798 2417 3877 suspectas
2461 3792 2662 3876 hujus

347 3886 537 3971 reyni
583 3885 769 3952 nobis
814 3885 972 3951 dare
1023 3886 1345 3969 favorem,
1396 3909 1575 3972 opem
1630 3893 1692 3954 et
1737 3888 2070 3956 auxilium
2116 3890 2531 3974 diqnaretur,
2588 3895 2662 3955 ut

343 4004 459 4049 eas
509 3982 741 4048 habere
801 3983 1133 4049 valeamus
1191 3984 1669 4052 examinandas
1717 3991 1795 4051 ut
1853 3987 2050 4065 decet,
2116 4006 2312 4070 super
2370 3987 2473 4053 his
2528 4009 2660 4053 non

529 4157 984 4226 ¹)V.Rayna1‹1.
1023 4158 1092 4211 ad
1130 4174 1179 4213 a.
1219 4161 1373 4213 1307.
1413 4177 1466 4214 ιι.
1508 4163 1591 4214 12.

2685 2903 2811 2955 Inqui
2817 2903 2977 2946 sitorin.
