3281 5014
318 2764 608 2806 observanda.

625 428 730 480 348
888 425 1109 479 XXXV.
1156 427 1238 480 De
1277 426 1483 480 Concil.
1520 425 1827 481 Basileensi
1864 441 1927 479 ac
1964 426 2030 480 de
2067 425 2279 493 Synodo
2318 425 2655 480 Florentina.

629 587 787 645 esse,
825 567 1462 649 prosecutionemque
1508 586 1756 648 semper
1802 565 2126 644 habuisse,
2182 564 2559 629 continuari
2604 584 2680 629 ac
2714 584 2934 647 prose-

631 662 948 728 cutionem
1013 661 1245 728 habere
1303 662 1523 727 debere
1583 662 1670 727 ad
1725 662 2065 743 praedicta
2125 665 2186 726 et
2233 660 2637 743 pertinentia
2701 662 2786 727 ad
2840 682 2934 740 ea,

621 758 896 842 perinde
949 780 1033 829 ,ac
1088 758 1148 824 si
1199 757 1387 824 nulla
1443 758 1782 823 dissolutio
1838 758 2020 840 facta
2071 757 2336 840 fuisset,
2401 757 2692 839 quinimo
2744 779 2937 842 prae-

630 858 844 938 fatam
889 855 1376 921 dissolutionem
1421 854 1688 920 irritam
1722 859 1783 920 et
1812 855 2079 921 inanem
2123 855 2199 920 de
2244 875 2556 920 consensu-
2584 861 2645 920 et
2670 875 2939 920 assensu

632 952 836 1018 simili
890 953 1325 1031 declarantes,
1382 952 1596 1033 ipsum
1653 971 1913 1016 sacrum
1968 951 2269 1035 qenerale
2332 950 2691 1017 Concilium
2748 951 2943 1017 Basi-

633 1051 836 1114 leense
896 1070 1089 1132 pure,
1167 1047 1545 1130 simpliciter
1613 1053 1674 1111 et
1740 1069 1882 1113 cum
1947 1048 2173 1131 effectu
2234 1069 2310 1112 ac
2377 1048 2554 1114 omni
2614 1048 2942 1114 devotione

627 1146 1089 1230 prosequimur
1135 1150 1194 1210 et
1229 1146 1540 1229 prosequi
1585 1145 2006 1221 intendimus,
2054 1145 2154 1210 ita
2198 1150 2433 1225 tamen,
2481 1145 2648 1227 quod
2686 1144 2945 1227 praesi-

634 1244 852 1308 dentes
896 1243 1109 1308 nostri
1155 1242 1241 1307 ad
1281 1241 1581 1325 praefati
1630 1241 1905 1307 Concilii
1940 1241 2455 1324 praesidentiam
2503 1241 2945 1308 admittantur

636 1361 781 1405 cum
827 1339 1071 1423 effectu,
1119 1359 1195 1404 ac
1239 1339 1460 1405 omnia
1506 1343 1566 1403 et
1610 1338 1878 1422 sinqula
1908 1343 2134 1404 contra
2169 1360 2539 1425 personam,
2589 1339 2943 1404 auctorita-

638 1442 761 1501 tem
813 1442 871 1501 et
927 1436 1284 1501 libertatem
1337 1441 1629 1501 nostram
1687 1440 1747 1501 et
1798 1433 1984 1500 Sedis
2028 1435 2433 1518 Apostolicae
2486 1456 2562 1501 ac
2613 1436 2944 1501 venerabi-

639 1534 803 1599 lium
844 1535 1139 1618 fratrum
1193 1538 1568 1600 nostrorum
1614 1534 1680 1599 S.
1726 1534 1914 1599 Rom.
1962 1532 2291 1598 Ecclesiae
2340 1532 2828 1613 Cardinalium,
2885 1538 2946 1596 et

638 1630 923 1696 aliorum
969 1651 1518 1713 quorumcumque
1556 1631 1742 1696 nobis
1790 1628 2283 1695 adhaerentium
2338 1629 2410 1695 in
2457 1629 2625 1695 dicto
2662 1628 2947 1695 Concilio

634 1728 816 1811 facta
863 1732 922 1791 et
961 1732 1144 1811 qesta
1182 1749 1304 1811 per
1350 1728 1593 1794 dictum
1648 1726 2033 1807 Concilium,
2088 1726 2280 1808 prius
2325 1726 2587 1791 omnino
2630 1725 2949 1791 tollantur

639 1830 698 1888 et
743 1825 817 1889 in
863 1824 1229 1906 pristinum
1286 1829 1531 1889 statum
1584 1824 2002 1889 reducantur.
2095 1825 2261 1888 Dein
2319 1830 2450 1888 tres
2504 1825 2754 1888 litteras
2803 1846 2947 1907 apo·

638 1924 896 1987 stolicas
944 1926 1005 1985 et
1052 1921 1369 2003 quidquid
1413 1941 1539 2003 per
1584 1941 1703 1985 nos
1754 1924 1872 1987 aut
1917 1926 2137 1985 nostro
2194 1920 2454 1985 nomine
2497 1919 2570 1985 in
2609 1919 2946 2002 praejudi-

641 2018 813 2083 cium
857 2023 976 2083 aut
1017 2018 1491 2101 derogationem
1529 2017 1857 2100 praedicti
1892 2016 2167 2083 Consilii
2196 2016 2600 2082 Basileensis
2644 2036 2758 2082 seu
2803 2038 2946 2082 con-

642 2120 749 2180 tra
809 2115 951 2197 eJ'us
1005 2113 1459 2179 auctoritatem
1519 2114 1774 2195 factum
1831 2119 1949 2179 aut
2006 2118 2395 2180 attentatum
2458 2134 2570 2178 seu
2627 2118 2946 2178 assertum

643 2216 753 2291 est,
801 2230 1152 2290 cassamus,
1200 2230 1589 2289 revocamus,
1635 2210 1987 2276 irritamus
2031 2215 2091 2275 et
2136 2210 2576 2288 annullamus,
2624 2210 2843 2275 nullas
2888 2215 2951 2274 et

643 2308 880 2373 irritas
929 2307 1138 2390 fuisse
1183 2311 1243 2370 et
1289 2327 1419 2372 esse
1464 2306 1887 2371 declaramus.
1978 2306 2146 2371 Item
2200 2327 2573 2372 revocamus
2619 2326 2951 2389 quoscum·

644 2425 764 2486 que
775 2423 1118 2487 processus
1141 2423 1699 2485 quarumcumque
1718 2424 2164 2484 censurarum,
2186 2403 2660 2486 privationum,
2697 2409 2818 2470 etc.
2844 2453 2859 2469 .
2887 2454 2901 2468 .
2933 2453 2948 2469 .

641 2523 717 2568 ac
763 2500 983 2567 omnia
1039 2499 1113 2565 in
1161 2499 1530 2584 pristinum
1587 2504 1861 2580 statum,
1907 2499 2180 2584 perinde
2234 2522 2309 2567 ac
2362 2502 2422 2567 si
2464 2522 2594 2567 non
2655 2520 2949 2566 emanas-

641 2603 799 2678 sent,
849 2619 994 2663 cum
1040 2598 1353 2663 clausulis
1402 2598 1788 2681 opportunis
1834 2598 2315 2683 restituimus.¹)

821 2751 921 2813 14.
984 2747 1122 2812 Hoc
1177 2747 1379 2832 igitur
1439 2747 1692 2811 decreto
1741 2746 2018 2831 Eugenii
2078 2747 2226 2811 dein
2285 2748 2570 2812 seditiosi
2625 2749 2953 2831 praesules

640 2846 1036 2910 Basileenses
1097 2866 1169 2909 ac
1221 2847 1443 2926 postea
1503 2843 1664 2907 varii
1721 2844 2065 2908 adversarii
2125 2844 2529 2908 auctoritatis
2588 2845 2954 2928 pontificiae

641 2945 916 3007 maxime
959 2942 1140 3004 abusi
1195 2945 1374 3016 sunt,
1430 2939 1578 3002 inde
1634 2940 2016 3017 inferentes,
2073 2940 2331 3004 decreta
2377 2939 2834 3005 Basileensium
2885 2949 2953 3004 et

641 3039 1156 3121 superioritatem
1203 3036 1472 3100 Concilii
1531 3058 1724 3118 supra
1767 3036 2009 3120 Papam
2058 3061 2094 3101 a
2138 3036 2452 3102 Pontifice
2505 3038 2732 3121 agnita
2795 3060 2950 3103 esse.

642 3135 810 3211 Quos
878 3135 1115 3217 optime
1168 3134 1306 3213 jam
1374 3133 1487 3196 illo
1557 3136 1845 3216 tempore
1909 3134 2221 3198 refutavit
2282 3133 2567 3198 Joaunes
2621 3157 2659 3198 a
2719 3133 2952 3199 Turre-

643 3237 924 3296 cremata
981 3228 1054 3293 Ο.
1101 3228 1164 3292 S.
1214 3228 1326 3306 D.‚
1383 3230 1496 3311 qui
1555 3230 1690 3312 ipse
1747 3230 1959 3295 adfuit
2015 3231 2082 3293 in
2143 3229 2427 3294 Concilio
2469 3229 2824 3295 Basileensi
2882 3254 2956 3295 ac

643 3327 981 3392 Pontificis
1045 3327 1496 3390 auctoritatem
1561 3327 1768 3389 tuitus
1834 3332 1947 3390 est.
2049 3326 2224 3402 Quae
2288 3327 2685 3391 observanda
2738 3348 2951 3392 occur-

645 3432 799 3490 runt
854 3425 934 3487 ad
989 3422 1306 3507 quaedam
1364 3425 1603 3505 puncta
1662 3421 2056 3486 reducemus.
2147 3421 2409 3505 Itaque:
2471 3422 2536 3486 1⁰
2583 3423 2955 3489 Auctoritas

643 3521 879 3587 decreti
936 3519 1218 3603 Eugenii
1283 3541 1394 3601 per
1449 3540 1516 3581 se
1569 3518 1756 3582 valde
1809 3519 2064 3583 infirma
2115 3522 2214 3582 est
2270 3540 2374 3595 e0,
2431 3520 2601 3604 quod
2656 3515 2954 3585 PEfftifiei

645 3618 830 3703 gravi
885 3621 1061 3705 metu
1121 3637 1192 3678 ac
1249 3619 1490 3679 terrore
1551 3636 1889 3679 excussum
1949 3614 2162 3682 fuerit.
2254 3614 2504 3680 Facilis
2557 3620 2650 3680 est
2694 3636 2955 3698 respon·

644 3705 1030 3791 si0,*scribit
1076 3711 1583 3787 Turrecremata,
1639 3709 1926 3775 maxime
1972 3710 2031 3775 si
2073 3730 2226 3774 vera
2271 3716 2452 3791 sunt,
2515 3733 2679 3794 quae
2728 3732 2770 3777 a
2806 3712 2956 3795 plu·

651 3809 835 3874 ribus
901 3825 1176 3888 maqnae
1231 3805 1588 3888 probitatis
1659 3811 1719 3871 et
1782 3807 2138 3889 qravitatis
2205 3807 2370 3873 viris
2434 3807 2606 3873 dicta
2664 3813 2821 3874 sunt
2882 3808 2957 3873 in

651 3905 857 3983 curia,
904 3902 1195 3968 videlicet
1241 3902 1409 3985 quod
1446 3903 1796 3985 praefatae
1844 3903 2053 3969 bullae
2096 3905 2306 3987 maqis
2352 3909 2639 3971 extortae
2681 3906 2961 3989 fuerunt

831 4158 871 4228 ι)
910 4158 1089 4213 Labbe
1127 4158 1253 4212 ΧΠ.
1295 4160 1412 4210 528.
