3281 5014
317 571 366 612 H.
398 569 540 613 Savon

632 416 739 468 472
1063 414 1316 469 XXXVI.
1353 416 1436 469 De
1474 420 1625 469 statu
1663 416 1944 472 Ecclesiae
1981 415 2142 471 initio
2179 431 2318 471 saec.
2356 416 2503 471 XVI.

545 584 586 612 a·
636 556 756 621 bus
821 556 1198 622 sacerdotali
1271 563 1536 623 exutum
1614 558 1937 642 dignitate
2005 557 2398 629 Florentinis
2466 559 2948 643 magistratibus

403 644 453 673 ‘⁰
498 661 508 672 “
633 653 1074 734 tradiderunt,
1133 655 1243 738 qui
1300 654 1401 718 die
1461 651 1576 717 23⁰
1620 653 1781 739 Maji
1838 677 1894 720 a.
1956 655 2122 719 1498
2178 657 2658 739 strangulatum
2717 656 2948 739 laqueo

631 750 903 815 flammis
952 755 1355 816 exusserunt.

810 888 913 955 84.
962 888 1299 966 Nonnulli,
1349 891 1445 954 uti
1485 892 1624 975 jam
1672 893 2075 970 monuimus,
2126 891 2524 979 dubitarunt,
2573 892 2794 976 inique
2841 891 2947 956 Sa·

632 987 1004 1053 vonarolam
1073 1008 1441 1070 oppressum
1512 987 1738 1064 fuisse,
1812 987 2065 1070 publica
2132 1011 2278 1054 vero
2347 989 2518 1053 illius
2572 980 2959 1073 judiciariae

633 1084 907 1149 actionis
952 1088 1372 1150 monumenta
1421 1084 1519 1148 vel
1574 1083 1937 1149 adulterata
1994 1084 2075 1150 ab
2136 1085 2546 1162 adversariis,
2609 1086 2709 1150 vel
2765 1086 2944 1149 illum

537 1218 587 1303 >q
632 1185 733 1246 tot
778 1180 1024 1245 dierum
1071 1181 1456 1245 cruciatibus
1490 1181 1768 1245 fractum
1813 1203 1890 1245 ex
1921 1182 2207 1246 humana
2254 1183 2696 1247 imbecillitate
2745 1183 2950 1246 inter-

634 1279 1004 1363 rogantium
1050 1277 1326 1361 cupidini
1376 1300 1616 1343 morem
1664 1278 1952 1363 gessisse.
2044 1276 2480 1363 Constatque,
2521 1280 2950 1345 atrocissimas

635 1375 1011 1453 calumnias,
1068 1396 1230 1459 quas
1277 1375 1349 1439 in
1397 1373 1690 1439 Romana
1737 1372 1929 1440 Curia
1985 1398 2240 1460 sparsas
2298 1375 2493 1440 fuisse
2545 1376 2743 1440 refert
2787 1375 2948 1439 Bur-

634 1471 939 1548 charduS,
998 1472 1074 1536 de
1120 1472 1371 1535 arcanis
1429 1473 1956 1555 exomologeseon
2013 1496 2050 1537 a
2095 1472 2419 1537 sodalibus
2466 1473 2560 1537 illi
2607 1473 2948 1557 patefactis

635 1570 895 1653 vitaque
961 1570 1214 1652 impura
1275 1589 1348 1632 ac
1412 1570 1740 1653 sacrilegis
1806 1569 2180 1652 inquinata,
2253 1571 2519 1635 omnino
2581 1570 2742 1634 falso
2811 1569 2948 1633 affi-

637 1672 774 1731 ctas
843 1665 1062 1731 fuisse.
1185 1662 1452 1749 Neque
1459 1665 1810 1746 doctrinae
1878 1665 2243 1731 haereticae
2315 1689 2353 1730 a
2421 1665 2815 1731 Savonarola
2882 1666 2950 1729 in

636 1762 892 1846 scriptis
938 1762 1069 1826 suis
1116 1762 1649 1846 sermonibusque
1708 1765 2072 1855 propositae
2122 1767 2294 1828 sunt.
2390 1760 2513 1828 Sed
2561 1763 2785 1841 ardore
2830 1763 2950 1843 ini-

639 1858 940 1944 prudenti
1006 1865 1070 1924 et
1132 1857 1473 1935 fervidiore
1528 1860 1993 1970 imaginatione
2058 1860 2316 1934 delusus
2375 1860 2445 1924 in
2502 1861 2737 1953 multos
2791 1860 2948 1923 inci-

637 1948 1099 2020 dit-excessus.
1210 1955 1386 2031 Quae
1443 1956 1542 2019 vel
1602 1978 1679 2019 ex
1734 1958 1929 2020 sacris
1976 1954 2324 2040 Scripturis
2378 1958 2592 2042 colligi
2651 1948 2769 2041 ipsi
2812 1946 2951 2019 visa

640 2040 944 2130 suut-‘⁹
889 2052 990 2116 vel
1051 2052 1534 2163 imaginationis
1592 2075 1746 2117 suae
1809 2054 2055 2118 somnia
2116 2052 2398 2130 fallacia,
2463 2076 2657 2138 quum
2704 2054 2948 2121 lumine

640 2148 857 2215 divino
914 2148 1038 2212 sibi
1097 2171 1171 2213 ea
1228 2149 1512 2213 immissa
1570 2153 1929 2233 reputaret,
1995 2150 2202 2214 instar
2255 2150 2600 2234 prophetae
2657 2150 2950 2213 multitu-

642 2245 776 2310 dini
826 2245 1292 2325 annuntiabat,
1342 2244 1594 2308 futuras
1644 2245 1877 2310 Italiae
1923 2247 2285 2312 vaticinans
2331 2247 2752 2311 calamitates.
2848 2243 2949 2309 Si-

643 2342 777 2406 mul
840 2342 1254 2407 vehementer
1313 2363 1447 2406 non
1506 2343 1715 2406 solum
1775 2343 1844 2407 in
1909 2342 2300 2408 adversarios
2370 2364 2525 2427 quos
2586 2342 2953 2407 Florentiae

643 2438 948 2518 habebat,
1002 2439 1110 2503 sed
1162 2439 1357 2503 etiam
1412 2438 1484 2503 in
1529 2460 1635 2503 eos
1690 2441 1801 2525 qui
1849 2439 2169 2504 Ecclesiae
2222 2446 2566 2524 praeerant
2609 2439 2954 2505 temeraria

644 2537 910 2602 audacia
962 2537 1327 2603 invehebat.
1395 2537 1771 2602 ‘Testantur
1820 2536 1977 2602 haec
2032 2537 2230 2621 ipsius
2284 2559 2634 2616 sermones,
2695 2559 2771 2601 ex
2820 2537 2952 2621 qui·

641 2636 763 2708 bus
825 2639 1049 2718 postea
1091 2636 1283 2719 juxta
1340 2633 1756 2700 Tridentinae
1815 2635 2072 2719 regulas
2131 2635 2485 2717 complures
2539 2636 2607 2699 in
2666 2631 2953 2724 Iudicem

644 2731 884 2796 redacti
947 2733 1144 2796 fuere.
1237 2732 1394 2797 Jure
1454 2733 1655 2816 igitur
1702 2730 2068 2796 Alexander
2098 2730 2209 2795 VI.
2270 2725 2780 2810 intervenit,'et
2836 2730 2954 2795 Sa-

649 2823 1018 2893 vonarolam
1064 2828 1446 2893 monachum
1479 2828 1745 2893 Romam
1788 2830 2034 2907 citavit,
2084 2828 2622 2912 praedicationem
2652 2827 2955 2904 inhibuit,

647 2947 721 2989 ac
768 2924 1025 2990 demum
1073 2926 1665 2991 excommunicavit.

822 3077 925 3140 85.
984 3073 1330 3139 Debuisset
1385 3080 1556 3140 certe
1602 3073 2025 3154 Savonarola,
2080 3074 2177 3138 vir
2230 3073 2436 3138 ordini
2494 3074 2798 3158 religioso
2854 3074 2956 3139 ad-

647 3173 873 3248 dictae,
922 3171 1298 3236 Alexandro
1205 3153 1445 3236 ''w-VI.
1495 3171 1773 3258 obedire,
1824 3171 2078 3235 etiamsi
2110 3193 2254 3235 eum
2299 3173 2595 3235 censeret'
2619 3171 2957 3255 indignum

648 3292 808 3334 esse
857 3268 1253 3334 Pontificem.
1360 3267 1483 3333 Sed
1543 3255 2030 3333 submissionem
2101 3266 2508 3345 detrectavit,
2580 3263 2956 3332 Pontificem

589 3357 625 3430 ><
650 3366 1057 3477 illegitimum
1096 3387 1237 3430 esse
1281 3364 1645 3442 contendit,
1707 3386 1906 3448 eoque
1952 3385 2321 3448 progressus
2368 3369 2491 3441 est,
2547 3368 2619 3428 ut
2663 3366 2742 3429 ad
2787 3365 2958 3448 prin·

651 3464 821 3547 cipes
870 3463 1177 3547 dirigeret
1217 3463 1501 3542 litteraS,
1547 3462 1810 3545 quibus,
1863 3464 1937 3524 ut
1982 3459 2424 3525 Alexandrum
2456 3460 2570 3525 VI.
2613 3466 2960 3525 convocato

592 3565 623 3601 ἢ
653 3559 941 3627 Concilio
986 3560 1275 3645 generali
1320 3558 1761 3643 deponendum
1811 3562 2132 3634 curarent,
2181 3578 2286 3620 eos
2330 3558 2662 3623 excitaret.
2755 3558 2959 3633 Quum

653 3679 841 3741 porro
911 3657 1111 3723 factio
1173 3657 1432 3741 politica
1503 3654 1935 3720 Savonarolae
2016 3654 2277 3718 adversa
2349 3652 2714 3719 Florentiae
2780 3676 2960 3739 prae·

652 3755 984 3834 valuisset,
1045 3754 1114 3818 in
1160 3775 1476 3818 carcerem
1532 3754 1865 3835 conjectus
1909 3754 1976 3815 et
2028 3750 2197 3815 actio
2237 3749 2511 3834 juridica
2563 3751 2632 3815 in
2678 3773 2823 3816 eum
2866 3751 2962 3814 in·

657 3852 890 3917 stituta
959 3855 1075 3916 est.
1153 3850 1556 3916 Postulavit
1621 3848 1957 3924 Pontifex,
2028 3851 2102 3911 ut
2167 3846 2436 3917 Romam
2507 3848 2610 3912 hic
2678 3849 2963 3913 mittere·

653 3952 766 4013 tur
825 3949 904 4013 ad
963 3948 1165 4032 ipsius
1226 3948 1531 4013 tribunal.
1632 3944 1813 4023 Quod
1872 3945 1926 4009 si
1982 3945 2223 4010 factum
2286 3944 2551 4022 fuisset,
2613 3946 2682 4009 in
2740 3966 2964 4009 mona-

545 4065 580 4118 χ·
652 4047 921 4111 sterium
962 4045 1217 4129 quidem
1275 4046 1602 4128 relegatus
1656 4050 1822 4107 esset
1866 4040 2334 4125 Hieronymus,
2390 4063 2610 4106 verum
2671 4064 2797 4107 non
2853 4041 2964 4106 da-

659 4147 920 4208 mnatus
967 4142 1048 4206 ad
1091 4141 1387 4206 ultimum
1434 4141 1838 4227 supplicium.
1930 4137 2057 4201 Sed
2110 4138 2407 4221 petitioni
2453 4139 2785 4204 Pontificis
2830 4162 2965 4203 non
