<?xml version="1.0" encoding="UTF-8"?>
<!DOCTYPE html PUBLIC "-//W3C//DTD XHTML 1.0 Transitional//EN"
    "http://www.w3.org/TR/xhtml1/DTD/xhtml1-transitional.dtd">
<html xmlns="http://www.w3.org/1999/xhtml" xml:lang="en" lang="en">
 <head>
  <title>
</title>
<meta http-equiv="Content-Type" content="text/html;charset=utf-8" />
  <meta name='ocr-system' content='tesseract 3.04.00' />
  <meta name='ocr-capabilities' content='ocr_page ocr_carea ocr_par ocr_line ocrx_word'/>
</head>
<body>
  <div class='ocr_page' id='page_1' title='image "./dissertationess05junggoog_0194.png"; bbox 0 0 3281 5014; ppageno 0'>
   <div class='ocr_carea' id='block_1_1' title="bbox 311 2979 616 3021">
    <p class='ocr_par' dir='ltr' id='par_1_1' title="bbox 311 2979 616 3021">
     <span class='ocr_line' id='line_1_1' title="bbox 311 2979 616 3021; baseline 0 0"><span class='ocrx_word' id='word_1_1' title='bbox 311 2979 562 3021; x_wconf 75' lang='lat' dir='ltr'><strong>vicariatus</strong></span> <span class='ocrx_word' id='word_1_2' title='bbox 612 3010 616 3015; x_wconf 73' lang='lat'><strong>.</strong></span> 
     </span>
    </p>
   </div>
   <div class='ocr_carea' id='block_1_2' title="bbox 344 3040 523 3154">
    <p class='ocr_par' dir='ltr' id='par_1_2' title="bbox 344 3040 523 3154">
     <span class='ocr_line' id='line_1_2' title="bbox 344 3040 523 3112; baseline 0.006 -31"><span class='ocrx_word' id='word_1_3' title='bbox 344 3040 523 3112; x_wconf 74' lang='lat' dir='ltr'><strong>Roberti</strong></span> 
     </span>
     <span class='ocr_line' id='line_1_3' title="bbox 374 3112 501 3154; baseline 0.008 -12"><span class='ocrx_word' id='word_1_4' title='bbox 374 3112 501 3154; x_wconf 77' lang='lat' dir='ltr'><strong>regis.</strong></span> 
     </span>
    </p>
   </div>
   <div class='ocr_carea' id='block_1_3' title="bbox 614 468 2505 527">
    <p class='ocr_par' dir='ltr' id='par_1_3' title="bbox 614 468 2505 527">
     <span class='ocr_line' id='line_1_4' title="bbox 614 468 2505 527; baseline 0.002 -6"><span class='ocrx_word' id='word_1_5' title='bbox 614 470 716 522; x_wconf 87' lang='lat'><strong>188</strong></span> <span class='ocrx_word' id='word_1_6' title='bbox 1033 468 1265 523; x_wconf 89' lang='lat' dir='ltr'>XXXII.</span> <span class='ocrx_word' id='word_1_7' title='bbox 1302 469 1386 523; x_wconf 89' lang='lat' dir='ltr'><strong>De</strong></span> <span class='ocrx_word' id='word_1_8' title='bbox 1421 468 1781 524; x_wconf 86' lang='lat' dir='ltr'><strong>Pontificibus</strong></span> <span class='ocrx_word' id='word_1_9' title='bbox 1818 469 2101 524; x_wconf 86' lang='lat' dir='ltr'><strong>Avenione</strong></span> <span class='ocrx_word' id='word_1_10' title='bbox 2140 469 2505 527; x_wconf 87' lang='lat' dir='ltr'><strong>commoratis.</strong></span> 
     </span>
    </p>
   </div>
   <div class='ocr_carea' id='block_1_4' title="bbox 608 607 2927 1757">
    <p class='ocr_par' dir='ltr' id='par_1_4' title="bbox 611 607 2927 1081">
     <span class='ocr_line' id='line_1_5' title="bbox 613 607 2926 696; baseline 0 -22"><span class='ocrx_word' id='word_1_11' title='bbox 613 607 918 694; x_wconf 75' lang='lat' dir='ltr'><strong>Sequitur</strong></span> <span class='ocrx_word' id='word_1_12' title='bbox 975 631 1051 674; x_wconf 88' lang='lat' dir='ltr'><strong>ex</strong></span> <span class='ocrx_word' id='word_1_13' title='bbox 1099 610 1199 675; x_wconf 88' lang='lat' dir='ltr'><strong>his</strong></span> <span class='ocrx_word' id='word_1_14' title='bbox 1260 610 1589 694; x_wconf 77' lang='lat' dir='ltr'><strong>principiis</strong></span> <span class='ocrx_word' id='word_1_15' title='bbox 1636 612 1858 689; x_wconf 89' lang='lat' dir='ltr'><strong>etiam,</strong></span> <span class='ocrx_word' id='word_1_16' title='bbox 1916 633 1954 674; x_wconf 91' lang='lat' dir='ltr'><strong>a</strong></span> <span class='ocrx_word' id='word_1_17' title='bbox 1998 610 2316 678; x_wconf 87' lang='lat' dir='ltr'><strong>Pontifice</strong></span> <span class='ocrx_word' id='word_1_18' title='bbox 2366 618 2714 696; x_wconf 89' lang='lat' dir='ltr'><strong>utrumque</strong></span> <span class='ocrx_word' id='word_1_19' title='bbox 2760 633 2926 676; x_wconf 90' lang='lat' dir='ltr'><strong>com·</strong></span> 
     </span>
     <span class='ocr_line' id='line_1_6' title="bbox 612 705 2923 793; baseline 0.001 -24"><span class='ocrx_word' id='word_1_20' title='bbox 612 705 986 788; x_wconf 85' lang='lat' dir='ltr'><strong>petitorem,</strong></span> <span class='ocrx_word' id='word_1_21' title='bbox 1035 706 1090 770; x_wconf 90' lang='lat' dir='ltr'><strong>si</strong></span> <span class='ocrx_word' id='word_1_22' title='bbox 1135 706 1441 791; x_wconf 83' lang='lat' dir='ltr'><strong>indignus</strong></span> <span class='ocrx_word' id='word_1_23' title='bbox 1486 707 1891 785; x_wconf 86' lang='lat' dir='ltr'><strong>inveniatur,</strong></span> <span class='ocrx_word' id='word_1_24' title='bbox 1937 709 2116 793; x_wconf 80' lang='lat' dir='ltr'><strong>rejici</strong></span> <span class='ocrx_word' id='word_1_25' title='bbox 2162 731 2364 793; x_wconf 88' lang='lat' dir='ltr'><strong>posse.</strong></span> <span class='ocrx_word' id='word_1_26' title='bbox 2411 745 2498 755; x_wconf 91' lang='lat'><strong>-—</strong></span> <span class='ocrx_word' id='word_1_27' title='bbox 2543 707 2923 774; x_wconf 88' lang='lat' dir='ltr'><strong>Pontificem</strong></span> 
     </span>
     <span class='ocr_line' id='line_1_7' title="bbox 611 802 2921 887; baseline 0.001 -23"><span class='ocrx_word' id='word_1_28' title='bbox 611 822 760 867; x_wconf 87' lang='lat' dir='ltr'><strong>vero</strong></span> <span class='ocrx_word' id='word_1_29' title='bbox 804 802 874 866; x_wconf 89' lang='lat' dir='ltr'><strong>in</strong></span> <span class='ocrx_word' id='word_1_30' title='bbox 940 804 1237 868; x_wconf 84' lang='lat' dir='ltr'><strong>examine</strong></span> <span class='ocrx_word' id='word_1_31' title='bbox 1296 802 1373 866; x_wconf 89' lang='lat' dir='ltr'><strong>de</strong></span> <span class='ocrx_word' id='word_1_32' title='bbox 1434 803 1683 869; x_wconf 90' lang='lat' dir='ltr'><strong>duobus</strong></span> <span class='ocrx_word' id='word_1_33' title='bbox 1743 805 2268 887; x_wconf 77' lang='lat' dir='ltr'><strong>competitoribus</strong></span> <span class='ocrx_word' id='word_1_34' title='bbox 2328 806 2665 882; x_wconf 84' lang='lat' dir='ltr'><strong>instituto,</strong></span> <span class='ocrx_word' id='word_1_35' title='bbox 2732 805 2921 869; x_wconf 84' lang='lat' dir='ltr'><strong>etiam</strong></span> 
     </span>
     <span class='ocr_line' id='line_1_8' title="bbox 611 899 2927 986; baseline 0.001 -25"><span class='ocrx_word' id='word_1_36' title='bbox 611 920 762 981; x_wconf 87' lang='lat' dir='ltr'><strong>prae</strong></span> <span class='ocrx_word' id='word_1_37' title='bbox 811 899 1007 964; x_wconf 90' lang='lat' dir='ltr'><strong>oculis</strong></span> <span class='ocrx_word' id='word_1_38' title='bbox 1054 899 1290 964; x_wconf 89' lang='lat' dir='ltr'><strong>habere</strong></span> <span class='ocrx_word' id='word_1_39' title='bbox 1335 921 1519 983; x_wconf 86' lang='lat' dir='ltr'><strong>posse</strong></span> <span class='ocrx_word' id='word_1_40' title='bbox 1566 901 1717 984; x_wconf 85' lang='lat' dir='ltr'><strong>jura</strong></span> <span class='ocrx_word' id='word_1_41' title='bbox 1775 900 1855 965; x_wconf 90' lang='lat' dir='ltr'><strong>ad</strong></span> <span class='ocrx_word' id='word_1_42' title='bbox 1911 923 2182 986; x_wconf 87' lang='lat' dir='ltr'><strong>regnum</strong></span> <span class='ocrx_word' id='word_1_43' title='bbox 2245 903 2325 967; x_wconf 90' lang='lat' dir='ltr'><strong>ab</strong></span> <span class='ocrx_word' id='word_1_44' title='bbox 2383 907 2654 986; x_wconf 90' lang='lat' dir='ltr'><strong>utroque</strong></span> <span class='ocrx_word' id='word_1_45' title='bbox 2706 900 2927 981; x_wconf 79' lang='lat' dir='ltr'><strong>allata,</strong></span> 
     </span>
     <span class='ocr_line' id='line_1_9' title="bbox 611 994 1624 1081; baseline 0.004 -24"><span class='ocrx_word' id='word_1_46' title='bbox 611 1015 724 1078; x_wconf 91' lang='lat' dir='ltr'><strong>per</strong></span> <span class='ocrx_word' id='word_1_47' title='bbox 768 1017 835 1060; x_wconf 92' lang='lat' dir='ltr'><strong>se</strong></span> <span class='ocrx_word' id='word_1_48' title='bbox 882 994 1145 1060; x_wconf 89' lang='lat' dir='ltr'><strong>dubium</strong></span> <span class='ocrx_word' id='word_1_49' title='bbox 1196 1017 1331 1061; x_wconf 90' lang='lat' dir='ltr'><strong>esse</strong></span> <span class='ocrx_word' id='word_1_50' title='bbox 1375 998 1624 1081; x_wconf 88' lang='lat' dir='ltr'><strong>nequit.</strong></span> 
     </span>
    </p>

    <p class='ocr_par' dir='ltr' id='par_1_5' title="bbox 608 1091 2924 1757">
     <span class='ocr_line' id='line_1_10' title="bbox 785 1091 2922 1177; baseline -0.001 -20"><span class='ocrx_word' id='word_1_51' title='bbox 785 1091 1105 1157; x_wconf 83' lang='lat' dir='ltr'><strong>Joannem</strong></span> <span class='ocrx_word' id='word_1_52' title='bbox 1155 1091 1359 1157; x_wconf 88' lang='lat' dir='ltr'>XXII.</span> <span class='ocrx_word' id='word_1_53' title='bbox 1414 1093 1542 1157; x_wconf 88' lang='lat' dir='ltr'><strong>ista</strong></span> <span class='ocrx_word' id='word_1_54' title='bbox 1592 1093 1758 1176; x_wconf 85' lang='lat' dir='ltr'><strong>juris</strong></span> <span class='ocrx_word' id='word_1_55' title='bbox 1816 1093 2128 1177; x_wconf 89' lang='lat' dir='ltr'><strong>principia</strong></span> <span class='ocrx_word' id='word_1_56' title='bbox 2183 1094 2349 1160; x_wconf 89' lang='lat' dir='ltr'><strong>haud</strong></span> <span class='ocrx_word' id='word_1_57' title='bbox 2402 1094 2778 1170; x_wconf 84' lang='lat' dir='ltr'><strong>deseruisse,</strong></span> <span class='ocrx_word' id='word_1_58' title='bbox 2844 1113 2922 1157; x_wconf 87' lang='lat' dir='ltr'><strong>ex</strong></span> 
     </span>
     <span class='ocr_line' id='line_1_11' title="bbox 612 1188 2923 1273; baseline 0.001 -22"><span class='ocrx_word' id='word_1_59' title='bbox 612 1189 796 1255; x_wconf 87' lang='lat' dir='ltr'><strong>factis</strong></span> <span class='ocrx_word' id='word_1_60' title='bbox 841 1188 1030 1253; x_wconf 89' lang='lat' dir='ltr'><strong>facile</strong></span> <span class='ocrx_word' id='word_1_61' title='bbox 1089 1190 1448 1273; x_wconf 84' lang='lat' dir='ltr'><strong>colligetur.</strong></span> <span class='ocrx_word' id='word_1_62' title='bbox 1543 1188 1668 1254; x_wconf 85' lang='lat' dir='ltr'><strong>Sed</strong></span> <span class='ocrx_word' id='word_1_63' title='bbox 1722 1189 1878 1254; x_wconf 89' lang='lat' dir='ltr'><strong>illud</strong></span> <span class='ocrx_word' id='word_1_64' title='bbox 1938 1190 2272 1256; x_wconf 83' lang='lat' dir='ltr'><strong>advertere</strong></span> <span class='ocrx_word' id='word_1_65' title='bbox 2330 1192 2661 1273; x_wconf 82' lang='lat' dir='ltr'><strong>convenit,</strong></span> <span class='ocrx_word' id='word_1_66' title='bbox 2719 1190 2923 1255; x_wconf 90' lang='lat' dir='ltr'><strong>mino-</strong></span> 
     </span>
     <span class='ocr_line' id='line_1_12' title="bbox 610 1284 2922 1371; baseline 0 -23"><span class='ocrx_word' id='word_1_67' title='bbox 610 1306 745 1348; x_wconf 89' lang='lat' dir='ltr'><strong>rem</strong></span> <span class='ocrx_word' id='word_1_68' title='bbox 791 1284 1033 1350; x_wconf 79' lang='lat' dir='ltr'><strong>·Joanni</strong></span> <span class='ocrx_word' id='word_1_69' title='bbox 1092 1307 1285 1371; x_wconf 88' lang='lat' dir='ltr'><strong>quam</strong></span> <span class='ocrx_word' id='word_1_70' title='bbox 1340 1286 1661 1369; x_wconf 87' lang='lat' dir='ltr'><strong>quondam</strong></span> <span class='ocrx_word' id='word_1_71' title='bbox 1709 1286 2096 1353; x_wconf 83' lang='lat' dir='ltr'><strong>Innocentio</strong></span> <span class='ocrx_word' id='word_1_72' title='bbox 2149 1287 2265 1353; x_wconf 96' lang='lat' dir='ltr'><strong>III.</strong></span> <span class='ocrx_word' id='word_1_73' title='bbox 2330 1288 2530 1353; x_wconf 85' lang='lat' dir='ltr'><strong>fuisse</strong></span> <span class='ocrx_word' id='word_1_74' title='bbox 2577 1286 2922 1351; x_wconf 83' lang='lat' dir='ltr'><strong>auctorita·</strong></span> 
     </span>
     <span class='ocr_line' id='line_1_13' title="bbox 609 1381 2919 1467; baseline 0 -23"><span class='ocrx_word' id='word_1_75' title='bbox 609 1386 743 1445; x_wconf 92' lang='lat' dir='ltr'><strong>tem</strong></span> <span class='ocrx_word' id='word_1_76' title='bbox 790 1402 864 1445; x_wconf 90' lang='lat' dir='ltr'><strong>eo</strong></span> <span class='ocrx_word' id='word_1_77' title='bbox 909 1381 1069 1465; x_wconf 86' lang='lat' dir='ltr'><strong>ipsc,</strong></span> <span class='ocrx_word' id='word_1_78' title='bbox 1113 1381 1287 1467; x_wconf 87' lang='lat' dir='ltr'><strong>quod</strong></span> <span class='ocrx_word' id='word_1_79' title='bbox 1332 1404 1460 1447; x_wconf 93' lang='lat' dir='ltr'><strong>non</strong></span> <span class='ocrx_word' id='word_1_80' title='bbox 1509 1382 1757 1448; x_wconf 86' lang='lat' dir='ltr'><strong>Romae</strong></span> <span class='ocrx_word' id='word_1_81' title='bbox 1803 1383 1912 1447; x_wconf 88' lang='lat' dir='ltr'><strong>sed</strong></span> <span class='ocrx_word' id='word_1_82' title='bbox 1961 1383 2294 1449; x_wconf 86' lang='lat' dir='ltr'><strong>Avenione</strong></span> <span class='ocrx_word' id='word_1_83' title='bbox 2339 1384 2674 1450; x_wconf 75' lang='lat' dir='ltr'><strong>residebat.</strong></span> <span class='ocrx_word' id='word_1_84' title='bbox 2750 1382 2919 1446; x_wconf 87' lang='lat' dir='ltr'><strong>Dum</strong></span> 
     </span>
     <span class='ocr_line' id='line_1_14' title="bbox 608 1477 2923 1564; baseline 0 -22"><span class='ocrx_word' id='word_1_85' title='bbox 608 1477 926 1542; x_wconf 88' lang='lat' dir='ltr'><strong>influxum</strong></span> <span class='ocrx_word' id='word_1_86' title='bbox 982 1499 1207 1562; x_wconf 85' lang='lat' dir='ltr'><strong>regum</strong></span> <span class='ocrx_word' id='word_1_87' title='bbox 1258 1478 1506 1544; x_wconf 87' lang='lat' dir='ltr'><strong>Galliae</strong></span> <span class='ocrx_word' id='word_1_88' title='bbox 1565 1479 1901 1544; x_wconf 89' lang='lat' dir='ltr'><strong>Pontificis</strong></span> <span class='ocrx_word' id='word_1_89' title='bbox 1956 1479 2205 1544; x_wconf 88' lang='lat' dir='ltr'><strong>actibus</strong></span> <span class='ocrx_word' id='word_1_90' title='bbox 2260 1482 2549 1557; x_wconf 85' lang='lat' dir='ltr'><strong>subesse,</strong></span> <span class='ocrx_word' id='word_1_91' title='bbox 2605 1480 2923 1564; x_wconf 86' lang='lat' dir='ltr'><strong>principes</strong></span> 
     </span>
     <span class='ocr_line' id='line_1_15' title="bbox 608 1575 2924 1660; baseline -0.001 -21"><span class='ocrx_word' id='word_1_92' title='bbox 608 1578 677 1639; x_wconf 90' lang='lat' dir='ltr'><strong>et</strong></span> <span class='ocrx_word' id='word_1_93' title='bbox 736 1575 956 1658; x_wconf 88' lang='lat' dir='ltr'><strong>populi</strong></span> <span class='ocrx_word' id='word_1_94' title='bbox 1014 1575 1322 1641; x_wconf 89' lang='lat' dir='ltr'><strong>continuo</strong></span> <span class='ocrx_word' id='word_1_95' title='bbox 1382 1577 1887 1660; x_wconf 85' lang='lat' dir='ltr'><strong>suspicarentur,</strong></span> <span class='ocrx_word' id='word_1_96' title='bbox 1948 1577 2183 1641; x_wconf 91' lang='lat' dir='ltr'><strong>minori</strong></span> <span class='ocrx_word' id='word_1_97' title='bbox 2238 1598 2377 1642; x_wconf 90' lang='lat' dir='ltr'><strong>cum</strong></span> <span class='ocrx_word' id='word_1_98' title='bbox 2431 1577 2790 1641; x_wconf 86' lang='lat' dir='ltr'><strong>reverentia</strong></span> <span class='ocrx_word' id='word_1_99' title='bbox 2846 1595 2924 1638; x_wconf 89' lang='lat' dir='ltr'><strong>ea</strong></span> 
     </span>
     <span class='ocr_line' id='line_1_16' title="bbox 609 1670 2184 1757; baseline 0.003 -22"><span class='ocrx_word' id='word_1_100' title='bbox 609 1692 775 1755; x_wconf 88' lang='lat' dir='ltr'><strong>quae</strong></span> <span class='ocrx_word' id='word_1_101' title='bbox 824 1694 862 1735; x_wconf 89' lang='lat' dir='ltr'><strong>a</strong></span> <span class='ocrx_word' id='word_1_102' title='bbox 905 1676 1132 1737; x_wconf 89' lang='lat' dir='ltr'><strong>sancta</strong></span> <span class='ocrx_word' id='word_1_103' title='bbox 1182 1670 1346 1736; x_wconf 85' lang='lat' dir='ltr'><strong>Sede</strong></span> <span class='ocrx_word' id='word_1_104' title='bbox 1392 1672 1638 1738; x_wconf 88' lang='lat' dir='ltr'><strong>fiebant</strong></span> <span class='ocrx_word' id='word_1_105' title='bbox 1685 1673 2184 1757; x_wconf 80' lang='lat' dir='ltr'><strong>accipiebantur.</strong></span> 
     </span>
    </p>
   </div>
   <div class='ocr_carea' id='block_1_5' title="bbox 606 1789 2922 2941">
    <p class='ocr_par' dir='ltr' id='par_1_6' title="bbox 606 1789 2922 2941">
     <span class='ocr_line' id='line_1_17' title="bbox 784 1789 2922 1880; baseline -0.001 -24"><span class='ocrx_word' id='word_1_106' title='bbox 784 1793 891 1858; x_wconf 84' lang='lat'><strong>42.</strong></span> <span class='ocrx_word' id='word_1_107' title='bbox 938 1794 1237 1877; x_wconf 86' lang='lat' dir='ltr'><strong>Acceptis</strong></span> <span class='ocrx_word' id='word_1_108' title='bbox 1284 1794 1484 1878; x_wconf 83' lang='lat' dir='ltr'><strong>igitur</strong></span> <span class='ocrx_word' id='word_1_109' title='bbox 1526 1794 1846 1861; x_wconf 85' lang='lat' dir='ltr'><strong>Ecclesiae</strong></span> <span class='ocrx_word' id='word_1_110' title='bbox 1892 1789 2379 1880; x_wconf 83' lang='lat' dir='ltr'><strong>gubernaculis,</strong></span> <span class='ocrx_word' id='word_1_111' title='bbox 2436 1792 2743 1860; x_wconf 82' lang='lat' dir='ltr'><strong>Pontifex</strong></span> <span class='ocrx_word' id='word_1_112' title='bbox 2801 1792 2922 1874; x_wconf 84' lang='lat' dir='ltr'><strong>pri,</strong></span> 
     </span>
     <span class='ocr_line' id='line_1_18' title="bbox 609 1888 2918 1975; baseline -0.002 -20"><span class='ocrx_word' id='word_1_113' title='bbox 609 1914 741 1957; x_wconf 86' lang='lat' dir='ltr'><strong>mas</strong></span> <span class='ocrx_word' id='word_1_114' title='bbox 802 1891 1178 1975; x_wconf 84' lang='lat' dir='ltr'><strong>apostolicas</strong></span> <span class='ocrx_word' id='word_1_115' title='bbox 1240 1913 1425 1956; x_wconf 90' lang='lat' dir='ltr'><strong>curas</strong></span> <span class='ocrx_word' id='word_1_116' title='bbox 1484 1890 1927 1975; x_wconf 88' lang='lat' dir='ltr'><strong>componendo</strong></span> <span class='ocrx_word' id='word_1_117' title='bbox 1971 1891 2270 1957; x_wconf 90' lang='lat' dir='ltr'><strong>Romano</strong></span> <span class='ocrx_word' id='word_1_118' title='bbox 2317 1891 2592 1975; x_wconf 88' lang='lat' dir='ltr'><strong>Imperio</strong></span> <span class='ocrx_word' id='word_1_119' title='bbox 2649 1888 2918 1953; x_wconf 85' lang='lat' dir='ltr'><strong>addixit-</strong></span> 
     </span>
     <span class='ocr_line' id='line_1_19' title="bbox 607 1985 2910 2071; baseline -0 -21"><span class='ocrx_word' id='word_1_120' title='bbox 607 2009 680 2051; x_wconf 91' lang='lat' dir='ltr'><strong>ac</strong></span> <span class='ocrx_word' id='word_1_121' title='bbox 724 1985 1029 2070; x_wconf 87' lang='lat' dir='ltr'><strong>postridie</strong></span> <span class='ocrx_word' id='word_1_122' title='bbox 1085 1991 1228 2070; x_wconf 87' lang='lat' dir='ltr'><strong>post</strong></span> <span class='ocrx_word' id='word_1_123' title='bbox 1284 1988 1764 2052; x_wconf 87' lang='lat' dir='ltr'><strong>coronationem</strong></span> <span class='ocrx_word' id='word_1_124' title='bbox 1821 2010 2004 2054; x_wconf 88' lang='lat' dir='ltr'><strong>suam</strong></span> <span class='ocrx_word' id='word_1_125' title='bbox 2057 1986 2186 2071; x_wconf 90' lang='lat' dir='ltr'><strong>(die</strong></span> <span class='ocrx_word' id='word_1_126' title='bbox 2234 1985 2304 2055; x_wconf 85' lang='lat'><strong>6⁰</strong></span> <span class='ocrx_word' id='word_1_127' title='bbox 2351 1986 2556 2071; x_wconf 85' lang='lat' dir='ltr'><strong>Sept.)</strong></span> <span class='ocrx_word' id='word_1_128' title='bbox 2616 1986 2696 2051; x_wconf 88' lang='lat' dir='ltr'><strong>ad</strong></span> <span class='ocrx_word' id='word_1_129' title='bbox 2750 2007 2910 2050; x_wconf 82' lang='lat' dir='ltr'><strong>com·</strong></span> 
     </span>
     <span class='ocr_line' id='line_1_20' title="bbox 609 2079 2916 2169; baseline -0.001 -22"><span class='ocrx_word' id='word_1_130' title='bbox 609 2084 917 2167; x_wconf 87' lang='lat' dir='ltr'><strong>petitores</strong></span> <span class='ocrx_word' id='word_1_131' title='bbox 964 2083 1146 2167; x_wconf 83' lang='lat' dir='ltr'><strong>regni</strong></span> <span class='ocrx_word' id='word_1_132' title='bbox 1198 2088 1265 2148; x_wconf 91' lang='lat' dir='ltr'><strong>et</strong></span> <span class='ocrx_word' id='word_1_133' title='bbox 1310 2084 1629 2167; x_wconf 86' lang='lat' dir='ltr'><strong>principes</strong></span> <span class='ocrx_word' id='word_1_134' title='bbox 1680 2083 1983 2151; x_wconf 86' lang='lat' dir='ltr'><strong>electores</strong></span> <span class='ocrx_word' id='word_1_135' title='bbox 2015 2085 2194 2150; x_wconf 84' lang='lat' dir='ltr'><strong>dedit</strong></span> <span class='ocrx_word' id='word_1_136' title='bbox 2240 2087 2514 2166; x_wconf 86' lang='lat' dir='ltr'><strong>litteras,</strong></span> <span class='ocrx_word' id='word_1_137' title='bbox 2562 2083 2795 2169; x_wconf 89' lang='lat' dir='ltr'><strong>quibus</strong></span> <span class='ocrx_word' id='word_1_138' title='bbox 2839 2079 2916 2144; x_wconf 89' lang='lat' dir='ltr'><strong>ad</strong></span> 
     </span>
     <span class='ocr_line' id='line_1_21' title="bbox 607 2178 2919 2263; baseline -0 -20"><span class='ocrx_word' id='word_1_139' title='bbox 607 2180 778 2263; x_wconf 85' lang='lat' dir='ltr'><strong>pacis</strong></span> <span class='ocrx_word' id='word_1_140' title='bbox 839 2184 905 2244; x_wconf 93' lang='lat' dir='ltr'><strong>et</strong></span> <span class='ocrx_word' id='word_1_141' title='bbox 961 2180 1334 2244; x_wconf 88' lang='lat' dir='ltr'><strong>concordiae</strong></span> <span class='ocrx_word' id='word_1_142' title='bbox 1398 2179 1654 2244; x_wconf 88' lang='lat' dir='ltr'><strong>foedera</strong></span> <span class='ocrx_word' id='word_1_143' title='bbox 1714 2202 1820 2245; x_wconf 88' lang='lat' dir='ltr'><strong>eos</strong></span> <span class='ocrx_word' id='word_1_144' title='bbox 1883 2183 2069 2247; x_wconf 86' lang='lat' dir='ltr'><strong>enixe</strong></span> <span class='ocrx_word' id='word_1_145' title='bbox 2128 2186 2368 2247; x_wconf 92' lang='lat' dir='ltr'><strong>monet.</strong></span> <span class='ocrx_word' id='word_1_146' title='bbox 2459 2179 2690 2258; x_wconf 82' lang='lat' dir='ltr'><strong>Quodsi</strong></span> <span class='ocrx_word' id='word_1_147' title='bbox 2747 2178 2919 2263; x_wconf 90' lang='lat' dir='ltr'><strong>prin-</strong></span> 
     </span>
     <span class='ocr_line' id='line_1_22' title="bbox 606 2275 2915 2360; baseline -0.001 -19"><span class='ocrx_word' id='word_1_148' title='bbox 606 2278 775 2359; x_wconf 89' lang='lat' dir='ltr'><strong>cipes</strong></span> <span class='ocrx_word' id='word_1_149' title='bbox 822 2275 1208 2342; x_wconf 85' lang='lat' dir='ltr'><strong>Germaniae</strong></span> <span class='ocrx_word' id='word_1_150' title='bbox 1254 2277 1434 2341; x_wconf 90' lang='lat' dir='ltr'><strong>litem</strong></span> <span class='ocrx_word' id='word_1_151' title='bbox 1491 2278 1616 2360; x_wconf 89' lang='lat' dir='ltr'><strong>ipsi</strong></span> <span class='ocrx_word' id='word_1_152' title='bbox 1664 2277 2103 2355; x_wconf 88' lang='lat' dir='ltr'><strong>diremissent‚</strong></span> <span class='ocrx_word' id='word_1_153' title='bbox 2162 2279 2303 2342; x_wconf 90' lang='lat' dir='ltr'><strong>sine</strong></span> <span class='ocrx_word' id='word_1_154' title='bbox 2350 2278 2539 2343; x_wconf 89' lang='lat' dir='ltr'><strong>dubio</strong></span> <span class='ocrx_word' id='word_1_155' title='bbox 2585 2279 2670 2355; x_wconf 86' lang='lat' dir='ltr'><strong>is,</strong></span> <span class='ocrx_word' id='word_1_156' title='bbox 2726 2297 2915 2359; x_wconf 90' lang='lat' dir='ltr'><strong>quem</strong></span> 
     </span>
     <span class='ocr_line' id='line_1_23' title="bbox 607 2371 2917 2458; baseline -0.001 -22"><span class='ocrx_word' id='word_1_157' title='bbox 607 2374 1004 2439; x_wconf 90' lang='lat' dir='ltr'><strong>unanimiter</strong></span> <span class='ocrx_word' id='word_1_158' title='bbox 1062 2374 1477 2458; x_wconf 87' lang='lat' dir='ltr'><strong>agnovissent</strong></span> <span class='ocrx_word' id='word_1_159' title='bbox 1539 2377 1613 2436; x_wconf 88' lang='lat' dir='ltr'><strong>ut</strong></span> <span class='ocrx_word' id='word_1_160' title='bbox 1674 2394 1920 2457; x_wconf 85' lang='lat' dir='ltr'><strong>regem,</strong></span> <span class='ocrx_word' id='word_1_161' title='bbox 1992 2396 2030 2438; x_wconf 87' lang='lat' dir='ltr'><strong>a</strong></span> <span class='ocrx_word' id='word_1_162' title='bbox 2088 2373 2344 2439; x_wconf 89' lang='lat' dir='ltr'><strong>Joanne</strong></span> <span class='ocrx_word' id='word_1_163' title='bbox 2404 2371 2625 2438; x_wconf 88' lang='lat' dir='ltr'><strong>XXII.</strong></span> <span class='ocrx_word' id='word_1_164' title='bbox 2686 2373 2917 2437; x_wconf 89' lang='lat' dir='ltr'><strong>confir·</strong></span> 
     </span>
     <span class='ocr_line' id='line_1_24' title="bbox 606 2466 2917 2554; baseline -0 -20"><span class='ocrx_word' id='word_1_165' title='bbox 606 2474 816 2535; x_wconf 88' lang='lat' dir='ltr'><strong>matus</strong></span> <span class='ocrx_word' id='word_1_166' title='bbox 878 2475 942 2535; x_wconf 92' lang='lat' dir='ltr'><strong>et</strong></span> <span class='ocrx_word' id='word_1_167' title='bbox 1000 2471 1069 2535; x_wconf 91' lang='lat' dir='ltr'><strong>in</strong></span> <span class='ocrx_word' id='word_1_168' title='bbox 1126 2468 1587 2554; x_wconf 86' lang='lat' dir='ltr'><strong>Imperatorem</strong></span> <span class='ocrx_word' id='word_1_169' title='bbox 1637 2471 1990 2536; x_wconf 85' lang='lat' dir='ltr'><strong>¹coronatus</strong></span> <span class='ocrx_word' id='word_1_170' title='bbox 2053 2470 2301 2535; x_wconf 87' lang='lat' dir='ltr'><strong>fuisset.</strong></span> <span class='ocrx_word' id='word_1_171' title='bbox 2407 2466 2533 2534; x_wconf 85' lang='lat' dir='ltr'><strong>Sed</strong></span> <span class='ocrx_word' id='word_1_172' title='bbox 2596 2469 2917 2553; x_wconf 89' lang='lat' dir='ltr'><strong>principes</strong></span> 
     </span>
     <span class='ocr_line' id='line_1_25' title="bbox 607 2564 2915 2650; baseline -0.001 -20"><span class='ocrx_word' id='word_1_173' title='bbox 607 2566 688 2631; x_wconf 89' lang='lat' dir='ltr'><strong>ad</strong></span> <span class='ocrx_word' id='word_1_174' title='bbox 734 2566 1133 2631; x_wconf 88' lang='lat' dir='ltr'><strong>concordiam</strong></span> <span class='ocrx_word' id='word_1_175' title='bbox 1181 2588 1313 2631; x_wconf 93' lang='lat' dir='ltr'><strong>non</strong></span> <span class='ocrx_word' id='word_1_176' title='bbox 1361 2571 1824 2650; x_wconf 81' lang='lat' dir='ltr'><strong>pervenerunt3</strong></span> <span class='ocrx_word' id='word_1_177' title='bbox 1880 2567 1988 2631; x_wconf 89' lang='lat' dir='ltr'><strong>alii</strong></span> <span class='ocrx_word' id='word_1_178' title='bbox 2040 2566 2392 2647; x_wconf 85' lang='lat' dir='ltr'><strong>Ludovico‚</strong></span> <span class='ocrx_word' id='word_1_179' title='bbox 2436 2566 2545 2630; x_wconf 92' lang='lat' dir='ltr'><strong>alii</strong></span> <span class='ocrx_word' id='word_1_180' title='bbox 2594 2564 2915 2630; x_wconf 86' lang='lat' dir='ltr'><strong>Friderico</strong></span> 
     </span>
     <span class='ocr_line' id='line_1_26' title="bbox 607 2659 2916 2746; baseline -0.002 -17"><span class='ocrx_word' id='word_1_181' title='bbox 607 2663 1054 2740; x_wconf 83' lang='lat' dir='ltr'><strong>adhaeserunt,</strong></span> <span class='ocrx_word' id='word_1_182' title='bbox 1091 2661 1378 2744; x_wconf 78' lang='lat' dir='ltr'><strong>plurimi</strong></span> <span class='ocrx_word' id='word_1_183' title='bbox 1424 2659 1879 2745; x_wconf 78' lang='lat' dir='ltr'><strong>exspectabant</strong></span> <span class='ocrx_word' id='word_1_184' title='bbox 1906 2660 2299 2746; x_wconf 87' lang='lat' dir='ltr'><strong>(Pontificis)</strong></span> <span class='ocrx_word' id='word_1_185' title='bbox 2346 2660 2916 2742; x_wconf 75' lang='lat' dir='ltr'><strong>confirmationem,</strong></span> 
     </span>
     <span class='ocr_line' id='line_1_27' title="bbox 606 2756 2912 2842; baseline -0.001 -19"><span class='ocrx_word' id='word_1_186' title='bbox 606 2758 857 2823; x_wconf 77' lang='lat' dir='ltr'><strong>interea</strong></span> <span class='ocrx_word' id='word_1_187' title='bbox 924 2758 1148 2824; x_wconf 76' lang='lat' dir='ltr'><strong>neutri</strong></span> <span class='ocrx_word' id='word_1_188' title='bbox 1214 2758 1564 2824; x_wconf 82' lang='lat' dir='ltr'><strong>adhaerere</strong></span> <span class='ocrx_word' id='word_1_189' title='bbox 1629 2756 2014 2842; x_wconf 46' lang='lat' dir='ltr'><strong>volebant&amp;</strong></span> <span class='ocrx_word' id='word_1_190' title='bbox 2120 2759 2480 2824; x_wconf 88' lang='lat' dir='ltr'><strong>Ludovicus</strong></span> <span class='ocrx_word' id='word_1_191' title='bbox 2547 2777 2697 2822; x_wconf 87' lang='lat' dir='ltr'><strong>vero</strong></span> <span class='ocrx_word' id='word_1_192' title='bbox 2767 2779 2912 2821; x_wconf 85' lang='lat' dir='ltr'><strong>mox</strong></span> 
     </span>
     <span class='ocr_line' id='line_1_28' title="bbox 611 2847 2543 2941; baseline 0.002 -22"><span class='ocrx_word' id='word_1_193' title='bbox 611 2857 857 2921; x_wconf 88' lang='lat' dir='ltr'><strong>actibus</strong></span> <span class='ocrx_word' id='word_1_194' title='bbox 903 2857 1036 2921; x_wconf 90' lang='lat' dir='ltr'><strong>suis</strong></span> <span class='ocrx_word' id='word_1_195' title='bbox 1074 2858 1226 2941; x_wconf 87' lang='lat' dir='ltr'><strong>jura</strong></span> <span class='ocrx_word' id='word_1_196' title='bbox 1275 2855 1454 2921; x_wconf 86' lang='lat' dir='ltr'><strong>Sedis</strong></span> <span class='ocrx_word' id='word_1_197' title='bbox 1498 2856 1908 2941; x_wconf 86' lang='lat' dir='ltr'><strong>Apostolicae</strong></span> <span class='ocrx_word' id='word_1_198' title='bbox 1950 2857 2160 2921; x_wconf 83' lang='lat' dir='ltr'><strong>laesit.</strong></span> <span class='ocrx_word' id='word_1_199' title='bbox 2540 2847 2543 2850; x_wconf 10' lang='grc' dir='ltr'><em>Α</em></span> 
     </span>
    </p>
   </div>
   <div class='ocr_carea' id='block_1_6' title="bbox 606 2975 2918 3739">
    <p class='ocr_par' dir='ltr' id='par_1_7' title="bbox 606 2975 2918 3739">
     <span class='ocr_line' id='line_1_29' title="bbox 784 2975 2917 3045; baseline -0.002 -3"><span class='ocrx_word' id='word_1_200' title='bbox 784 2980 890 3044; x_wconf 89' lang='grc'><strong>43.</strong></span> <span class='ocrx_word' id='word_1_201' title='bbox 960 2981 1121 3045; x_wconf 86' lang='lat' dir='ltr'><strong>Post</strong></span> <span class='ocrx_word' id='word_1_202' title='bbox 1188 2988 1459 3043; x_wconf 90' lang='lat' dir='ltr'><strong>mortem</strong></span> <span class='ocrx_word' id='word_1_203' title='bbox 1528 2979 1697 3042; x_wconf 91' lang='lat' dir='ltr'><strong>enim</strong></span> <span class='ocrx_word' id='word_1_204' title='bbox 1770 2977 2032 3042; x_wconf 88' lang='lat' dir='ltr'><strong>Henrici</strong></span> <span class='ocrx_word' id='word_1_205' title='bbox 2091 2976 2243 3043; x_wconf 89' lang='lat' dir='ltr'><strong>VH.</strong></span> <span class='ocrx_word' id='word_1_206' title='bbox 2321 2977 2700 3041; x_wconf 85' lang='lat' dir='ltr'><strong>instituerat</strong></span> <span class='ocrx_word' id='word_1_207' title='bbox 2775 2975 2917 3040; x_wconf 85' lang='lat' dir='ltr'><strong>Cle·-</strong></span> 
     </span>
     <span class='ocr_line' id='line_1_30' title="bbox 611 3062 2918 3159; baseline -0.003 -19"><span class='ocrx_word' id='word_1_208' title='bbox 611 3097 792 3140; x_wconf 87' lang='lat' dir='ltr'><strong>mens</strong></span> <span class='ocrx_word' id='word_1_209' title='bbox 822 3073 902 3141; x_wconf 92' lang='lat' dir='ltr'><strong>V.</strong></span> <span class='ocrx_word' id='word_1_210' title='bbox 949 3097 1062 3159; x_wconf 87' lang='lat' dir='ltr'><strong>pro</strong></span> <span class='ocrx_word' id='word_1_211' title='bbox 1104 3080 1390 3159; x_wconf 85' lang='lat' dir='ltr'><strong>tempore</strong></span> <span class='ocrx_word' id='word_1_212' title='bbox 1436 3072 1713 3155; x_wconf 81' lang='lat' dir='ltr'><strong>Imperii</strong></span> <span class='ocrx_word' id='word_1_213' title='bbox 1755 3062 2051 3138; x_wconf 75' lang='lat' dir='ltr'><strong>vacantis</strong></span> <span class='ocrx_word' id='word_1_214' title='bbox 2094 3072 2446 3159; x_wconf 74' lang='lat' dir='ltr'><strong>Robertum</strong></span> <span class='ocrx_word' id='word_1_215' title='bbox 2491 3093 2703 3156; x_wconf 86' lang='lat' dir='ltr'><strong>regem</strong></span> <span class='ocrx_word' id='word_1_216' title='bbox 2742 3070 2918 3154; x_wconf 90' lang='lat' dir='ltr'><strong>Apu-</strong></span> 
     </span>
     <span class='ocr_line' id='line_1_31' title="bbox 610 3168 2913 3256; baseline -0.003 -19"><span class='ocrx_word' id='word_1_217' title='bbox 610 3174 733 3238; x_wconf 86' lang='lat' dir='ltr'><strong>liae</strong></span> <span class='ocrx_word' id='word_1_218' title='bbox 788 3179 862 3237; x_wconf 94' lang='lat' dir='ltr'><strong>ut</strong></span> <span class='ocrx_word' id='word_1_219' title='bbox 891 3171 1216 3255; x_wconf 78' lang='lat' dir='ltr'><strong>Vicarium</strong></span> <span class='ocrx_word' id='word_1_220' title='bbox 1279 3171 1533 3256; x_wconf 87' lang='lat' dir='ltr'><strong>Imperii</strong></span> <span class='ocrx_word' id='word_1_221' title='bbox 1598 3171 1667 3234; x_wconf 88' lang='lat' dir='ltr'><strong>in</strong></span> <span class='ocrx_word' id='word_1_222' title='bbox 1730 3169 1942 3235; x_wconf 87' lang='lat' dir='ltr'><strong>Italia.</strong></span> <span class='ocrx_word' id='word_1_223' title='bbox 2034 3169 2280 3235; x_wconf 82' lang='lat' dir='ltr'><strong>Vacare</strong></span> <span class='ocrx_word' id='word_1_224' title='bbox 2340 3174 2555 3233; x_wconf 81' lang='lat' dir='ltr'><strong>autem</strong></span> <span class='ocrx_word' id='word_1_225' title='bbox 2618 3168 2913 3233; x_wconf 87' lang='lat' dir='ltr'><strong>censeba-</strong></span> 
     </span>
     <span class='ocr_line' id='line_1_32' title="bbox 608 3266 2914 3353; baseline -0.002 -22"><span class='ocrx_word' id='word_1_226' title='bbox 608 3280 714 3333; x_wconf 88' lang='lat' dir='ltr'><strong>tur</strong></span> <span class='ocrx_word' id='word_1_227' title='bbox 761 3268 1105 3352; x_wconf 90' lang='lat' dir='ltr'><strong>Imperium</strong></span> <span class='ocrx_word' id='word_1_228' title='bbox 1152 3270 1348 3353; x_wconf 87' lang='lat' dir='ltr'><strong>juxta</strong></span> <span class='ocrx_word' id='word_1_229' title='bbox 1397 3269 1502 3353; x_wconf 81' lang='lat' dir='ltr'><strong>jus</strong></span> <span class='ocrx_word' id='word_1_230' title='bbox 1557 3266 1881 3350; x_wconf 90' lang='lat' dir='ltr'><strong>publicum</strong></span> <span class='ocrx_word' id='word_1_231' title='bbox 1938 3267 2193 3332; x_wconf 89' lang='lat' dir='ltr'><strong>illorum</strong></span> <span class='ocrx_word' id='word_1_232' title='bbox 2252 3272 2644 3348; x_wconf 85' lang='lat' dir='ltr'><strong>temporum,</strong></span> <span class='ocrx_word' id='word_1_233' title='bbox 2700 3286 2914 3348; x_wconf 89' lang='lat' dir='ltr'><strong>quam·</strong></span> 
     </span>
     <span class='ocr_line' id='line_1_33' title="bbox 608 3360 2916 3446; baseline -0.003 -17"><span class='ocrx_word' id='word_1_234' title='bbox 608 3365 715 3429; x_wconf 88' lang='lat' dir='ltr'><strong>diu</strong></span> <span class='ocrx_word' id='word_1_235' title='bbox 761 3387 893 3429; x_wconf 92' lang='lat' dir='ltr'><strong>non</strong></span> <span class='ocrx_word' id='word_1_236' title='bbox 925 3364 1250 3429; x_wconf 83' lang='lat' dir='ltr'><strong>existebat</strong></span> <span class='ocrx_word' id='word_1_237' title='bbox 1280 3385 1486 3428; x_wconf 88' lang='lat' dir='ltr'><strong>novus</strong></span> <span class='ocrx_word' id='word_1_238' title='bbox 1519 3361 1881 3446; x_wconf 90' lang='lat' dir='ltr'><strong>Imperator</strong></span> <span class='ocrx_word' id='word_1_239' title='bbox 1909 3360 2037 3427; x_wconf 79' lang='lat' dir='ltr'><strong>rite</strong></span> <span class='ocrx_word' id='word_1_240' title='bbox 2083 3381 2160 3427; x_wconf 83' lang='lat' dir='ltr'><strong>ac</strong></span> <span class='ocrx_word' id='word_1_241' title='bbox 2206 3360 2488 3445; x_wconf 73' lang='lat' dir='ltr'><strong>leqitime</strong></span> <span class='ocrx_word' id='word_1_242' title='bbox 2533 3364 2916 3439; x_wconf 74' lang='lat' dir='ltr'><strong>coronatus,-</strong></span> 
     </span>
     <span class='ocr_line' id='line_1_34' title="bbox 609 3457 2914 3544; baseline -0.003 -19"><span class='ocrx_word' id='word_1_243' title='bbox 609 3484 647 3525; x_wconf 88' lang='lat' dir='ltr'><strong>a</strong></span> <span class='ocrx_word' id='word_1_244' title='bbox 713 3461 966 3526; x_wconf 85' lang='lat' dir='ltr'><strong>fortiori</strong></span> <span class='ocrx_word' id='word_1_245' title='bbox 1029 3461 1232 3544; x_wconf 83' lang='lat' dir='ltr'><strong>igitur</strong></span> <span class='ocrx_word' id='word_1_246' title='bbox 1300 3459 1652 3543; x_wconf 89' lang='lat' dir='ltr'><strong>Imperium</strong></span> <span class='ocrx_word' id='word_1_247' title='bbox 1721 3459 2015 3535; x_wconf 84' lang='lat' dir='ltr'><strong>vacabat,</strong></span> <span class='ocrx_word' id='word_1_248' title='bbox 2083 3459 2329 3524; x_wconf 87' lang='lat' dir='ltr'><strong>duobus</strong></span> <span class='ocrx_word' id='word_1_249' title='bbox 2395 3457 2914 3541; x_wconf 89' lang='lat' dir='ltr'><strong>competitoribus</strong></span> 
     </span>
     <span class='ocr_line' id='line_1_35' title="bbox 608 3553 2914 3641; baseline -0.003 -18"><span class='ocrx_word' id='word_1_250' title='bbox 608 3560 684 3623; x_wconf 90' lang='lat' dir='ltr'><strong>de</strong></span> <span class='ocrx_word' id='word_1_251' title='bbox 732 3557 968 3623; x_wconf 90' lang='lat' dir='ltr'><strong>throno</strong></span> <span class='ocrx_word' id='word_1_252' title='bbox 1016 3556 1442 3641; x_wconf 85' lang='lat' dir='ltr'><strong>litigantibus.</strong></span> <span class='ocrx_word' id='word_1_253' title='bbox 1536 3556 1616 3621; x_wconf 90' lang='lat' dir='ltr'><strong>In</strong></span> <span class='ocrx_word' id='word_1_254' title='bbox 1666 3575 1868 3639; x_wconf 86' lang='lat' dir='ltr'><strong>regno</strong></span> <span class='ocrx_word' id='word_1_255' title='bbox 1923 3556 2179 3640; x_wconf 88' lang='lat' dir='ltr'><strong>quidem</strong></span> <span class='ocrx_word' id='word_1_256' title='bbox 2228 3554 2610 3619; x_wconf 85' lang='lat' dir='ltr'><strong>Germaniae</strong></span> <span class='ocrx_word' id='word_1_257' title='bbox 2656 3553 2914 3618; x_wconf 86' lang='lat' dir='ltr'><strong>vicaria·</strong></span> 
     </span>
     <span class='ocr_line' id='line_1_36' title="bbox 606 3648 2911 3739; baseline -0.003 -19"><span class='ocrx_word' id='word_1_258' title='bbox 606 3660 713 3720; x_wconf 90' lang='lat' dir='ltr'><strong>tus</strong></span> <span class='ocrx_word' id='word_1_259' title='bbox 761 3654 1022 3739; x_wconf 89' lang='lat' dir='ltr'><strong>Imperii</strong></span> <span class='ocrx_word' id='word_1_260' title='bbox 1081 3659 1369 3737; x_wconf 90' lang='lat' dir='ltr'><strong>tempore</strong></span> <span class='ocrx_word' id='word_1_261' title='bbox 1415 3653 1771 3718; x_wconf 87' lang='lat' dir='ltr'><strong>vacationis</strong></span> <span class='ocrx_word' id='word_1_262' title='bbox 1830 3675 1868 3717; x_wconf 90' lang='lat' dir='ltr'><strong>a</strong></span> <span class='ocrx_word' id='word_1_263' title='bbox 1927 3652 2317 3735; x_wconf 87' lang='lat' dir='ltr'><strong>principibus</strong></span> <span class='ocrx_word' id='word_1_264' title='bbox 2375 3650 2744 3735; x_wconf 82' lang='lat' dir='ltr'><strong>gerebatur3</strong></span> <span class='ocrx_word' id='word_1_265' title='bbox 2801 3648 2911 3713; x_wconf 91' lang='lat' dir='ltr'><strong>sed</strong></span> 
     </span>
    </p>
   </div>
   <div class='ocr_carea' id='block_1_7' title="bbox 609 3804 1027 3811">
    <p class='ocr_par' dir='ltr' id='par_1_8' title="bbox 609 3804 1027 3811">
     <span class='ocr_line' id='line_1_37' title="bbox 609 3804 1027 3811; baseline 0 1203"><span class='ocrx_word' id='word_1_266' title='bbox 609 3804 1027 3811; x_wconf 95' lang='lat' dir='ltr'><strong> </strong></span> 
     </span>
    </p>
   </div>
   <div class='ocr_carea' id='block_1_8' title="bbox 604 3874 2915 4264">
    <p class='ocr_par' dir='ltr' id='par_1_9' title="bbox 604 3874 2915 4264">
     <span class='ocr_line' id='line_1_38' title="bbox 789 3874 2915 3946; baseline -0.002 -14"><span class='ocrx_word' id='word_1_267' title='bbox 789 3878 829 3946; x_wconf 87' lang='lat'><strong>¹)</strong></span> <span class='ocrx_word' id='word_1_268' title='bbox 865 3878 1026 3932; x_wconf 88' lang='lat' dir='ltr'><strong>Mutii</strong></span> <span class='ocrx_word' id='word_1_269' title='bbox 1063 3878 1258 3933; x_wconf 88' lang='lat' dir='ltr'><strong>Chron.</strong></span> <span class='ocrx_word' id='word_1_270' title='bbox 1305 3879 1483 3934; x_wconf 84' lang='lat' dir='ltr'><strong>Germ.</strong></span> <span class='ocrx_word' id='word_1_271' title='bbox 1523 3877 1583 3932; x_wconf 88' lang='lat' dir='ltr'><strong>L.</strong></span> <span class='ocrx_word' id='word_1_272' title='bbox 1622 3878 1822 3932; x_wconf 90' lang='lat' dir='ltr'><strong>XXIV.</strong></span> <span class='ocrx_word' id='word_1_273' title='bbox 1871 3894 1922 3946; x_wconf 90' lang='lat' dir='ltr'><strong>p.</strong></span> <span class='ocrx_word' id='word_1_274' title='bbox 1962 3880 2081 3932; x_wconf 88' lang='lat'><strong>866.</strong></span> <span class='ocrx_word' id='word_1_275' title='bbox 2131 3908 2195 3916; x_wconf 88' lang='lat'><strong>—-</strong></span> <span class='ocrx_word' id='word_1_276' title='bbox 2242 3876 2441 3931; x_wconf 84' lang='lat' dir='ltr'><strong>Utrum</strong></span> <span class='ocrx_word' id='word_1_277' title='bbox 2488 3874 2775 3930; x_wconf 90' lang='lat' dir='ltr'><strong>electionis</strong></span> <span class='ocrx_word' id='word_1_278' title='bbox 2819 3874 2915 3928; x_wconf 83' lang='lat' dir='ltr'><strong>de·</strong></span> 
     </span>
     <span class='ocr_line' id='line_1_39' title="bbox 610 3951 2909 4025; baseline -0.002 -14"><span class='ocrx_word' id='word_1_279' title='bbox 610 3962 761 4014; x_wconf 89' lang='lat' dir='ltr'><strong>creta</strong></span> <span class='ocrx_word' id='word_1_280' title='bbox 796 3973 829 4012; x_wconf 87' lang='lat' dir='ltr'><strong>a</strong></span> <span class='ocrx_word' id='word_1_281' title='bbox 866 3957 1073 4012; x_wconf 89' lang='lat' dir='ltr'><strong>duobus</strong></span> <span class='ocrx_word' id='word_1_282' title='bbox 1111 3956 1556 4025; x_wconf 86' lang='lat' dir='ltr'><strong>competitoribus</strong></span> <span class='ocrx_word' id='word_1_283' title='bbox 1585 3956 1862 4012; x_wconf 88' lang='lat' dir='ltr'><strong>Ludovico</strong></span> <span class='ocrx_word' id='word_1_284' title='bbox 1899 3961 1958 4011; x_wconf 90' lang='lat' dir='ltr'><strong>et</strong></span> <span class='ocrx_word' id='word_1_285' title='bbox 1986 3955 2265 4010; x_wconf 84' lang='lat' dir='ltr'><strong>Friderico</strong></span> <span class='ocrx_word' id='word_1_286' title='bbox 2294 3953 2548 4009; x_wconf 87' lang='lat' dir='ltr'><strong>Pontifici</strong></span> <span class='ocrx_word' id='word_1_287' title='bbox 2584 3955 2653 4008; x_wconf 85' lang='lat' dir='ltr'><strong>ad</strong></span> <span class='ocrx_word' id='word_1_288' title='bbox 2689 3951 2909 4008; x_wconf 90' lang='lat' dir='ltr'><strong>electio·</strong></span> 
     </span>
     <span class='ocr_line' id='line_1_40' title="bbox 605 4033 2911 4104; baseline -0.003 -14"><span class='ocrx_word' id='word_1_289' title='bbox 605 4052 729 4092; x_wconf 89' lang='lat' dir='ltr'><strong>nem</strong></span> <span class='ocrx_word' id='word_1_290' title='bbox 768 4036 1184 4091; x_wconf 86' lang='lat' dir='ltr'><strong>confirmandam</strong></span> <span class='ocrx_word' id='word_1_291' title='bbox 1226 4041 1578 4104; x_wconf 86' lang='lat' dir='ltr'><strong>praesentata</strong></span> <span class='ocrx_word' id='word_1_292' title='bbox 1614 4035 1844 4102; x_wconf 88' lang='lat' dir='ltr'><strong>fuerint,</strong></span> <span class='ocrx_word' id='word_1_293' title='bbox 1893 4034 2341 4091; x_wconf 86' lang='lat' dir='ltr'><strong>controvertitur.</strong></span> <span class='ocrx_word' id='word_1_294' title='bbox 2413 4033 2744 4102; x_wconf 84' lang='lat' dir='ltr'><strong>Negativam</strong></span> <span class='ocrx_word' id='word_1_295' title='bbox 2791 4047 2911 4086; x_wconf 88' lang='lat' dir='ltr'><strong>sen·</strong></span> 
     </span>
     <span class='ocr_line' id='line_1_41' title="bbox 606 4109 2910 4183; baseline -0.004 -11"><span class='ocrx_word' id='word_1_296' title='bbox 606 4116 838 4172; x_wconf 88' lang='lat' dir='ltr'><strong>tentiam</strong></span> <span class='ocrx_word' id='word_1_297' title='bbox 887 4121 1042 4171; x_wconf 87' lang='lat' dir='ltr'><strong>tenet</strong></span> <span class='ocrx_word' id='word_1_298' title='bbox 1084 4115 1287 4171; x_wconf 72' lang='lat' dir='ltr'><strong>Muller</strong></span> <span class='ocrx_word' id='word_1_299' title='bbox 1325 4116 1361 4169; x_wconf 95' lang='lat' dir='ltr'><strong>l.</strong></span> <span class='ocrx_word' id='word_1_300' title='bbox 1409 4132 1456 4170; x_wconf 89' lang='lat' dir='ltr'><strong>c.</strong></span> <span class='ocrx_word' id='word_1_301' title='bbox 1502 4115 1562 4167; x_wconf 93' lang='grc' dir='ltr'><strong>Τ.</strong></span> <span class='ocrx_word' id='word_1_302' title='bbox 1600 4114 1644 4167; x_wconf 93' lang='grc' dir='ltr'><strong>Ι.</strong></span> <span class='ocrx_word' id='word_1_303' title='bbox 1693 4131 1744 4181; x_wconf 90' lang='lat' dir='ltr'><strong>p.</strong></span> <span class='ocrx_word' id='word_1_304' title='bbox 1790 4118 1859 4168; x_wconf 80' lang='grc'><strong>26</strong></span> <span class='ocrx_word' id='word_1_305' title='bbox 1896 4131 2040 4183; x_wconf 88' lang='lat' dir='ltr'><strong>sqq.</strong></span> <span class='ocrx_word' id='word_1_306' title='bbox 2093 4111 2474 4167; x_wconf 85' lang='lat' dir='ltr'><strong>affirmativam</strong></span> <span class='ocrx_word' id='word_1_307' title='bbox 2524 4111 2734 4180; x_wconf 86' lang='lat' dir='ltr'><strong>Preger</strong></span> <span class='ocrx_word' id='word_1_308' title='bbox 2780 4109 2816 4163; x_wconf 92' lang='lat' dir='ltr'><strong>l.</strong></span> <span class='ocrx_word' id='word_1_309' title='bbox 2863 4125 2910 4164; x_wconf 91' lang='lat' dir='ltr'><strong>c.</strong></span> 
     </span>
     <span class='ocr_line' id='line_1_42' title="bbox 604 4156 2510 4264; baseline -0.003 -15"><span class='ocrx_word' id='word_1_310' title='bbox 604 4212 656 4264; x_wconf 91' lang='lat' dir='ltr'><strong>p.</strong></span> <span class='ocrx_word' id='word_1_311' title='bbox 695 4198 763 4249; x_wconf 79' lang='lat'><strong>26</strong></span> <span class='ocrx_word' id='word_1_312' title='bbox 800 4211 933 4264; x_wconf 89' lang='lat' dir='ltr'><strong>sqq.</strong></span> <span class='ocrx_word' id='word_1_313' title='bbox 971 4200 1136 4263; x_wconf 88' lang='lat' dir='ltr'><strong>atque</strong></span> <span class='ocrx_word' id='word_1_314' title='bbox 1173 4195 1307 4250; x_wconf 87' lang='lat' dir='ltr'><strong>haec</strong></span> <span class='ocrx_word' id='word_1_315' title='bbox 1343 4192 1676 4248; x_wconf 81' lang='lat' dir='ltr'><strong>affirmativa</strong></span> <span class='ocrx_word' id='word_1_316' title='bbox 1711 4156 2048 4263; x_wconf 81' lang='lat' dir='ltr'><strong>probabilioi·</strong></span> <span class='ocrx_word' id='word_1_317' title='bbox 2084 4190 2240 4247; x_wconf 90' lang='lat' dir='ltr'><strong>nobis</strong></span> <span class='ocrx_word' id='word_1_318' title='bbox 2276 4190 2510 4245; x_wconf 85' lang='lat' dir='ltr'><strong>videtur.</strong></span> 
     </span>
    </p>
   </div>
  </div>
 </body>
</html>
