3281 5014
780 523 862 576 De
900 522 1136 577 decretis
1177 522 1446 577 Sessionis
1486 528 1714 589 quartae
1752 529 1809 578 et
1845 521 2085 590 quintae.
2492 526 2595 577 309

275 663 359 727 ad
406 664 712 732 unionem
757 664 1055 746 recipere,
1100 666 1236 728 imo‘
1273 687 1506 730 novam
1556 686 1669 747 per
1718 663 2098 767 Gregorium
2132 663 2401 729 Concilii
2446 686 2595 728 con-

281 762 677 824 vocationem
739 759 1098 824 admittere.
1193 760 1551 825 Concilium
1608 763 1860 845 quoque
1907 759 2216 826 Pisanum
2264 755 2443 824 varia
2493 760 2594 824 de·

273 865 454 921 creta
499 857 835 940 variasque
883 856 1346 922 declarationes
1393 858 1470 922 de
1517 880 1634 921 sua
1680 858 2064 923 auctoritate
2107 857 2435 974 emiserat,
2484 857 2593 921 sed

277 958 500 1037 postea
546 954 733 1036 pauci
778 952 854 1016 de
901 955 1043 1018 istis
1090 955 1347 1018 solliciti
1393 955 1681 1018 fuerunt.

460 1113 562 1176 30.
622 1110 746 1175 Illa
810 1111 1067 1174 decreta
1133 1107 1403 1176 Concilii
1469 1110 1983 1177 constantiensis
2050 1112 2123 1175 in
2189 1117 2408 1175 mente
2470 1110 2594 1174 Pa-

278 1214 453 1273 trum
524 1230 658 1272 non
727 1208 922 1272 fuisse
989 1207 1137 1272 fidei
1202 1208 1487 1285 decreta,
1556 1207 1708 1271 inde
1769 1229 2022 1291 quoque
2086 1208 2301 1290 colligi
2369 1213 2597 1290 potest,

276 1304 453 1389 quod
506 1301 769 1399 carefit
786 1295 995 1369 notis
1015 1304 1247 1404 quibus
1300 1307 1437 1388 ipsa
1486 1304 1753 1370 Concilii
1809 1301 2067 1368 decreta
2120 1304 2266 1369 fidei
2327 1306 2409 1369 ab
2456 1305 2596 1368 aliis

275 1391 624 1487 distingui
624 1391 901 1466 solent.
906 1391 955 1483 ¹)
1066 1401 1418 1466 Concilium
1498 1403 1669 1466 enim
1746 1424 1863 1465 nec
1936 1422 2234 1485 expresse
2312 1402 2424 1464 illa
2495 1401 2596 1464 de·

277 1507 458 1564 creta
521 1505 592 1563 ut
660 1497 917 1563 decreta
984 1499 1130 1562 fidei
1201 1499 1282 1562 ab
1344 1498 1640 1563 omnibus
1713 1482 2004 1562 fidelibus
2061 1498 2463 1581 suscipienda
2533 1505 2597 1563 et

281 1597 552 1661 firmiter
610 1593 923 1659 credenda
983 1597 1349 1679 proposuit,
1415 1617 1627 1678 neque
1689 1579 2045 1659 haereticos
2097 1594 2268 1658 dixit
2322 1617 2428 1659 eos
2484 1598 2593 1679 qui

260 1693 471 1774 taliter
543 1692 902 1772 sentirent,
969 1697 1083 1756 aut
1165 1684 1305 1773 ipso
1372 1693 1522 1775 jure
1599 1692 2181 1756 excommunicatos
2256 1692 2368 1775 qui
2445 1714 2595 1757 con·

276 1788 555 1852 trarium
633 1788 1041 1852 asseruerint.
1174 1786 1391 1851 Etiam
1468 1786 2037 1866 Constantieuses,
2115 1786 2209 1851 uti
2280 1789 2419 1872 jam
2495 1790 2594 1852 in-

282 1886 565 1960 nuimuS,
614 1906 688 1948 ea
734 1883 987 1948 decreta
1036 1908 1165 1949 non
1216 1885 1626 1968 appellarunt
1673 1906 1980 1962 canones,
2041 1884 2448 1948 definitiones
2493 1887 2596 1949 vel

275 1981 536 2045 decreta
600 1980 950 2045 catholicae
1003 1982 1183 2056 fidei,
1246 1980 1356 2048 sed
1414 1981 1752 2044 dumtaxat
1807 1981 2116 2064 capitula,
2177 2004 2291 2064 per
2338 1981 2595 2046 modum

276 2077 836 2142 Constitutionum
887 2079 1310 2160 synodalium.
1369 2112 1456 2123 -
1519 2077 1666 2141 Alia
1723 2070 2107 2162 argumenta
2166 2079 2435 2143 inferius
2491 2079 2595 2143 ad-

281 2173 408 2237 huc
455 2180 811 2238 occurrent.

462 2332 563 2395 31.
640 2329 854 2395 Verba
929 2330 1198 2393 Martini
1258 2328 1376 2406 V.,
1455 2330 1687 2414 quibus
1760 2331 2074 2414 approbat
2150 2353 2224 2395 ea
2292 2355 2456 2416 quae
2527 2335 2596 2398 in

278 2428 567 2517 materiis
633 2427 779 2490 fidei
848 2427 1278 2492 conciliariter
1344 2428 1513 2491 facta
1578 2433 1762 2504 sunt,
1828 2426 1998 2491 haud
2053 2432 2271 2493 tamen
2338 2429 2431 2492 ita
2487 2452 2593 2494 ex-

258 2525 522 2588 'clusive
580 2529 736 2588 sunt
797 2525 1248 2609 intelligenda,
1309 2546 1382 2588 ac
1443 2525 1495 2587 si
1557 2524 1867 2590 Pontifex
1927 2525 2090 2590 nihil
2151 2528 2327 2592 aliud
2383 2534 2594 2592 ratum

278 2621 634 2686 habuisset.
740 2619 1003 2685 Etenim
1068 2628 1211 2686 rata
1267 2621 1494 2685 habuit
1559 2622 1758 2685 etiam
1821 2624 2024 2688 multa
2084 2623 2338 2688 decreta
2399 2627 2596 2690 refor-

281 2718 587 2783 mationis
652 2721 719 2780 et
782 2718 925 2782 alia.
1034 2718 1182 2783 Jam
1243 2719 1354 2781 die·
1405 2714 1520 2780 22⁰
1568 2717 1905 2796 Februarii
1963 2742 2137 2785 anno
2196 2722 2363 2786 1418
2421 2721 2597 2786 Mar-

276 2817 461 2880 tinus
495 2812 572 2878 V.
621 2820 846 2878 contra
890 2813 1194 2879 Hussitas
1249 2813 1536 2879 ediderat
1579 2813 1836 2880 Bullam
1881 2814 2070 2881 Inter
2116 2821 2409 2899 cunctas,
2469 2842 2596 2903 qua

277 2911 620 2986 statuitur,
685 2918 760 2973 ut
823 2910 1182 2975 haereticus
1238 2912 1338 2974 vel
1404 2916 1737 2994 suspectus
1800 2913 1877 2976 de
1940 2913 2218 2990 haeresi,
2284 2924 2437 2980 ante
2497 2939 2596 2981 re-

276 3008 796 3072 conciliationem
874 3029 1012 3070 cum
1103 3006 1390 3071 Ecclesia
1474 3010 1941 3093 interrogetur:
2047 3008 2278 3075 Utrum
2359 3012 2595 3092 credat,

277 3103 454 3185 quod
509 3102 828 3184 quodlibet
891 3101 1250 3168 Concilium
1308 3103 1634 3185 yenerale,
1698 3108 1760 3168 et
1799 3104 2018 3170 ctiam
2088 3102 2595 3190 Constantiense‚

280 3198 716 3265 universalem
792 3198 1152 3264 Ecclesiam
1219 3200 1705 3282 repraesentet?
1809 3200 2042 3267 Utrum
2111 3203 2357 3284 credat,
2430 3206 2599 3287 qaod

278 3295 448 3361 illud
503 3295 674 3376 qaod
733 3315 993 3360 sacram
1045 3294 1406 3362 Concilium
1456 3295 1949 3363 Constantiense
2007 3299 2435 3366 universalem
2499 3324 2595 3367 re·

271 3397 705 3476 praesentans
776 3391 1133 3457 Ecclesiam
1195 3393 1581 3475 approbavit
1648 3398 1709 3458 et
1780 3394 2100 3477 approbat
2164 3397 2237 3461 in
2303 3397 2594 3480 favorem

273 3488 431 3570 fidei
476 3494 537 3553 et
581 3488 855 3553 salutem
897 3489 1294 3570 ani-marum,
1343 3489 1512 3571 quod
1552 3488 1668 3554 hoc
1712 3495 1805 3554 est
1850 3490 1929 3556 ab
1976 3491 2305 3558 universis
2340 3493 2595 3560 Christi
2649 3501 2812 3542 Deolar
2813 3500 2902 3542 aito

255 3584 575 3667 fidelibus
644 3585 1186 3668 approbandum?
1286 3586 1947 3653 Animadvertendum
2018 3612 2165 3656 vero
2236 3596 2361 3673 est,
2442 3591 2592 3656 dum
2645 3562 2717 3603 Μ
2718 3563 2822 3603 ‘itin
2845 3564 2901 3604 v

284 3683 604 3748 Martinus
671 3685 931 3768 agnosci
994 3684 1131 3747 vult
1193 3683 1550 3749 Concilium
1613 3683 2113 3751 Constantiense
2175 3694 2249 3752 ut
2309 3710 2594 3753 oecume-

281 3781 532 3862 nicum,
587 3803 728 3845 eum
776 3781 1141 3865 intelligere
1191 3778 1545 3864 Synodum‚
1604 3781 1696 3846 uti
1758 3785 1914 3846 tunc
1971 3788 2114 3848 erat
2168 3786 2238 3849 in
2283 3808 2400 3850 sua
2446 3808 2594 3851 con-

268 3878 614 3962 junctione
670 3899 813 3942 cum
862 3876 1176 3942 Pontiflce
1231 3884 1298 3942 et
1350 3883 1670 3962 quatenus
1717 3900 1830 3961 per
1889 3878 2099 3961 ipsum
2158 3883 2400 3964 priores
2447 3904 2595 3966 sup-

280 3974 629 4057 plebantur
693 3974 1007 4054 defectus,
1075 3973 1243 4038 haud
1314 3997 1462 4039 vero
1523 3975 1653 4039 illis
1715 3975 1927 4039 verbis
1990 3977 2369 4061 significari,
2437 4000 2595 4043 sem-

462 4250 502 4317 1)
542 4250 649 4304 Cfr.
690 4252 761 4304 M.
802 4216 996 4318 CanuS,
1024 4214 1116 4306 ’De
1153 4252 1288 4306 locis
1326 4252 1672 4320 theologicis,
1711 4253 1773 4307 L.
1803 4254 1869 4307 V.
1910 4270 1953 4307 c.
1994 4258 2040 4306 5.
