3281 5014
191 2222 203 2234 .
297 2184 467 2247 quae
534 2164 896 2229 acciderant
950 2164 1030 2228 ad
1095 2165 1308 2247 ipsum
1358 2164 1563 2228 relata
1639 2171 1827 2241 sunt,
1904 2184 2026 2227 nec
2092 2169 2309 2229 tamen
2385 2165 2610 2229 statim

1053 443 1135 497 De
1175 440 1484 496 schismatis
1522 440 1874 497 incremento,
2511 443 2617 495 259

309 583 468 666 qnia
530 583 617 648 ad
675 604 821 649 eum
878 583 1220 667 spectabat,
1279 604 1424 648 cam
1481 585 1642 646 esset
1689 580 1890 647 Prior
1933 581 2408 666 Episcoporam
2458 583 2613 650 Car·

306 680 650 746 dinaliam.
744 681 839 745 Et
883 680 1219 746 excusavit
1271 700 1336 744 se
1381 678 1684 744 dominus
1729 677 2175 745 Florentinus.
2276 681 2459 746 Tunc
2512 680 2613 746 in-

307 777 473 860 cepit
532 777 628 841 sic
686 776 988 842 dominus
1048 771 1560 842 Lemovicensis:
1621 774 1795 855 Quia
1862 776 2062 855 videa,
2134 777 2305 859 qaod
2373 777 2614 843 Gallici

304 873 538 939 vellent
572 872 899 939 Gallicam
939 878 1002 938 et
1033 873 1258 939 Italici
1302 873 1607 938 similiter
1636 872 1968 954 Italicam,
2015 893 2126 956 eqo
2172 896 2304 940 non
2349 873 2614 939 nomino

312 969 642 1036 Gallicum
686 991 802 1036 nec
846 970 1176 1050 Italicum,
1242 970 1352 1035 sed
1393 969 1658 1036 nomino
1704 974 1765 1034 et
1808 968 1971 1053 eliyo
2031 970 2258 1049 alium,
2315 970 2431 1054 qai
2481 992 2615 1037 non

305 1071 399 1131 est
460 1066 757 1133 Gallicas
812 1087 928 1132 nec
981 1066 1280 1147 ItalicaS,
1337 1066 1577 1131 scilicet
1635 1065 1971 1131 dominum
2034 1066 2391 1132 Robertam
2456 1065 2614 1133 Car·

303 1163 587 1242 dinalem
658 1163 1166 1243 Gebennensem,
1241 1163 1356 1246 qui
1416 1167 1510 1228 est
1570 1162 1837 1229 natione
1896 1163 2320 1229 Allemaniae.
2414 1164 2614 1229 Hunc

304 1260 466 1342 eliqo
526 1260 600 1325 in
647 1279 970 1326 summam
1018 1259 1416 1341 Pontificem.
1518 1259 1703 1325 Pane
1760 1259 2124 1340 successive,
2183 1260 2440 1326 nemine
2485 1259 2611 1326 dis-

303 1362 622 1439 crepante,
671 1377 888 1422 omnes
923 1355 1307 1421 Cardinales
1352 1356 1680 1440 eleyerant
1725 1377 1892 1441 eum,
1943 1357 2222 1440 exceptis
2253 1356 2615 1440 praedictis

303 1453 517 1519 tribas
565 1452 1030 1519 Cardinalibns
1075 1451 1404 1534 Italicis.1)

1403 1747 1498 1815 ΙΙ.

833 1895 962 1958 De
1006 1894 1490 1959 schismatis
1533 1894 2077 1958 incremento.

475 2065 582 2132 24.
628 2067 870 2153 Magno
919 2067 1176 2151 quidem
1222 2067 1439 2132 dolore
1472 2074 1802 2150 correptus
1844 2055 1944 2130 est
1978 2064 2303 2149 Urbanus,
2351 2067 2610 2152 quando
2654 2072 2920 2177 3330?th

297 2266 523 2324 contra
566 2261 940 2345 antipapam
982 2265 1049 2325 et
1080 2260 1452 2348 Cardinales
1483 2260 1756 2324 rebelles
1801 2260 2010 2345 rigore
2058 2282 2211 2324 usus
2259 2265 2376 2342 est,
2421 2266 2614 2345 atque

295 2356 485 2421 initio
542 2379 579 2421 a
634 2357 922 2421 censuris
978 2357 1259 2421 ferendis
1309 2356 1642 2421 abstinuit.
1735 2354 2054 2441 Sperabat
2104 2357 2402 2423 videlicet
2457 2359 2613 2436 fore,

295 2458 368 2518 ut
414 2453 568 2519 unio
614 2454 1096 2539 restitueretur3
1145 2452 1252 2519 sed
1300 2475 1441 2538 spes
1490 2475 1632 2518 eum
1666 2453 1920 2519 fefellit.
1997 2453 2094 2518 Ex
2128 2459 2401 2538 utraque
2434 2462 2615 2539 parte

297 2551 530 2615 missae
578 2557 731 2616 sunt
777 2546 1030 2616 litterae
1063 2552 1421 2636 encyclicae
1454 2550 1532 2614 ad
1566 2550 1883 2634 principes
1922 2556 1987 2615 et
2027 2552 2377 2635 episcopos,
2420 2558 2614 2636 atque

296 2647 538 2712 factum
600 2653 723 2725 est,
786 2652 860 2712 ut
913 2648 1183 2713 societas
1241 2647 1590 2712 christiana
1650 2647 1720 2711 in
1777 2647 1934 2711 duas
1988 2646 2391 2713 scinderetur
2445 2647 2614 2714 Obe-

295 2744 594 2819 dientias,
651 2766 924 2829 quarum
979 2746 1207 2822 altera,
1262 2766 1462 2828 eaque
1516 2745 1725 2808 multo
1780 2745 2068 2827 amplior,
2134 2746 2429 2812 adhaesit
2495 2744 2613 2811 Ur-

298 2838 464 2905 bano
493 2838 625 2920 VI„
658 2839 903 2906 Romae
938 2841 1207 2918 sedenti,
1241 2841 1446 2905 altera
1475 2862 1625 2905 vero
1658 2839 1947 2905 Roberto
1979 2864 2093 2907 seu
2130 2841 2440 2921 Clementi
2463 2826 2612 2929 VII.
2708 2825 2768 2890 >Q

295 2932 677 3021 antipapae,
743 2939 852 3023 qui
913 2937 1318 3002 Avenionem
1373 2958 1663 3001 reversus
1717 2941 1815 3001 est
1867 2938 2086 3022 ibique
2140 2940 2378 3004 curiam
2431 2964 2612 3006 suam

293 3035 546 3100 habuit.
639 3032 1087 3098 Obedientiam
1146 3033 1503 3123 Clementis
1559 3035 1838 3118 amplexi
1895 3042 2052 3100 sunt
2104 3058 2286 3121 reges
2345 3037 2612 3120 Galliae,

296 3132 696 3216 Arragoniae
765 3136 831 3196 et
898 3129 1248 3207 castellae,
1327 3131 1583 3195 Scotiae
1651 3137 1716 3196 et
1780 3131 2002 3216 Cypri,
2068 3132 2327 3198 Joanna
2388 3135 2612 3220 regina

295 3227 605 3312 Neapolis
666 3234 732 3293 et
781 3228 1007 3293 Comes
1058 3226 1442 3309 Sabaudiae3
1500 3227 1766 3311 Urbano
1800 3228 1918 3295 VI.
1976 3252 2126 3295 vero
2184 3231 2401 3294 fideles
2466 3253 2610 3315 per-

294 3330 681 3391 manserunt
747 3326 1018 3410 Anglia,
1090 3323 1435 3389 Britannia
1509 3325 1746 3401 minor,
1830 3326 2203 3408 Germania,
2282 3325 2609 3406 Flandria,

290 3420 489 3489 Italia
533 3421 587 3484 si
634 3443 904 3505 regnum
951 3420 1455 3505 Neapolitanum
1503 3422 1801 3505 excipiaS,
1848 3422 2204 3501 Lusitania,
2248 3423 2609 3508 Hungaria,

297 3518 590 3593 Polonia,
638 3518 884 3594 Suecia,
930 3517 1145 3583 Dania
1191 3524 1257 3583 et
1303 3523 1481 3583 totus
1531 3516 1763 3584 Oriens
1807 3519 2178 3587 catholicus.

472 3615 576 3678 25.
623 3614 1283 3680 Animadvertendum
1329 3636 1481 3679 vero
1525 3621 1649 3692 est,
1704 3615 1851 3680 dum
1901 3615 2221 3683 Clementi
2276 3641 2392 3702 pro
2452 3619 2604 3683 vali-

292 3711 499 3776 ditate
555 3734 708 3776 suae
765 3713 1096 3776 electionis
1163 3718 1228 3777 et
1282 3734 1397 3795 pro
1456 3713 1855 3794 possessione
1917 3714 2208 3798 legitima
2270 3715 2607 3800 dignitatis

292 3829 429 3872 non
474 3808 769 3873 adessent
827 3809 953 3873 nisi
994 3810 1278 3874 rationes
1339 3810 1659 3888 infirmae,
1718 3832 1794 3873 ex
1854 3812 2087 3895 quibus
2142 3812 2277 3896 ipse
2336 3818 2402 3877 et
2457 3812 2607 3877 Car-

291 3904 538 3969 dinales
587 3907 726 3990 ejus
787 3907 1254 3989 persuasionem
1315 3906 1439 3970 sibi
1500 3907 1780 3971 formare
1832 3905 2232 3988 nitebantur,
2291 3932 2367 3974 ex
2423 3918 2607 3994 parte

292 3999 548 4065 Urbani
593 4002 789 4066 fuisse
832 4002 1218 4067 solidissima
1272 4011 1672 4088 argumenta,
1730 4026 1803 4068 ac
1858 4006 2288 4071 firmissimam
2343 4030 2610 4091 persua-

473 4171 517 4238 ¹)
554 4174 758 4241 Balut„
796 4176 861 4230 V.
900 4176 980 4243 P.,
1019 4177 1061 4230 Ι.
1101 4194 1151 4244 p.
1191 4179 1346 4231 1237.
