<?xml version="1.0" encoding="UTF-8"?>
<!DOCTYPE html PUBLIC "-//W3C//DTD XHTML 1.0 Transitional//EN"
    "http://www.w3.org/TR/xhtml1/DTD/xhtml1-transitional.dtd">
<html xmlns="http://www.w3.org/1999/xhtml" xml:lang="en" lang="en">
 <head>
  <title>
</title>
<meta http-equiv="Content-Type" content="text/html;charset=utf-8" />
  <meta name='ocr-system' content='tesseract 3.04.00' />
  <meta name='ocr-capabilities' content='ocr_page ocr_carea ocr_par ocr_line ocrx_word'/>
</head>
<body>
  <div class='ocr_page' id='page_1' title='image "./dissertationess05junggoog_0314.png"; bbox 0 0 3281 5014; ppageno 0'>
   <div class='ocr_carea' id='block_1_1' title="bbox 660 495 2374 573">
    <p class='ocr_par' dir='ltr' id='par_1_1' title="bbox 660 495 2374 573">
     <span class='ocr_line' id='line_1_1' title="bbox 660 495 2374 573; baseline -0.001 -23"><span class='ocrx_word' id='word_1_1' title='bbox 660 499 763 550; x_wconf 87' lang='grc'>308</span> <span class='ocrx_word' id='word_1_2' title='bbox 1047 567 1053 573; x_wconf 32' lang='grc'><em>.</em></span> <span class='ocrx_word' id='word_1_3' title='bbox 1251 495 1505 550; x_wconf 89' lang='lat' dir='ltr'>XXXIV.</span> <span class='ocrx_word' id='word_1_4' title='bbox 1544 497 1626 550; x_wconf 90' lang='lat' dir='ltr'>De</span> <span class='ocrx_word' id='word_1_5' title='bbox 1666 495 1908 550; x_wconf 83' lang='lat' dir='ltr'>Concilio</span> <span class='ocrx_word' id='word_1_6' title='bbox 1945 495 2374 550; x_wconf 85' lang='lat' dir='ltr'>Constantiensi.</span> 
     </span>
    </p>
   </div>
   <div class='ocr_carea' id='block_1_2' title="bbox 658 635 2971 1101">
    <p class='ocr_par' dir='ltr' id='par_1_2' title="bbox 658 635 2971 1101">
     <span class='ocr_line' id='line_1_2' title="bbox 660 635 2967 720; baseline -0.001 -19"><span class='ocrx_word' id='word_1_7' title='bbox 660 635 878 720; x_wconf 46' lang='lat' dir='ltr'>libus-‚e</span> <span class='ocrx_word' id='word_1_8' title='bbox 929 637 1254 701; x_wconf 87' lang='lat' dir='ltr'>decretum</span> <span class='ocrx_word' id='word_1_9' title='bbox 1330 639 1694 703; x_wconf 86' lang='lat' dir='ltr'>confectum</span> <span class='ocrx_word' id='word_1_10' title='bbox 1768 642 1834 702; x_wconf 90' lang='lat' dir='ltr'>et</span> <span class='ocrx_word' id='word_1_11' title='bbox 1903 643 2232 720; x_wconf 88' lang='lat' dir='ltr'>acceptum</span> <span class='ocrx_word' id='word_1_12' title='bbox 2302 644 2490 703; x_wconf 91' lang='lat' dir='ltr'>esset.</span> <span class='ocrx_word' id='word_1_13' title='bbox 2605 637 2747 704; x_wconf 91' lang='lat' dir='ltr'>Hoc</span> <span class='ocrx_word' id='word_1_14' title='bbox 2812 637 2967 701; x_wconf 89' lang='lat' dir='ltr'>satis</span> 
     </span>
     <span class='ocr_line' id='line_1_3' title="bbox 658 734 2969 818; baseline -0.001 -19"><span class='ocrx_word' id='word_1_15' title='bbox 658 735 982 818; x_wconf 77' lang='lat' dir='ltr'>colligitur</span> <span class='ocrx_word' id='word_1_16' title='bbox 1040 756 1118 798; x_wconf 85' lang='lat' dir='ltr'>ex</span> <span class='ocrx_word' id='word_1_17' title='bbox 1178 735 1255 798; x_wconf 91' lang='lat' dir='ltr'>iis</span> <span class='ocrx_word' id='word_1_18' title='bbox 1311 757 1475 818; x_wconf 90' lang='lat' dir='ltr'>quae</span> <span class='ocrx_word' id='word_1_19' title='bbox 1534 735 1756 799; x_wconf 88' lang='lat' dir='ltr'>scribit</span> <span class='ocrx_word' id='word_1_20' title='bbox 1802 734 2033 800; x_wconf 89' lang='lat' dir='ltr'>Petrus</span> <span class='ocrx_word' id='word_1_21' title='bbox 2090 734 2167 798; x_wconf 89' lang='lat' dir='ltr'>de</span> <span class='ocrx_word' id='word_1_22' title='bbox 2226 734 2495 800; x_wconf 87' lang='lat' dir='ltr'>Alliaco.</span> <span class='ocrx_word' id='word_1_23' title='bbox 2599 734 2969 818; x_wconf 89' lang='lat' dir='ltr'>Proponens</span> 
     </span>
     <span class='ocr_line' id='line_1_4' title="bbox 659 829 2971 916; baseline 0 -21"><span class='ocrx_word' id='word_1_24' title='bbox 659 831 842 915; x_wconf 88' lang='lat' dir='ltr'>plura</span> <span class='ocrx_word' id='word_1_25' title='bbox 911 831 1105 896; x_wconf 90' lang='lat' dir='ltr'>dubia</span> <span class='ocrx_word' id='word_1_26' title='bbox 1173 831 1383 915; x_wconf 88' lang='lat' dir='ltr'>quoad</span> <span class='ocrx_word' id='word_1_27' title='bbox 1459 832 1716 896; x_wconf 90' lang='lat' dir='ltr'>modum</span> <span class='ocrx_word' id='word_1_28' title='bbox 1794 832 2027 916; x_wconf 89' lang='lat' dir='ltr'>agendi</span> <span class='ocrx_word' id='word_1_29' title='bbox 2101 829 2369 896; x_wconf 86' lang='lat' dir='ltr'>Concilii</span> <span class='ocrx_word' id='word_1_30' title='bbox 2440 831 2971 911; x_wconf 74' lang='lat' dir='ltr'>Constantiensi8‚</span> 
     </span>
     <span class='ocr_line' id='line_1_5' title="bbox 658 925 2970 1008; baseline 0 -18"><span class='ocrx_word' id='word_1_31' title='bbox 658 928 752 991; x_wconf 90' lang='lat' dir='ltr'>ita</span> <span class='ocrx_word' id='word_1_32' title='bbox 806 928 1029 992; x_wconf 87' lang='lat' dir='ltr'>habet:</span> <span class='ocrx_word' id='word_1_33' title='bbox 1096 926 1400 992; x_wconf 81' lang='lat' dir='ltr'>Primum</span> <span class='ocrx_word' id='word_1_34' title='bbox 1446 925 1741 993; x_wconf 80' lang='lat' dir='ltr'>dubium.</span> <span class='ocrx_word' id='word_1_35' title='bbox 1850 928 1959 992; x_wconf 90' lang='lat' dir='ltr'>An</span> <span class='ocrx_word' id='word_1_36' title='bbox 2025 932 2309 1008; x_wconf 82' lang='lat' dir='ltr'>quatuor</span> <span class='ocrx_word' id='word_1_37' title='bbox 2369 928 2667 992; x_wconf 85' lang='lat' dir='ltr'>nationes</span> <span class='ocrx_word' id='word_1_38' title='bbox 2725 926 2799 992; x_wconf 91' lang='lat' dir='ltr'>in</span> <span class='ocrx_word' id='word_1_39' title='bbox 2856 925 2970 991; x_wconf 85' lang='lat' dir='ltr'>hoc</span> 
     </span>
     <span class='ocr_line' id='line_1_6' title="bbox 660 1021 2968 1101; baseline 0 -15"><span class='ocrx_word' id='word_1_40' title='bbox 660 1042 844 1087; x_wconf 89' lang='lat' dir='ltr'>sacro</span> <span class='ocrx_word' id='word_1_41' title='bbox 911 1022 1195 1089; x_wconf 75' lang='lat' dir='ltr'>Concilio</span> <span class='ocrx_word' id='word_1_42' title='bbox 1249 1023 1342 1088; x_wconf 83' lang='lat' dir='ltr'>sic</span> <span class='ocrx_word' id='word_1_43' title='bbox 1399 1022 1736 1101; x_wconf 86' lang='lat' dir='ltr'>distincta,</span> <span class='ocrx_word' id='word_1_44' title='bbox 1799 1071 1813 1087; x_wconf 91' lang='lat'>.</span> <span class='ocrx_word' id='word_1_45' title='bbox 1870 1074 1883 1087; x_wconf 90' lang='lat'>.</span> <span class='ocrx_word' id='word_1_46' title='bbox 1932 1073 1946 1087; x_wconf 92' lang='lat'>.</span> <span class='ocrx_word' id='word_1_47' title='bbox 1998 1023 2254 1089; x_wconf 78' lang='lat' dir='ltr'>excluso</span> <span class='ocrx_word' id='word_1_48' title='bbox 2316 1023 2771 1089; x_wconf 80' lang='lat' dir='ltr'>Cardinalium</span> <span class='ocrx_word' id='word_1_49' title='bbox 2834 1021 2968 1087; x_wconf 82' lang='lat' dir='ltr'>Col-</span> 
     </span>
    </p>
   </div>
   <div class='ocr_carea' id='block_1_3' title="bbox 550 1118 2969 1203">
    <p class='ocr_par' dir='ltr' id='par_1_3' title="bbox 550 1118 2969 1203">
     <span class='ocr_line' id='line_1_7' title="bbox 550 1118 2969 1203; baseline 0 -20"><span class='ocrx_word' id='word_1_50' title='bbox 550 1134 558 1141; x_wconf 77' lang='grc'><em>’</em></span> <span class='ocrx_word' id='word_1_51' title='bbox 660 1118 853 1203; x_wconf 75' lang='lat' dir='ltr'>leyio,</span> <span class='ocrx_word' id='word_1_52' title='bbox 913 1119 1169 1202; x_wconf 81' lang='lat' dir='ltr'>faciant</span> <span class='ocrx_word' id='word_1_53' title='bbox 1227 1118 1525 1203; x_wconf 72' lang='lat' dir='ltr'>qenerale</span> <span class='ocrx_word' id='word_1_54' title='bbox 1590 1119 1979 1197; x_wconf 75' lang='lat' dir='ltr'>Concilium,</span> <span class='ocrx_word' id='word_1_55' title='bbox 2032 1140 2174 1185; x_wconf 80' lang='lat' dir='ltr'>cam</span> <span class='ocrx_word' id='word_1_56' title='bbox 2237 1120 2374 1186; x_wconf 83' lang='lat' dir='ltr'>sint</span> <span class='ocrx_word' id='word_1_57' title='bbox 2427 1119 2632 1203; x_wconf 80' lang='lat' dir='ltr'>plura</span> <span class='ocrx_word' id='word_1_58' title='bbox 2682 1118 2969 1185; x_wconf 82' lang='lat' dir='ltr'>Concilia</span> 
     </span>
    </p>
   </div>
   <div class='ocr_carea' id='block_1_4' title="bbox 347 3300 610 3404">
    <p class='ocr_par' dir='ltr' id='par_1_4' title="bbox 347 3300 610 3404">
     <span class='ocr_line' id='line_1_8' title="bbox 369 3300 595 3342; baseline 0 -1"><span class='ocrx_word' id='word_1_59' title='bbox 369 3300 496 3342; x_wconf 86' lang='lat' dir='ltr'>Haud</span> <span class='ocrx_word' id='word_1_60' title='bbox 524 3300 595 3341; x_wconf 88' lang='lat' dir='ltr'>de-</span> 
     </span>
     <span class='ocr_line' id='line_1_9' title="bbox 347 3361 610 3404; baseline 0.004 -1"><span class='ocrx_word' id='word_1_61' title='bbox 347 3363 467 3404; x_wconf 81' lang='lat' dir='ltr'>creta</span> <span class='ocrx_word' id='word_1_62' title='bbox 496 3361 610 3404; x_wconf 87' lang='lat' dir='ltr'>fidei.</span> 
     </span>
    </p>
   </div>
   <div class='ocr_carea' id='block_1_5' title="bbox 652 1215 2995 2170">
    <p class='ocr_par' dir='ltr' id='par_1_5' title="bbox 652 1215 2995 2170">
     <span class='ocr_line' id='line_1_10' title="bbox 652 1215 2995 1300; baseline 0 -19"><span class='ocrx_word' id='word_1_63' title='bbox 652 1215 1126 1297; x_wconf 77' lang='lat' dir='ltr'>particularia,</span> <span class='ocrx_word' id='word_1_64' title='bbox 1187 1216 1372 1281; x_wconf 84' lang='lat' dir='ltr'>valde</span> <span class='ocrx_word' id='word_1_65' title='bbox 1421 1215 1861 1297; x_wconf 75' lang='lat' dir='ltr'>inaequaliter</span> <span class='ocrx_word' id='word_1_66' title='bbox 1916 1220 1976 1280; x_wconf 89' lang='lat' dir='ltr'>et</span> <span class='ocrx_word' id='word_1_67' title='bbox 2032 1216 2702 1300; x_wconf 78' lang='lat' dir='ltr'>improportionaliter</span> <span class='ocrx_word' id='word_1_68' title='bbox 2758 1216 2995 1281; x_wconf 85' lang='lat' dir='ltr'>divisa·</span> 
     </span>
     <span class='ocr_line' id='line_1_11' title="bbox 660 1311 2968 1395; baseline 0 -19"><span class='ocrx_word' id='word_1_69' title='bbox 660 1317 718 1376; x_wconf 92' lang='lat' dir='ltr'>et</span> <span class='ocrx_word' id='word_1_70' title='bbox 775 1312 861 1378; x_wconf 84' lang='lat' dir='ltr'>ad</span> <span class='ocrx_word' id='word_1_71' title='bbox 908 1317 1170 1395; x_wconf 76' lang='lat' dir='ltr'>partem</span> <span class='ocrx_word' id='word_1_72' title='bbox 1228 1312 1691 1378; x_wconf 83' lang='lat' dir='ltr'>deliberantia:</span> <span class='ocrx_word' id='word_1_73' title='bbox 1750 1333 1914 1395; x_wconf 79' lang='lat' dir='ltr'>quae</span> <span class='ocrx_word' id='word_1_74' title='bbox 1969 1311 2374 1394; x_wconf 83' lang='lat' dir='ltr'>deliberatio,</span> <span class='ocrx_word' id='word_1_75' title='bbox 2436 1313 2699 1379; x_wconf 81' lang='lat' dir='ltr'>exclusa</span> <span class='ocrx_word' id='word_1_76' title='bbox 2741 1312 2968 1377; x_wconf 82' lang='lat' dir='ltr'>delibe-</span> 
     </span>
     <span class='ocr_line' id='line_1_12' title="bbox 657 1407 2967 1493; baseline 0 -21"><span class='ocrx_word' id='word_1_77' title='bbox 657 1408 913 1474; x_wconf 80' lang='lat' dir='ltr'>ratione</span> <span class='ocrx_word' id='word_1_78' title='bbox 966 1408 1125 1473; x_wconf 81' lang='lat' dir='ltr'>dicti</span> <span class='ocrx_word' id='word_1_79' title='bbox 1173 1407 1440 1493; x_wconf 74' lang='lat' dir='ltr'>Colleqii</span> <span class='ocrx_word' id='word_1_80' title='bbox 1487 1413 1548 1474; x_wconf 89' lang='lat' dir='ltr'>et</span> <span class='ocrx_word' id='word_1_81' title='bbox 1594 1430 1729 1475; x_wconf 91' lang='lat' dir='ltr'>non</span> <span class='ocrx_word' id='word_1_82' title='bbox 1780 1409 1962 1492; x_wconf 80' lang='lat' dir='ltr'>facta</span> <span class='ocrx_word' id='word_1_83' title='bbox 2020 1410 2092 1475; x_wconf 89' lang='lat' dir='ltr'>in</span> <span class='ocrx_word' id='word_1_84' title='bbox 2147 1409 2472 1476; x_wconf 83' lang='lat' dir='ltr'>communi</span> <span class='ocrx_word' id='word_1_85' title='bbox 2527 1408 2804 1474; x_wconf 76' lang='lat' dir='ltr'>sessione</span> <span class='ocrx_word' id='word_1_86' title='bbox 2848 1409 2967 1474; x_wconf 91' lang='lat' dir='ltr'>col·</span> 
     </span>
     <span class='ocr_line' id='line_1_13' title="bbox 658 1504 2969 1585; baseline 0.001 -17"><span class='ocrx_word' id='word_1_87' title='bbox 658 1504 898 1571; x_wconf 88' lang='lat' dir='ltr'>latione</span> <span class='ocrx_word' id='word_1_88' title='bbox 966 1510 1262 1571; x_wconf 80' lang='lat' dir='ltr'>votorum</span> <span class='ocrx_word' id='word_1_89' title='bbox 1278 1554 1294 1585; x_wconf 88' lang='lat'><strong><em>,</em></strong></span> <span class='ocrx_word' id='word_1_90' title='bbox 1365 1505 1625 1570; x_wconf 80' lang='lat' dir='ltr'>videtur</span> <span class='ocrx_word' id='word_1_91' title='bbox 1685 1505 1912 1571; x_wconf 79' lang='lat' dir='ltr'>multis</span> <span class='ocrx_word' id='word_1_92' title='bbox 1976 1527 2107 1572; x_wconf 88' lang='lat' dir='ltr'>non</span> <span class='ocrx_word' id='word_1_93' title='bbox 2172 1527 2302 1571; x_wconf 85' lang='lat' dir='ltr'>esse</span> <span class='ocrx_word' id='word_1_94' title='bbox 2365 1507 2679 1572; x_wconf 86' lang='lat' dir='ltr'>censenda</span> <span class='ocrx_word' id='word_1_95' title='bbox 2742 1504 2969 1571; x_wconf 83' lang='lat' dir='ltr'>delibe-</span> 
     </span>
     <span class='ocr_line' id='line_1_14' title="bbox 656 1601 2970 1686; baseline 0 -18"><span class='ocrx_word' id='word_1_96' title='bbox 656 1603 829 1668; x_wconf 88' lang='lat' dir='ltr'>ratio</span> <span class='ocrx_word' id='word_1_97' title='bbox 902 1601 1174 1668; x_wconf 81' lang='lat' dir='ltr'>Concilii</span> <span class='ocrx_word' id='word_1_98' title='bbox 1237 1601 1563 1685; x_wconf 74' lang='lat' dir='ltr'>qeneralis</span> <span class='ocrx_word' id='word_1_99' title='bbox 1638 1602 2082 1670; x_wconf 78' lang='lat' dir='ltr'>conciliariter</span> <span class='ocrx_word' id='word_1_100' title='bbox 2146 1603 2345 1686; x_wconf 81' lang='lat' dir='ltr'>facta.</span> <span class='ocrx_word' id='word_1_101' title='bbox 2367 1602 2415 1683; x_wconf 88' lang='lat'>1)</span> <span class='ocrx_word' id='word_1_102' title='bbox 2541 1604 2730 1669; x_wconf 85' lang='lat' dir='ltr'>Patet</span> <span class='ocrx_word' id='word_1_103' title='bbox 2801 1604 2970 1668; x_wconf 82' lang='lat' dir='ltr'>hanc</span> 
     </span>
     <span class='ocr_line' id='line_1_15' title="bbox 655 1698 2969 1784; baseline 0.001 -21"><span class='ocrx_word' id='word_1_104' title='bbox 655 1701 1076 1776; x_wconf 80' lang='lat' dir='ltr'>sententiam,</span> <span class='ocrx_word' id='word_1_105' title='bbox 1134 1723 1327 1784; x_wconf 85' lang='lat' dir='ltr'>quam</span> <span class='ocrx_word' id='word_1_106' title='bbox 1382 1700 1502 1764; x_wconf 91' lang='lat' dir='ltr'>hoc</span> <span class='ocrx_word' id='word_1_107' title='bbox 1556 1698 1744 1764; x_wconf 89' lang='lat' dir='ltr'>modo</span> <span class='ocrx_word' id='word_1_108' title='bbox 1792 1702 2034 1765; x_wconf 88' lang='lat' dir='ltr'>emittit</span> <span class='ocrx_word' id='word_1_109' title='bbox 2078 1699 2313 1766; x_wconf 85' lang='lat' dir='ltr'>Petrus</span> <span class='ocrx_word' id='word_1_110' title='bbox 2366 1702 2443 1766; x_wconf 91' lang='lat' dir='ltr'>de</span> <span class='ocrx_word' id='word_1_111' title='bbox 2493 1702 2767 1778; x_wconf 69' lang='lat' dir='ltr'>Alliam,</span> <span class='ocrx_word' id='word_1_112' title='bbox 2824 1722 2969 1765; x_wconf 90' lang='lat' dir='ltr'>sen·</span> 
     </span>
     <span class='ocr_line' id='line_1_16' title="bbox 655 1796 2968 1881; baseline 0 -20"><span class='ocrx_word' id='word_1_113' title='bbox 655 1798 930 1861; x_wconf 89' lang='lat' dir='ltr'>tentiam</span> <span class='ocrx_word' id='word_1_114' title='bbox 994 1798 1190 1861; x_wconf 88' lang='lat' dir='ltr'>fuisse</span> <span class='ocrx_word' id='word_1_115' title='bbox 1251 1796 1715 1874; x_wconf 87' lang='lat' dir='ltr'>Cardinalium‚</span> <span class='ocrx_word' id='word_1_116' title='bbox 1790 1819 2061 1880; x_wconf 87' lang='lat' dir='ltr'>quorum</span> <span class='ocrx_word' id='word_1_117' title='bbox 2114 1799 2369 1881; x_wconf 88' lang='lat' dir='ltr'>juribus</span> <span class='ocrx_word' id='word_1_118' title='bbox 2431 1797 2968 1863; x_wconf 87' lang='lat' dir='ltr'>Constantienses</span> 
     </span>
     <span class='ocr_line' id='line_1_17' title="bbox 656 1892 2968 1977; baseline 0 -20"><span class='ocrx_word' id='word_1_119' title='bbox 656 1916 787 1957; x_wconf 91' lang='lat' dir='ltr'>non</span> <span class='ocrx_word' id='word_1_120' title='bbox 845 1895 1002 1957; x_wconf 88' lang='lat' dir='ltr'>satis</span> <span class='ocrx_word' id='word_1_121' title='bbox 1057 1893 1464 1970; x_wconf 82' lang='lat' dir='ltr'>deferebant,</span> <span class='ocrx_word' id='word_1_122' title='bbox 1522 1892 1807 1977; x_wconf 87' lang='lat' dir='ltr'>adeoque</span> <span class='ocrx_word' id='word_1_123' title='bbox 1865 1894 2056 1958; x_wconf 89' lang='lat' dir='ltr'>etiam</span> <span class='ocrx_word' id='word_1_124' title='bbox 2114 1893 2383 1959; x_wconf 87' lang='lat' dir='ltr'>Martini</span> <span class='ocrx_word' id='word_1_125' title='bbox 2414 1893 2527 1971; x_wconf 87' lang='lat' dir='ltr'>V.‚</span> <span class='ocrx_word' id='word_1_126' title='bbox 2584 1899 2778 1959; x_wconf 88' lang='lat' dir='ltr'>antea</span> <span class='ocrx_word' id='word_1_127' title='bbox 2825 1893 2968 1959; x_wconf 85' lang='lat' dir='ltr'>Oar-</span> 
     </span>
     <span class='ocr_line' id='line_1_18' title="bbox 656 1987 2970 2074; baseline 0.001 -22"><span class='ocrx_word' id='word_1_128' title='bbox 656 1989 887 2053; x_wconf 86' lang='lat' dir='ltr'>dinalis</span> <span class='ocrx_word' id='word_1_129' title='bbox 938 1988 1196 2053; x_wconf 89' lang='lat' dir='ltr'>Ottonis</span> <span class='ocrx_word' id='word_1_130' title='bbox 1246 1987 1613 2067; x_wconf 82' lang='lat' dir='ltr'>Columnae,</span> <span class='ocrx_word' id='word_1_131' title='bbox 1663 1990 1773 2074; x_wconf 89' lang='lat' dir='ltr'>qui</span> <span class='ocrx_word' id='word_1_132' title='bbox 1819 1991 2348 2055; x_wconf 71' lang='lat' dir='ltr'>innovationibus</span> <span class='ocrx_word' id='word_1_133' title='bbox 2394 1993 2606 2056; x_wconf 89' lang='lat' dir='ltr'>minus</span> <span class='ocrx_word' id='word_1_134' title='bbox 2654 1996 2825 2057; x_wconf 87' lang='lat' dir='ltr'>certe</span> <span class='ocrx_word' id='word_1_135' title='bbox 2873 1992 2970 2054; x_wconf 86' lang='lat' dir='ltr'>fa-</span> 
     </span>
     <span class='ocr_line' id='line_1_19' title="bbox 659 2086 1439 2170; baseline 0.001 -21"><span class='ocrx_word' id='word_1_136' title='bbox 659 2087 848 2149; x_wconf 83' lang='lat' dir='ltr'>vebat</span> <span class='ocrx_word' id='word_1_137' title='bbox 896 2108 1086 2170; x_wconf 87' lang='lat' dir='ltr'>quam</span> <span class='ocrx_word' id='word_1_138' title='bbox 1134 2086 1439 2151; x_wconf 80' lang='lat' dir='ltr'>AlliacuS.</span> 
     </span>
    </p>
   </div>
   <div class='ocr_carea' id='block_1_6' title="bbox 651 2224 2976 3952">
    <p class='ocr_par' dir='ltr' id='par_1_6' title="bbox 651 2224 2976 3952">
     <span class='ocr_line' id='line_1_20' title="bbox 833 2224 2972 2310; baseline 0 -22"><span class='ocrx_word' id='word_1_139' title='bbox 833 2228 936 2291; x_wconf 84' lang='lat'>29.</span> <span class='ocrx_word' id='word_1_140' title='bbox 1002 2226 1178 2290; x_wconf 88' lang='lat' dir='ltr'>Haec</span> <span class='ocrx_word' id='word_1_141' title='bbox 1241 2227 1295 2289; x_wconf 90' lang='lat' dir='ltr'>si</span> <span class='ocrx_word' id='word_1_142' title='bbox 1354 2249 1505 2309; x_wconf 87' lang='lat' dir='ltr'>prae</span> <span class='ocrx_word' id='word_1_143' title='bbox 1567 2227 1764 2291; x_wconf 89' lang='lat' dir='ltr'>oculis</span> <span class='ocrx_word' id='word_1_144' title='bbox 1824 2226 2178 2310; x_wconf 79' lang='lat' dir='ltr'>habentur,</span> <span class='ocrx_word' id='word_1_145' title='bbox 2227 2224 2659 2309; x_wconf 76' lang='lat' dir='ltr'>peremptorie</span> <span class='ocrx_word' id='word_1_146' title='bbox 2719 2227 2972 2291; x_wconf 88' lang='lat' dir='ltr'>demon-</span> 
     </span>
     <span class='ocr_line' id='line_1_21' title="bbox 654 2322 2970 2407; baseline -0 -19"><span class='ocrx_word' id='word_1_147' title='bbox 654 2328 926 2399; x_wconf 83' lang='lat' dir='ltr'>stratur,</span> <span class='ocrx_word' id='word_1_148' title='bbox 1010 2322 1363 2388; x_wconf 88' lang='lat' dir='ltr'>Martinum</span> <span class='ocrx_word' id='word_1_149' title='bbox 1411 2322 1489 2389; x_wconf 90' lang='lat' dir='ltr'>V.</span> <span class='ocrx_word' id='word_1_150' title='bbox 1565 2324 1815 2399; x_wconf 89' lang='lat' dir='ltr'>famosa</span> <span class='ocrx_word' id='word_1_151' title='bbox 1889 2324 2002 2387; x_wconf 90' lang='lat' dir='ltr'>illa</span> <span class='ocrx_word' id='word_1_152' title='bbox 2079 2323 2331 2387; x_wconf 87' lang='lat' dir='ltr'>decreta</span> <span class='ocrx_word' id='word_1_153' title='bbox 2398 2324 2678 2387; x_wconf 83' lang='lat' dir='ltr'>sessione</span> <span class='ocrx_word' id='word_1_154' title='bbox 2737 2325 2970 2407; x_wconf 88' lang='lat' dir='ltr'>quinta</span> 
     </span>
     <span class='ocr_line' id='line_1_22' title="bbox 653 2418 2971 2512; baseline 0 -28"><span class='ocrx_word' id='word_1_155' title='bbox 653 2421 900 2484; x_wconf 88' lang='lat' dir='ltr'>sancita</span> <span class='ocrx_word' id='word_1_156' title='bbox 948 2420 1317 2483; x_wconf 85' lang='lat' dir='ltr'>nullatenus</span> <span class='ocrx_word' id='word_1_157' title='bbox 1364 2420 1766 2503; x_wconf 81' lang='lat' dir='ltr'>approbasse.</span> <span class='ocrx_word' id='word_1_158' title='bbox 1877 2419 2133 2483; x_wconf 78' lang='lat' dir='ltr'>Etenim</span> <span class='ocrx_word' id='word_1_159' title='bbox 2180 2420 2494 2503; x_wconf 85' lang='lat' dir='ltr'>imprimis</span> <span class='ocrx_word' id='word_1_160' title='bbox 2552 2418 2771 2484; x_wconf 88' lang='lat' dir='ltr'>eadem</span> <span class='ocrx_word' id='word_1_161' title='bbox 2830 2422 2971 2512; x_wconf 55' lang='lat' dir='ltr'>ngl-</span> 
     </span>
     <span class='ocr_line' id='line_1_23' title="bbox 655 2515 2974 2609; baseline 0 -29"><span class='ocrx_word' id='word_1_162' title='bbox 655 2519 904 2593; x_wconf 87' lang='lat' dir='ltr'>latenus</span> <span class='ocrx_word' id='word_1_163' title='bbox 967 2515 1406 2609; x_wconf 74' lang='lat' dir='ltr'>conciliariter</span> <span class='ocrx_word' id='word_1_164' title='bbox 1467 2517 1638 2582; x_wconf 84' lang='lat' dir='ltr'>facta</span> <span class='ocrx_word' id='word_1_165' title='bbox 1690 2523 1875 2594; x_wconf 82' lang='lat' dir='ltr'>sunt,</span> <span class='ocrx_word' id='word_1_166' title='bbox 1938 2517 2046 2581; x_wconf 89' lang='lat' dir='ltr'>sed</span> <span class='ocrx_word' id='word_1_167' title='bbox 2107 2518 2530 2582; x_wconf 87' lang='lat' dir='ltr'>nationaliter</span> <span class='ocrx_word' id='word_1_168' title='bbox 2582 2521 2841 2581; x_wconf 85' lang='lat' dir='ltr'>tantum</span> <span class='ocrx_word' id='word_1_169' title='bbox 2902 2539 2974 2581; x_wconf 86' lang='lat' dir='ltr'>ac</span> 
     </span>
     <span class='ocr_line' id='line_1_24' title="bbox 654 2606 2972 2697; baseline 0 -19"><span class='ocrx_word' id='word_1_170' title='bbox 654 2606 1110 2689; x_wconf 82' lang='lat' dir='ltr'>tumultuarie,</span> <span class='ocrx_word' id='word_1_171' title='bbox 1182 2613 1631 2678; x_wconf 88' lang='lat' dir='ltr'>Cardinalibus</span> <span class='ocrx_word' id='word_1_172' title='bbox 1698 2636 1996 2697; x_wconf 84' lang='lat' dir='ltr'>expresse</span> <span class='ocrx_word' id='word_1_173' title='bbox 2057 2613 2645 2679; x_wconf 83' lang='lat' dir='ltr'>contradicentibus</span> <span class='ocrx_word' id='word_1_174' title='bbox 2706 2618 2769 2677; x_wconf 92' lang='lat' dir='ltr'>et</span> <span class='ocrx_word' id='word_1_175' title='bbox 2829 2636 2972 2697; x_wconf 92' lang='lat' dir='ltr'>pro-</span> 
     </span>
     <span class='ocr_line' id='line_1_25' title="bbox 651 2710 2972 2788; baseline -0 -12"><span class='ocrx_word' id='word_1_176' title='bbox 651 2710 1074 2776; x_wconf 85' lang='lat' dir='ltr'>testantibue.</span> <span class='ocrx_word' id='word_1_177' title='bbox 1150 2746 1236 2755; x_wconf 87' lang='lat'>—</span> <span class='ocrx_word' id='word_1_178' title='bbox 1309 2710 1478 2774; x_wconf 91' lang='lat' dir='ltr'>Dein</span> <span class='ocrx_word' id='word_1_179' title='bbox 1545 2733 1696 2775; x_wconf 86' lang='lat' dir='ltr'>vero</span> <span class='ocrx_word' id='word_1_180' title='bbox 1766 2710 2409 2775; x_wconf 84' lang='lat' dir='ltr'>animadvertendum</span> <span class='ocrx_word' id='word_1_181' title='bbox 2487 2716 2618 2788; x_wconf 90' lang='lat' dir='ltr'>est,</span> <span class='ocrx_word' id='word_1_182' title='bbox 2690 2733 2765 2775; x_wconf 87' lang='lat' dir='ltr'>ea</span> <span class='ocrx_word' id='word_1_183' title='bbox 2838 2733 2972 2775; x_wconf 92' lang='lat' dir='ltr'>non</span> 
     </span>
     <span class='ocr_line' id='line_1_26' title="bbox 653 2806 2971 2890; baseline 0 -20"><span class='ocrx_word' id='word_1_184' title='bbox 653 2807 876 2871; x_wconf 89' lang='lat' dir='ltr'>habita</span> <span class='ocrx_word' id='word_1_185' title='bbox 925 2809 1115 2871; x_wconf 86' lang='lat' dir='ltr'>fuisse</span> <span class='ocrx_word' id='word_1_186' title='bbox 1163 2814 1237 2870; x_wconf 89' lang='lat' dir='ltr'>ut</span> <span class='ocrx_word' id='word_1_187' title='bbox 1283 2806 1697 2871; x_wconf 87' lang='lat' dir='ltr'>definitiones</span> <span class='ocrx_word' id='word_1_188' title='bbox 1754 2808 2151 2890; x_wconf 87' lang='lat' dir='ltr'>dogmaticas</span> <span class='ocrx_word' id='word_1_189' title='bbox 2197 2809 2361 2872; x_wconf 89' lang='lat' dir='ltr'>circa</span> <span class='ocrx_word' id='word_1_190' title='bbox 2408 2809 2744 2872; x_wconf 87' lang='lat' dir='ltr'>materiam</span> <span class='ocrx_word' id='word_1_191' title='bbox 2795 2809 2971 2879; x_wconf 69' lang='lat' dir='ltr'>fideiz</span> 
     </span>
     <span class='ocr_line' id='line_1_27' title="bbox 654 2903 2969 2987; baseline 0 -21"><span class='ocrx_word' id='word_1_192' title='bbox 654 2903 762 2966; x_wconf 91' lang='lat' dir='ltr'>sed</span> <span class='ocrx_word' id='word_1_193' title='bbox 812 2908 999 2966; x_wconf 89' lang='lat' dir='ltr'>erant</span> <span class='ocrx_word' id='word_1_194' title='bbox 1041 2904 1326 2985; x_wconf 88' lang='lat' dir='ltr'>capitula</span> <span class='ocrx_word' id='word_1_195' title='bbox 1380 2903 1695 2987; x_wconf 87' lang='lat' dir='ltr'>quaedam</span> <span class='ocrx_word' id='word_1_196' title='bbox 1753 2925 1867 2986; x_wconf 91' lang='lat' dir='ltr'>per</span> <span class='ocrx_word' id='word_1_197' title='bbox 1913 2905 2168 2968; x_wconf 90' lang='lat' dir='ltr'>modum</span> <span class='ocrx_word' id='word_1_198' title='bbox 2225 2905 2766 2969; x_wconf 84' lang='lat' dir='ltr'>constitutionum</span> <span class='ocrx_word' id='word_1_199' title='bbox 2820 2926 2969 2986; x_wconf 82' lang='lat' dir='ltr'>syn-</span> 
     </span>
     <span class='ocr_line' id='line_1_28' title="bbox 655 2995 2969 3085; baseline -0.001 -21"><span class='ocrx_word' id='word_1_200' title='bbox 655 3000 965 3076; x_wconf 81' lang='lat' dir='ltr'>odalium,</span> <span class='ocrx_word' id='word_1_201' title='bbox 1024 3000 1119 3064; x_wconf 85' lang='lat' dir='ltr'>nti</span> <span class='ocrx_word' id='word_1_202' title='bbox 1168 3001 1248 3063; x_wconf 87' lang='lat' dir='ltr'>ab</span> <span class='ocrx_word' id='word_1_203' title='bbox 1294 3001 1447 3083; x_wconf 89' lang='lat' dir='ltr'>ipsis</span> <span class='ocrx_word' id='word_1_204' title='bbox 1496 2995 2100 3064; x_wconf 89' lang='lat' dir='ltr'>Constantiensibus</span> <span class='ocrx_word' id='word_1_205' title='bbox 2144 3002 2572 3084; x_wconf 87' lang='lat' dir='ltr'>appellantur.</span> <span class='ocrx_word' id='word_1_206' title='bbox 2664 3000 2784 3065; x_wconf 93' lang='lat' dir='ltr'>His</span> <span class='ocrx_word' id='word_1_207' title='bbox 2829 3001 2969 3085; x_wconf 92' lang='lat' dir='ltr'>qui·</span> 
     </span>
     <span class='ocr_line' id='line_1_29' title="bbox 657 3095 2968 3181; baseline 0 -23"><span class='ocrx_word' id='word_1_208' title='bbox 657 3096 799 3160; x_wconf 90' lang='lat' dir='ltr'>dem</span> <span class='ocrx_word' id='word_1_209' title='bbox 868 3096 1183 3179; x_wconf 87' lang='lat' dir='ltr'>principia</span> <span class='ocrx_word' id='word_1_210' title='bbox 1253 3096 1565 3180; x_wconf 87' lang='lat' dir='ltr'>quaedam</span> <span class='ocrx_word' id='word_1_211' title='bbox 1644 3095 2097 3171; x_wconf 84' lang='lat' dir='ltr'>adstruebant‚</span> <span class='ocrx_word' id='word_1_212' title='bbox 2173 3097 2401 3180; x_wconf 87' lang='lat' dir='ltr'>quibus</span> <span class='ocrx_word' id='word_1_213' title='bbox 2477 3097 2664 3162; x_wconf 88' lang='lat' dir='ltr'>modo</span> <span class='ocrx_word' id='word_1_214' title='bbox 2741 3096 2968 3181; x_wconf 84' lang='lat' dir='ltr'>agendi</span> 
     </span>
     <span class='ocr_line' id='line_1_30' title="bbox 656 3192 2972 3269; baseline 0 -13"><span class='ocrx_word' id='word_1_215' title='bbox 656 3214 769 3257; x_wconf 89' lang='lat' dir='ltr'>suo</span> <span class='ocrx_word' id='word_1_216' title='bbox 826 3192 1318 3256; x_wconf 87' lang='lat' dir='ltr'>fundamentum</span> <span class='ocrx_word' id='word_1_217' title='bbox 1373 3196 1624 3256; x_wconf 87' lang='lat' dir='ltr'>struere</span> <span class='ocrx_word' id='word_1_218' title='bbox 1681 3193 2016 3269; x_wconf 82' lang='lat' dir='ltr'>volebant,</span> <span class='ocrx_word' id='word_1_219' title='bbox 2080 3215 2199 3257; x_wconf 90' lang='lat' dir='ltr'>nec</span> <span class='ocrx_word' id='word_1_220' title='bbox 2258 3196 2478 3256; x_wconf 88' lang='lat' dir='ltr'>tamen</span> <span class='ocrx_word' id='word_1_221' title='bbox 2537 3199 2610 3259; x_wconf 88' lang='lat' dir='ltr'>ut</span> <span class='ocrx_word' id='word_1_222' title='bbox 2663 3194 2972 3257; x_wconf 84' lang='lat' dir='ltr'>veritates</span> 
     </span>
     <span class='ocr_line' id='line_1_31' title="bbox 659 3280 2976 3374; baseline 0.001 -23"><span class='ocrx_word' id='word_1_223' title='bbox 659 3288 803 3352; x_wconf 87' lang='lat' dir='ltr'>fidei</span> <span class='ocrx_word' id='word_1_224' title='bbox 851 3288 961 3352; x_wconf 89' lang='lat' dir='ltr'>illa</span> <span class='ocrx_word' id='word_1_225' title='bbox 1017 3289 1485 3372; x_wconf 85' lang='lat' dir='ltr'>proponebant.</span> <span class='ocrx_word' id='word_1_226' title='bbox 1579 3289 1657 3354; x_wconf 86' lang='lat' dir='ltr'>Id</span> <span class='ocrx_word' id='word_1_227' title='bbox 1714 3289 2040 3372; x_wconf 87' lang='lat' dir='ltr'>perspicue</span> <span class='ocrx_word' id='word_1_228' title='bbox 2090 3311 2165 3353; x_wconf 84' lang='lat' dir='ltr'>ex</span> <span class='ocrx_word' id='word_1_229' title='bbox 2214 3290 2292 3353; x_wconf 92' lang='lat' dir='ltr'>iis</span> <span class='ocrx_word' id='word_1_230' title='bbox 2346 3312 2513 3374; x_wconf 86' lang='lat' dir='ltr'>quae</span> <span class='ocrx_word' id='word_1_231' title='bbox 2564 3280 2788 3373; x_wconf 87' lang='lat' dir='ltr'>postea</span> <span class='ocrx_word' id='word_1_232' title='bbox 2836 3288 2976 3354; x_wconf 55' lang='lat' dir='ltr'>eve-⁷</span> 
     </span>
     <span class='ocr_line' id='line_1_32' title="bbox 656 3384 2970 3470; baseline 0 -21"><span class='ocrx_word' id='word_1_233' title='bbox 656 3384 900 3449; x_wconf 70' lang='lat' dir='ltr'>nerunt</span> <span class='ocrx_word' id='word_1_234' title='bbox 958 3384 1301 3468; x_wconf 85' lang='lat' dir='ltr'>colligitur.</span> <span class='ocrx_word' id='word_1_235' title='bbox 1410 3384 1672 3450; x_wconf 86' lang='lat' dir='ltr'>Etenim</span> <span class='ocrx_word' id='word_1_236' title='bbox 1738 3385 2086 3469; x_wconf 83' lang='lat' dir='ltr'>Gregorius</span> <span class='ocrx_word' id='word_1_237' title='bbox 2148 3384 2300 3450; x_wconf 90' lang='lat' dir='ltr'>XII.</span> <span class='ocrx_word' id='word_1_238' title='bbox 2362 3390 2429 3450; x_wconf 91' lang='lat' dir='ltr'>et</span> <span class='ocrx_word' id='word_1_239' title='bbox 2495 3387 2606 3470; x_wconf 91' lang='lat' dir='ltr'>qui</span> <span class='ocrx_word' id='word_1_240' title='bbox 2668 3387 2786 3469; x_wconf 86' lang='lat' dir='ltr'>ipsi</span> <span class='ocrx_word' id='word_1_241' title='bbox 2857 3386 2970 3449; x_wconf 90' lang='lat' dir='ltr'>ad-</span> 
     </span>
     <span class='ocr_line' id='line_1_33' title="bbox 655 3481 2971 3567; baseline -0 -21"><span class='ocrx_word' id='word_1_242' title='bbox 655 3481 1032 3557; x_wconf 82' lang='lat' dir='ltr'>haeserunt,</span> <span class='ocrx_word' id='word_1_243' title='bbox 1102 3502 1231 3544; x_wconf 90' lang='lat' dir='ltr'>non</span> <span class='ocrx_word' id='word_1_244' title='bbox 1313 3481 1519 3546; x_wconf 90' lang='lat' dir='ltr'>solum</span> <span class='ocrx_word' id='word_1_245' title='bbox 1590 3482 1965 3547; x_wconf 86' lang='lat' dir='ltr'>nullatenus</span> <span class='ocrx_word' id='word_1_246' title='bbox 2042 3487 2451 3567; x_wconf 83' lang='lat' dir='ltr'>agnoverunt</span> <span class='ocrx_word' id='word_1_247' title='bbox 2515 3484 2628 3547; x_wconf 92' lang='lat' dir='ltr'>illa</span> <span class='ocrx_word' id='word_1_248' title='bbox 2700 3482 2971 3548; x_wconf 85' lang='lat' dir='ltr'>Concilii</span> 
     </span>
     <span class='ocr_line' id='line_1_34' title="bbox 655 3576 2967 3664; baseline 0 -22"><span class='ocrx_word' id='word_1_249' title='bbox 655 3577 1171 3642; x_wconf 87' lang='lat' dir='ltr'>Constantiensis</span> <span class='ocrx_word' id='word_1_250' title='bbox 1220 3577 1505 3655; x_wconf 85' lang='lat' dir='ltr'>decreta,</span> <span class='ocrx_word' id='word_1_251' title='bbox 1549 3578 1658 3641; x_wconf 87' lang='lat' dir='ltr'>sed</span> <span class='ocrx_word' id='word_1_252' title='bbox 1707 3599 1916 3661; x_wconf 88' lang='lat' dir='ltr'>neque</span> <span class='ocrx_word' id='word_1_253' title='bbox 1966 3576 2297 3661; x_wconf 87' lang='lat' dir='ltr'>Synodum</span> <span class='ocrx_word' id='word_1_254' title='bbox 2342 3585 2414 3643; x_wconf 91' lang='lat' dir='ltr'>ut</span> <span class='ocrx_word' id='word_1_255' title='bbox 2460 3580 2811 3664; x_wconf 88' lang='lat' dir='ltr'>legitimam</span> <span class='ocrx_word' id='word_1_256' title='bbox 2859 3578 2967 3642; x_wconf 84' lang='lat' dir='ltr'>ha-</span> 
     </span>
     <span class='ocr_line' id='line_1_35' title="bbox 654 3672 2969 3748; baseline 0.002 -12"><span class='ocrx_word' id='word_1_257' title='bbox 654 3674 951 3740; x_wconf 89' lang='lat' dir='ltr'>buerunt.</span> <span class='ocrx_word' id='word_1_258' title='bbox 1043 3673 1282 3748; x_wconf 84' lang='lat' dir='ltr'>Quodsi</span> <span class='ocrx_word' id='word_1_259' title='bbox 1328 3673 1861 3739; x_wconf 88' lang='lat' dir='ltr'>Constantienses</span> <span class='ocrx_word' id='word_1_260' title='bbox 1917 3672 2325 3740; x_wconf 90' lang='lat' dir='ltr'>definitiones</span> <span class='ocrx_word' id='word_1_261' title='bbox 2380 3676 2529 3740; x_wconf 88' lang='lat' dir='ltr'>fidei</span> <span class='ocrx_word' id='word_1_262' title='bbox 2584 3676 2712 3740; x_wconf 86' lang='lat' dir='ltr'>illis</span> <span class='ocrx_word' id='word_1_263' title='bbox 2758 3676 2969 3740; x_wconf 85' lang='lat' dir='ltr'>decre·</span> 
     </span>
     <span class='ocr_line' id='line_1_36' title="bbox 654 3769 2966 3857; baseline 0.001 -25"><span class='ocrx_word' id='word_1_264' title='bbox 654 3772 736 3834; x_wconf 88' lang='lat' dir='ltr'>tis</span> <span class='ocrx_word' id='word_1_265' title='bbox 794 3770 1018 3834; x_wconf 90' lang='lat' dir='ltr'>cudere</span> <span class='ocrx_word' id='word_1_266' title='bbox 1075 3770 1460 3846; x_wconf 84' lang='lat' dir='ltr'>voluissent,</span> <span class='ocrx_word' id='word_1_267' title='bbox 1524 3775 1696 3835; x_wconf 87' lang='lat' dir='ltr'>certe</span> <span class='ocrx_word' id='word_1_268' title='bbox 1757 3769 1928 3835; x_wconf 89' lang='lat' dir='ltr'>haud</span> <span class='ocrx_word' id='word_1_269' title='bbox 1981 3773 2120 3855; x_wconf 85' lang='lat' dir='ltr'>jam</span> <span class='ocrx_word' id='word_1_270' title='bbox 2176 3773 2538 3856; x_wconf 90' lang='lat' dir='ltr'>potuissent</span> <span class='ocrx_word' id='word_1_271' title='bbox 2587 3771 2966 3857; x_wconf 86' lang='lat' dir='ltr'>Gregorium</span> 
     </span>
     <span class='ocr_line' id='line_1_37' title="bbox 653 3864 2971 3952; baseline 0.001 -22"><span class='ocrx_word' id='word_1_272' title='bbox 653 3872 720 3930; x_wconf 90' lang='lat' dir='ltr'>et</span> <span class='ocrx_word' id='word_1_273' title='bbox 776 3867 911 3949; x_wconf 89' lang='lat' dir='ltr'>ejus</span> <span class='ocrx_word' id='word_1_274' title='bbox 968 3864 1367 3949; x_wconf 81' lang='lat' dir='ltr'>CardinaleS,</span> <span class='ocrx_word' id='word_1_275' title='bbox 1426 3867 1539 3950; x_wconf 88' lang='lat' dir='ltr'>qui</span> <span class='ocrx_word' id='word_1_276' title='bbox 1600 3868 1820 3932; x_wconf 88' lang='lat' dir='ltr'>omnia</span> <span class='ocrx_word' id='word_1_277' title='bbox 1880 3869 2005 3931; x_wconf 88' lang='lat' dir='ltr'>ista</span> <span class='ocrx_word' id='word_1_278' title='bbox 2062 3869 2443 3952; x_wconf 87' lang='lat' dir='ltr'>rejiciebant</span> <span class='ocrx_word' id='word_1_279' title='bbox 2500 3874 2566 3932; x_wconf 91' lang='lat' dir='ltr'>et</span> <span class='ocrx_word' id='word_1_280' title='bbox 2624 3870 2971 3952; x_wconf 86' lang='lat' dir='ltr'>negabant,</span> 
     </span>
    </p>
   </div>
   <div class='ocr_carea' id='block_1_7' title="bbox 658 4042 1075 4050">
    <p class='ocr_par' dir='ltr' id='par_1_7' title="bbox 658 4042 1075 4050">
     <span class='ocr_line' id='line_1_38' title="bbox 658 4042 1075 4050; baseline 0 0"><span class='ocrx_word' id='word_1_281' title='bbox 658 4042 1075 4050; x_wconf 95' lang='lat' dir='ltr'> </span> 
     </span>
    </p>
   </div>
   <div class='ocr_carea' id='block_1_8' title="bbox 653 4143 2967 4292">
    <p class='ocr_par' dir='ltr' id='par_1_8' title="bbox 653 4143 2967 4292">
     <span class='ocr_line' id='line_1_39' title="bbox 827 4143 2967 4215; baseline 0.002 -18"><span class='ocrx_word' id='word_1_282' title='bbox 827 4143 872 4209; x_wconf 79' lang='grc' dir='ltr'>ι)</span> <span class='ocrx_word' id='word_1_283' title='bbox 908 4145 990 4198; x_wconf 89' lang='lat' dir='ltr'>De</span> <span class='ocrx_word' id='word_1_284' title='bbox 1029 4146 1238 4199; x_wconf 74' lang='lat' dir='ltr'>EccleS.</span> <span class='ocrx_word' id='word_1_285' title='bbox 1277 4145 1482 4201; x_wconf 87' lang='lat' dir='ltr'>Concil.</span> <span class='ocrx_word' id='word_1_286' title='bbox 1530 4161 1682 4214; x_wconf 65' lang='lat' dir='ltr'>gen„</span> <span class='ocrx_word' id='word_1_287' title='bbox 1732 4146 1885 4200; x_wconf 91' lang='lat' dir='ltr'>Rom.</span> <span class='ocrx_word' id='word_1_288' title='bbox 1925 4147 2111 4209; x_wconf 83' lang='lat' dir='ltr'>Pont.,</span> <span class='ocrx_word' id='word_1_289' title='bbox 2161 4157 2265 4202; x_wconf 86' lang='lat' dir='ltr'>etc.</span> <span class='ocrx_word' id='word_1_290' title='bbox 2316 4147 2666 4202; x_wconf 87' lang='lat' dir='ltr'>auctoritate.</span> <span class='ocrx_word' id='word_1_291' title='bbox 2739 4148 2803 4200; x_wconf 88' lang='lat' dir='ltr'>In</span> <span class='ocrx_word' id='word_1_292' title='bbox 2843 4164 2967 4215; x_wconf 85' lang='lat' dir='ltr'>opp.</span> 
     </span>
     <span class='ocr_line' id='line_1_40' title="bbox 653 4224 1689 4292; baseline 0 -13"><span class='ocrx_word' id='word_1_293' title='bbox 653 4224 882 4291; x_wconf 70' lang='lat' dir='ltr'>Get-son,</span> <span class='ocrx_word' id='word_1_294' title='bbox 922 4224 1005 4278; x_wconf 90' lang='lat' dir='ltr'>ed.</span> <span class='ocrx_word' id='word_1_295' title='bbox 1045 4224 1246 4291; x_wconf 88' lang='lat' dir='ltr'>Dupin‚</span> <span class='ocrx_word' id='word_1_296' title='bbox 1285 4232 1326 4279; x_wconf 89' lang='lat' dir='ltr'>t.</span> <span class='ocrx_word' id='word_1_297' title='bbox 1365 4226 1437 4279; x_wconf 92' lang='lat' dir='ltr'>II.</span> <span class='ocrx_word' id='word_1_298' title='bbox 1477 4241 1528 4292; x_wconf 92' lang='lat' dir='ltr'>p.</span> <span class='ocrx_word' id='word_1_299' title='bbox 1567 4227 1689 4279; x_wconf 87' lang='lat'>940.</span> 
     </span>
    </p>
   </div>
  </div>
 </body>
</html>
