3281 5014
690 419 789 471 196
1114 414 1343 468 XXXII.
1380 415 1464 469 De
1501 413 1862 468 Pontificibus
1901 413 2183 468 Avenione
2221 412 2581 468 commoratis.

679 559 934 645 junxit,
994 580 1214 623 eorum
1260 578 1454 638 opera
1504 577 1656 619 usus
1714 565 1840 633 est,
1898 562 1974 620 ut
2018 557 2211 620 verbo
2267 559 2333 620 et
2374 556 2631 639 scriptis
2678 554 2993 619 Joannem

688 656 1116 733 debellarent,
1186 658 1253 717 et
1321 674 1539 717 eorum
1612 650 1909 718 haereses
1972 652 2274 735 protexit.
2392 652 2447 715 A
2521 651 2860 717 Gibellinis
2928 651 2992 715 in

686 752 946 817 Italiam
999 754 1265 816 vocatus
1313 771 1385 813 eo
1433 748 1755 831 profectus
1802 753 1923 830 est,
1980 770 2054 813 ac
2107 749 2383 832 primum
2431 748 2726 814 Tridenti
2778 770 2995 813 mense

688 848 1035 914 Februario
1080 845 1572 913 conciliabulum
1627 844 1857 910 habuit
1911 845 2456 912 schismaticorum
2515 849 2580 909 et
2638 845 2993 928 impiorum,

688 946 799 1029 qui
868 947 936 1010 in
1009 967 1153 1008 eum
1222 946 1661 1028 proruperunt
1731 942 2041 1021 furorem,
2110 947 2183 1007 ut
2243 964 2609 1026 supremum
2673 941 2742 1005 in
2811 941 2995 1005 terris

545 1056 599 1138 >Q
687 1041 1199 1107 Christianorum
1257 1044 1451 1123 capnt
1510 1036 1944 1103 anathematis
2006 1043 2312 1104 notarent
2371 1039 2636 1104 infamia
2697 1037 2816 1103 sub
2879 1058 2994 1101 no-

688 1140 861 1203 mine
916 1134 1283 1219 presbyteri
1344 1132 1645 1199 Joa‘nm'a
1756 1134 1925 1198 Dein
1987 1134 2339 1201 Mediolani
2403 1159 2441 1199 a
2503 1135 2749 1199 duobus
2813 1156 2994 1217 prae-

583 1249 588 1253 ’
688 1237 836 1300 latis
896 1235 1196 1319 depositis
1244 1232 1603 1297 Ludovicus
1665 1252 1777 1294 rex
1836 1231 2068 1296 Italiae
2130 1238 2467 1298 coronatus
2527 1237 2641 1297 est.
2756 1230 2995 1295 Romae
3075 1295 3079 1299 ,

688 1354 802 1417 per
849 1331 1159 1395 Sciarram
1211 1329 1500 1394 Colonna
1560 1332 1624 1392 et
1672 1327 1919 1410 plebem
1977 1331 2174 1395 amice
2233 1335 2552 1413 receptus,
2612 1334 2677 1393 et
2721 1350 2777 1391 a.
2831 1327 2994 1390 1328

689 1429 788 1493 die
851 1425 962 1493 18⁰
1018 1426 1310 1492 Januarii
1374 1447 1489 1509 per
1550 1428 1918 1514 episcopum
1987 1431 2348 1510 apostatam
2408 1427 2478 1490 in
2538 1425 2995 1509 Imperatorem

687 1532 974 1591 sacratus
1042 1525 1187 1589 fuit.
1310 1522 1563 1599 Exinde
1625 1527 1891 1593 titulum
1957 1521 2375 1607 Imperatoris
2441 1523 2562 1588 sibi
2631 1521 2995 1596 vindicavit,

690 1627 756 1687 et
825 1643 1095 1707 regnum
1181 1619 1454 1704 Apuliae
1527 1622 1649 1688 sibi
1721 1624 2038 1709 subjicere
2107 1620 2374 1686 studuit.
2494 1619 2778 1685 Joannes
2847 1639 2997 1681 vero

688 1716 910 1783 XXII.
975 1739 1192 1782 mense
1257 1717 1463 1801 Aprili
1532 1722 1729 1802 atque
1794 1721 2032 1785 iterum
2097 1738 2314 1781 mense
2376 1716 2640 1782 Octobri
2707 1738 2763 1782 a.
2833 1715 2994 1779 1327

689 1817 1086 1880 exultantem
1135 1814 1430 1897 secundis
1476 1815 1669 1880 rebus
1698 1816 2093 1883 Ludovicum
2139 1813 2812 1880 excommunicationis
2857 1833 2996 1877 sen·

687 1913 897 1976 tentia
942 1911 1241 1994 perculit,
1301 1914 1497 1995 atque
1554 1914 1853 1979 omnibus
1899 1913 2276 1988 honoribus,
2337 1910 2792 1996 dignitatibus,
2840 1910 2998 1994 juri-

691 2010 840 2086 bus,
898 2009 1103 2073 feudis
1158 2010 1425 2094 ipsoque
1482 2007 1797 2075 Bavariae
1852 2010 2215 2095 principatu
2279 2008 2599 2092 privatum
2653 2006 2999 2071 declaravit

399 2095 633 2200 ngggrff
693 2109 758 2169 et
818 2106 1114 2189 privavit.
1221 2103 1582 2170 Ludovicus
1645 2128 1834 2171 ausus
1893 2130 2042 2172 suos
2101 2106 2380 2170 nefarios
2441 2125 2834 2188 prosequens
2896 2102 2998 2166 die

410 2220 627 2273 antipapa.
697 2199 809 2265 18⁰
854 2202 1097 2285 Aprilis
1149 2200 1319 2267 1328
1366 2202 1640 2266 solemni
1695 2205 2057 2287 spectaculo
2105 2206 2171 2267 et
2224 2202 2540 2286 imperiali
2588 2200 2851 2264 indutus
2897 2222 2996 2265 01·-

687 2302 880 2375 natu,
949 2302 1102 2364 ante
1158 2298 1486 2363 basilicam
1550 2297 1613 2364 S.
1680 2299 1862 2365 Petri
1924 2300 2248 2374 Joannem
2316 2297 2664 2363 declaravit
2728 2296 2997 2382 haereti-

687 2416 865 2472 cum,
926 2396 1278 2460 multorum
1339 2390 1680 2459 criminum
1744 2398 2067 2462 accusavit
2121 2401 2188 2460 et
2242 2395 2599 2479 depositum
2660 2416 2805 2458 eum
2864 2416 3000 2458 esse

690 2490 1120 2557 denuntiavit.
1216 2490 1367 2557 Mox
1428 2472 1577 2557 vero
1634 2493 1801 2559 festo
1865 2493 2284 2559 Ascensionis
2348 2487 2608 2557 Domini
2670 2497 2999 2556 annuente

688 2590 874 2674 plebe
917 2589 1312 2654 diffamatum
1364 2593 1431 2653 et
1472 2589 1949 2655 schismaticum
2000 2590 2398 2666 Minoritam,
2443 2588 2712 2671 Petrum
2759 2612 2797 2653 a
2844 2586 2998 2657 Cor-.-

689 2686 870 2750 baria
916 2682 1282 2769 (Corvaria)
1341 2686 1688 2751 constituit
1733 2689 2103 2771 antipapam
2165 2687 2285 2751 sub
2331 2686 2599 2767 nomine
2639 2683 2999 2753 NicolaiJ

687 2779 877 2846 Hunc
938 2784 1271 2865 episcopus
1333 2782 1591 2892 quidam
1651 2776 2089 2849 schismaticus
2158 2783 2577 2858 consecravit,
2639 2781 3002 2846 Ludovicus

688 2901 839 2943 vero
887 2879 1238 2953 coronavit,
1284 2900 1358 2942 ac
1402 2879 1676 2943 vicissim
1726 2881 1806 2944 ab
1853 2902 1927 2945 eo
1974 2881 2209 2944 iterum
2251 2879 2611 2964 Imperator
2656 2882 3001 2943 coronatus

688 2980 803 3040 est.
897 2972 1002 3039 Sic
1065 2974 1339 3040 schisma
1403 2997 1441 3039 a
1502 2975 1829 3041 Ludovico
1893 2982 2402 3041 consummatum
2470 2976 2621 3051 fuit3
2694 2980 2763 3039 at
2824 2975 3001 3039 brevi

687 3093 867 3136 versa
924 3074 1022 3135 est
1078 3071 1248 3136 bona
1302 3073 1441 3156 ejus
1497 3072 1780 3138 fortuna.
1883 3072 2030 3137 Jam
2087 3095 2302 3138 mense
2357 3074 2654 3158 Augusto
2709 3095 2767 3137 a.
2829 3071 2954 3134 132

690 3167 896 3232 Roma
950 3165 1268 3234 discedere
1330 3175 1583 3235 coactus
1643 3175 1769 3248 est,
1832 3174 1897 3235 et
1956 3170 2198 3234 infelici
2258 3192 2548 3235 successu
2606 3169 3004 3233 adversarios

689 3266 758 3328 in
805 3265 999 3329 Italia
1054 3265 1427 3344 debellavit3
1487 3288 1636 3331 mox
1696 3288 1847 3330 vero
1891 3264 2214 3330 Friderico
2258 3272 2540 3343 mortuo,
2597 3288 2652 3329 a.
2708 3266 2874 3331 1330
2930 3265 3018 3333 in.

692 3360 1100 3426 Germaniam
1142 3385 1426 3428 remeare
1475 3363 1833 3428 constituit.

866 3556 968 3621 50.
1022 3555 1270 3621 Ibidem
1330 3556 1520 3620 initio
1568 3557 1822 3641 quidem
1879 3560 2145 3621 externe
2202 3575 2483 3639 pugnam
2532 3559 2760 3619 contra
2805 3553 3007 3619 Joan-

688 3675 835 3717 nem
899 3657 1195 3736 prosequi
1259 3652 1430 3717 visus
1497 3658 1625 3730 est,
1690 3654 1798 3718 sed
1862 3654 2116 3718 interea
2168 3655 2308 3736 jam
2369 3673 2589 3715 mense
2654 3650 2830 3735 Majo
2892 3670 3009 3734 per

688 3748 937 3832 aliquot
992 3749 1312 3832 principes
1371 3750 1962 3814 reconciliationem
2021 3771 2160 3813 cum
2211 3746 2372 3813 Sede
2419 3748 2788 3831 Apostolica
2841 3748 3011 3810 inire

501 3837 573 3909 ὗε*
686 3845 954 3909 studuit.
1041 3843 1193 3910 Sese
1239 3852 1537 3929 paratum
1584 3846 1898 3924 exhibuit,
1947 3851 2022 3911 nt
2069 3868 2246 3911 suum
2298 3845 2777 3928 derelinqueret
2822 3865 3010 3927 pseu-

687 3940 1167 4024 dopontificem,
1240 3942 1321 4005 ab
1391 3943 1828 4026 appellatione
1898 3942 1975 4006 ad
2041 3942 2397 4007 Concilium
2469 3941 2770 4026 generale
2839 3939 3010 4003 desi-

686 4042 913 4113 steret,
986 4060 1424 4122 quaecumque
1494 4045 1722 4104 contra
1788 4040 2139 4105 Ecclesiam
2205 4040 2447 4103 fecerat
2509 4042 2867 4115 revocaret,
2940 4043 3013 4100 et

687 4139 1092 4218 agnosceret,
1138 4137 1317 4219 juste
1361 4158 1428 4200 se
1478 4158 1612 4200 esse
1662 4136 2315 4219 excommunicatum3
2366 4135 2717 4226 postulavit
2763 4143 3012 4206 tamen,
