3281 5014
967 425 1266 481 Processus
1304 432 1501 481 contra
1527 425 1887 495 Templarios.
2495 403 2565 480 95

251 568 492 636 factam
512 590 518 598 ’
540 590 703 648 esse,
762 590 883 633 nec
922 566 1321 633 Clementem
1376 568 1447 633 in
1494 569 1792 634 omnibus
1845 589 2029 633 caeco
2075 568 2277 633 modo
2306 568 2566 632 cessisse

250 665 575 750 Philippo.
655 662 765 729 Ad
799 662 1201 747 praeclaras,
1247 665 1473 730 scribit
1503 665 1639 749 ipse
1686 666 1841 749 regi,
1887 662 2248 747 sapientiae
2277 668 2338 729 et
2381 682 2565 729 man-

250 759 625 827 suetudinis
666 758 1164 844 proqenitorum
1221 765 1486 826 tuorum
1540 759 1793 838 laudes,
1852 759 1952 841 fili
2005 758 2365 840 carissime,
2414 780 2565 843 per-

252 857 462 923 tinere
508 856 973 942 coqnoscimus,
1038 857 1207 938 quod
1249 856 1446 922 iidem
1496 856 1770 940 puriore
1820 856 1987 936 luce,
2041 877 2259 922 amore
2298 871 2301 876 ·
2308 856 2460 937 fidei
2506 860 2567 920 et

252 952 559 1019 caritatis
597 953 756 1031 zelo,
813 949 1011 1035 quasi
1051 952 1366 1035 quaedam
1420 953 1640 1019 sidera
1684 952 2068 1033 rutilantia,
2126 951 2568 1027 ecclesiasticis

252 1048 622 1133 disciplinis
677 1049 909 1131 edocti,
970 1048 1283 1115 hactenus
1325 1049 1669 1116 Romanae
1722 1048 1878 1115 Sedi
1932 1050 2363 1116 reverentiam
2419 1071 2565 1117 con·

253 1150 612 1227 servantes,
671 1150 904 1213 cuncta
949 1146 1036 1212 ad
1092 1146 1468 1230 religionem
1512 1146 1668 1229 fidei
1711 1145 2120 1230 pertinentia
2174 1146 2315 1230 ejus
2368 1166 2565 1229 aqno-

251 1248 491 1309 verunt
551 1242 845 1309 examini
903 1243 1258 1326 subjacere,
1319 1244 1406 1310 ad
1459 1244 1649 1327 cujus
1693 1245 2064 1329 pastorem,
2127 1243 2199 1308 id
2254 1247 2348 1308 est
2393 1242 2566 1326 Apo·

252 1339 567 1405 stolorum
609 1340 935 1424 primum,
998 1339 1283 1407 Domino
1342 1340 1663 1450 loquente,
1714 1345 2134 1424 praeceptum
2180 1345 2308 1406 est:
2365 1339 2570 1406 Pasce

254 1457 398 1501 oves
441 1456 620 1502 meas
669 1490 683 1505 .
733 1486 748 1503 .
796 1487 810 1501 .
867 1437 968 1503 Tu
1013 1441 1161 1503 vero
1173 1486 1191 1517 ,
1241 1437 1340 1518 fili
1384 1436 1748 1517 carissime,
1803 1436 1973 1519 quod
2015 1436 2296 1502 dolentes
2339 1434 2568 1519 referi-

254 1553 429 1612 mus,
488 1553 622 1599 non
682 1537 818 1599 tam
873 1539 1290 1618 praepostero
1346 1554 1542 1617 quam
1594 1533 1779 1600 nullo
1836 1533 2089 1613 ordine,
2146 1532 2332 1599 nobis
2376 1532 2569 1615 quasi

251 1628 327 1695 in
372 1628 584 1694 hortis
627 1628 1081 1711 existentibus,
1138 1651 1409 1696 manum
1455 1635 1639 1696 tuam
1683 1630 1758 1694 in
1803 1650 2121 1714 personas
2173 1630 2565 1712 Templario-

251 1746 406 1791 rum
452 1729 515 1790 et
555 1723 746 1806 bona,
806 1731 867 1790 et
910 1733 1042 1792 non
1089 1725 1671 1809 qualitercumque,
1724 1726 1834 1792 sed
1884 1745 2085 1808 usque
2129 1726 2216 1791 ad
2258 1725 2566 1791 inclusio·

250 1843 401 1888 nem
447 1822 728 1894 carceris
772 1823 1139 1903 extendisti,
1194 1822 1486 1906 quodque
1515 1823 1603 1889 ad
1644 1820 1978 1889 ¹cumulum
2019 1820 2262 1888 doloris
2287 1822 2571 1903 accedit,

170 1975 175 1979 ,
251 1923 582 1985 extentam
628 1917 868 1986 nedum
911 1925 1047 1988 'non
1095 1919 1440 2001 remisisti,
1496 1920 1606 1985 sed
1652 1940 1821 2000 eam,
1880 1924 1955 1985 ut
1995 1921 2245 2002 fertur,
2304 1919 2391 1985 ad
2415 1920 2568 2001 for·

252 2015 430 2081 tiora
472 2015 862 2100 impingens,
904 2015 1072 2104 ipsis
1116 2038 1248 2083 non
1279 2016 1689 2082 mediocriter
1735 2037 1814 2082 ex
1857 2014 2005 2100 ipsa
2050 2016 2345 2100 captione
2390 2016 2567 2099 ιιῇῗὶ-Δ

252 2112 376 2178 ctis
420 2111 848 2195 afflictionem
892 2113 1226 2194 addidisti,
1252 2113 1382 2179 'sed
1426 2114 1700 2197 qualem,
1750 2112 1823 2177 ob
1860 2113 2178 2196 pudorem
2220 2112 2565 2194 Ecclesiae,

250 2225 370 2275 nec
417 2209 639 2275 minus
686 2215 873 2277 tuum
932 2210 991 2276 si
1045 2211 1197 2276 bene
1239 2207 1682 2294 perspexeris,
1747 2209 1835 2275 ad
1878 2230 2193 2293 praesens
2249 2207 2574 2276 subticen·‘

252 2306 411 2372 dum
456 2306 685 2389 potius
740 2307 1167 2374 arbitramur.
1221 2358 1235 2373 .
1283 2358 1297 2372 .
1343 2356 1359 2371 .
1414 2306 1501 2374 In
1560 2328 1687 2390 quo
1732 2306 1988 2389 quidem
2047 2311 2160 2373 tuo
2205 2307 2298 2372 sic
2341 2317 2569 2391 repen-'

253 2401 396 2468 tino
451 2423 763 2485 processu
828 2408 1126 2469 nostrum
1196 2407 1256 2469 et
1323 2403 1651 2470 Ecclesiae
1715 2403 2057 2470 Romanae
2126 2403 2572 2487 vituperosum‘

254 2493 689 2583 contemptum
764 2500 1192 2568 communiter
1261 2522 1478 2567 omnes
1553 2505 1614 2566 et
1679 2522 1809 2567 non
1878 2500 2116 2584 absque
2184 2498 2570 2568 rationabili

254 2616 457 2663 causa
501 2602 763 2679 notant,
825 2603 902 2665 ut
956 2599 1043 2664 ad
1098 2598 1465 2683 scripturae
1507 2598 1964 2683 prolixitatem
2013 2598 2351 2664 vitandam
2396 2597 2570 2663 alias

255 2714 491 2760 causas
534 2694 778 2760 doloris
820 2699 884 2761 et
926 2695 1389 2761 admirationis
1436 2695 1851 2761 obmittamus
1898 2696 1985 2760 ad
2018 2716 2350 2780 praesens,
2405 2693 2571 2777 quas

244 2812 372 2875 per
431 2790 692 2858 dilectos
744 2791 915 2873 filios
961 2796 1218 2858 nostros
1262 2792 1749 2876 Berenqarium
1804 2796 1866 2857 et
1922 2790 2325 2876 Stephanum
2377 2791 2566 2857 Pres-

258 2887 514 2972 byteros
563 2887 947 2955 Cardinales
1001 2889 1121 2954 tibi
1176 2886 1501 2972 explicare
1558 2888 1978 2970 mandamus,
2041 2894 2224 2956 tuam
2283 2888 2571 2954 nolentes

255 2983 886 3067 circumspectionem
958 2985 1375 3067 aliquatenus
1432 2984 1771 3067 ignorare,
1840 2985 2011 3068 quod
2072 3005 2189 3050 nos
2249 2985 2578 3050 desidera⁴

256 3101 404 3146 mus
452 3080 605 3146 totis
658 3080 914 3147 viribus
959 3083 1052 3146 sic
1095 3101 1391 3165 purqare
1441 3080 1764 3146 radicitus
1816 3081 1990 3146 hunc
2045 3080 2307 3147 hortum
2352 3080 2569 3147 Eccle-

255 3176 424 3257 siae,
470 3182 675 3260 prout
729 3198 835 3242 res
889 3178 1036 3260 ipsa
1093 3177 1624 3260 expostulaverit,
1684 3177 1855 3260 quod
1896 3178 1971 3243 in
2005 3177 2465 3260 praesentibus
2510 3183 2578 3243 et'

252 3274 535 3357 posteris
570 3295 703 3340 non
749 3278 1084 3340 remaneat
1113 3274 1506 3357 hujusmodi,
1555 3274 1614 3338 si
1651 3279 1761 3355 est,
1809 3274 1979 3356 quod
2012 3274 2198 3339 Deus
2239 3275 2576 3351 averterit,

255 3365 635 3454 infectionis
678 3370 984 3451 scintilla,
1033 3392 1196 3453 quae
1230 3370 1443 3454 possit
1477 3392 1842 3453 procurare
1872 3371 2217 3436 materiam
2256 3370 2569 3441 recidivii.

434 3468 605 3534 Dein
668 3471 956 3553 postulat
1021 3469 1358 3545 Pontifex,
1429 3476 1502 3532 ut
1568 3490 1878 3551 personae
1946 3476 2012 3533 et
2079 3470 2248 3534 bona
2314 3468 2570 3535 Ordinis
2671 3487 2694 3516 0

259 3589 297 3631 a
356 3588 510 3651 rege
576 3568 647 3631 in
710 3588 939 3631 manus
1002 3565 1441 3631 Cardinalium
1506 3564 1870 3629 tradantur.
1937 3602 2024 3610 —
2092 3564 2309 3629 Aliam
2375 3566 2571 3631 etiam

260 3664 513 3747 scripsit
557 3662 849 3727 Clemens
896 3663 1234 3746 epistolam
1281 3660 1360 3726 ad
1406 3682 1619 3746 regem
1667 3662 1726 3725 d.
1771 3661 1830 3727 d.
1884 3659 1953 3726 1⁰
1983 3661 2351 3727 Decembris
2397 3685 2570 3728 anno

265 3760 461 3841 1307,
533 3766 608 3823 ut
675 3760 939 3823 omnino
1007 3758 1472 3842 dissiparentur
1539 3756 1761 3824 omnes
1830 3781 2119 3823 rumores
2183 3760 2293 3843 qui
2368 3761 2580 3843 sparsi*

261 3862 476 3936 erant,
533 3877 605 3919 ac
649 3856 700 3919 si
744 3854 1051 3919 Pontifex
1109 3855 1243 3939 regi
1293 3855 1625 3938 negotium
1672 3855 2180 3940 Templariorum
2240 3861 2305 3921 ct
2351 3878 2569 3921 eorum

259 3953 624 4037 captionem
680 3952 1118 4017 commisisset.
1224 3949 1563 4036 Significat
1623 3974 1848 4035 porro,
1905 3974 1973 4016 se
2033 3952 2339 4037 gaudere,
2402 3954 2567 4038 quod

259 4072 373 4115 rex
422 4050 554 4133 ipse
602 4050 760 4113 talia
814 4049 977 4113 falsa
1033 4070 1166 4112 esse
1220 4052 1528 4126 testetur,
1592 4047 1888 4132 quodque
1947 4055 2223 4132 asserat,
2277 4073 2345 4116 se
2390 4050 2570 4115 nullo

260 4146 451 4213 modo
507 4147 782 4212 voluisse
842 4144 1162 4210 Ecclesiae
1216 4146 1369 4229 jura
1425 4145 1698 4224 violare,
1756 4144 1865 4209 sed
1926 4146 2073 4210 fidei
2131 4148 2263 4212 zelo
2323 4151 2576 4211 motum

380 4257 643 4309 Jungmann,
669 4256 1026 4298 Dissertationes.
1079 4255 1202 4299 Tom.
1229 4256 1311 4296 VI.
2224 4254 2256 4303 7
