3281 5014
1010 415 1093 467 De
1130 415 1579 470 condemnatione
1615 415 1824 469 Hussii.
2471 418 2571 468 321

263 559 640 618 nascentem
724 555 1024 619 haeresin
1100 558 1554 640 opprimerent.
1689 556 1847 621 Inde
1920 557 2001 620 ab
2077 556 2187 621 illo
2264 562 2571 640 tempore,

257 651 556 733 quamvis
617 653 777 715 varii
836 676 912 717 ex
966 655 1334 736 proceribus
1394 653 1741 719 Wiclefum
1804 658 2256 737 protegerent,
2324 675 2571 736 proces-

259 769 371 810 sus
424 751 650 812 contra
707 750 914 832 ipsum
970 750 1177 814 habiti
1222 755 1406 827 sunt,
1468 754 1665 835 atque
1729 773 1898 815 anno
1945 752 2143 827 1381,
2207 772 2406 834 quum
2464 751 2574 815 do-

257 843 537 908 ctrinam
605 846 984 910 catholicam
1051 848 1127 910 de
1195 848 1599 911 sanctissima
1665 846 2072 911 Eucharistia
2144 847 2575 932 impugnaret,

262 962 530 1004 munere
586 942 962 1024 professoris
1024 944 1315 1026 privatus
1379 950 1496 1009 est.
1605 944 1834 1008 Altero
1890 966 2061 1008 anno
2132 945 2297 1008 1382
2368 944 2574 1007 arohi-

259 1037 592 1120 episcopus
651 1038 1134 1104 cantuariensis
1194 1040 1479 1104 Londini
1541 1063 1686 1105 oum
1747 1040 1889 1103 aliis
1950 1042 2263 1123 episcopis
2323 1042 2575 1104 multis·

257 1154 386 1217 que
435 1132 752 1218 theologis
793 1136 1111 1219 synodum
1157 1127 1524 1202 celebravit.
1616 1137 1693 1201 In
1751 1138 1972 1200 eadem
2017 1139 2253 1222 viginti
2299 1143 2578 1221 quatuor

261 1232 732 1314 propositiones
794 1255 871 1297 ex
935 1233 1191 1298 Wiclefi
1250 1234 1502 1317 scriptis
1565 1239 1933 1318 excerptae,
1994 1234 2338 1298 damnatae
2402 1239 2577 1305 sunt,

261 1327 429 1390 aliae
473 1331 547 1391 ut
608 1327 998 1406 haereticae,
1057 1330 1219 1395 aliae
1276 1336 1347 1395 ut
1403 1354 1710 1396 erroneae
1768 1336 1833 1395 et
1891 1331 2417 1395 determinationi
2464 1330 2580 1395 Ec·

256 1425 489 1488 clesiae
559 1427 939 1492 contrariae.
1065 1426 1279 1491 Etiam
1349 1428 1708 1493 Richardus
1778 1427 1864 1492 ΙΙ.
1935 1450 2078 1504 rex,
2157 1428 2575 1510 perversitate

255 1520 591 1585 doctrinae
641 1522 893 1586 Wiclefi
950 1523 1316 1601 intellecta,
1373 1530 1527 1590 tunc
1577 1528 1887 1590 auxilium
1945 1525 2187 1590 brachii
2233 1526 2577 1589 saecularis

257 1624 488 1683 contra
538 1618 790 1683 Wiclefi
849 1622 1122 1684 asseclas
1182 1623 1532 1703 praestitit.
1623 1624 1768 1706 Ipse
1813 1622 2059 1687 Wiclef
2104 1644 2172 1685 se
2218 1621 2457 1703 recepit
2509 1622 2579 1684 in

262 1715 630 1797 parochiam
699 1718 849 1781 olim
905 1717 1026 1780 sibi
1093 1719 1173 1781 ab
1232 1719 1379 1781 aula
1432 1722 1752 1784 collatam.
1863 1719 2105 1784 Eodem
2172 1741 2345 1783 anno
2411 1718 2578 1781 1382

258 1812 345 1876 ab
392 1810 661 1878 Urbano
694 1813 806 1879 VI.
865 1814 1138 1878 Romam
1189 1816 1451 1888 citatus,
1512 1817 1858 1880 accerrima
1907 1816 2179 1899 epistola
2228 1815 2579 1897 respondit,

257 1931 329 1972 se
379 1933 416 1973 a
463 1908 718 1974 Christo
763 1911 1084 1993 impediri3
1131 1912 1466 1976 laborabat
1513 1914 1748 1997 quippe
1795 1914 2162 1997 apoplexia,
2210 1935 2336 1997 qua
2383 1912 2578 1975 etiam

260 2028 321 2069 a.
375 2008 546 2072 1384
592 2012 885 2073 mortuus
934 2018 1051 2074 est.

439 2103 542 2168 43.
604 2103 868 2169 Errores
919 2105 1170 2170 Wiclefi
1226 2105 1613 2188 multiplices
1672 2109 1880 2169 erant.
1975 2105 2047 2167 Id
2103 2110 2363 2169 tantum
2418 2128 2577 2188 pau-

258 2204 351 2265 cis
417 2222 1010 2280 commemoremUS,
1085 2204 1161 2267 de
1235 2203 1370 2266 Deo
1437 2204 1643 2284 ipsum
1710 2225 1885 2267 more
1955 2202 2389 2285 pantheistico
2453 2202 2575 2265 dis-

258 2299 563 2379 seruisse3
629 2321 774 2362 eum
831 2300 1166 2376 statuisse,
1231 2302 1449 2364 omnia
1505 2301 1756 2364 evenire
1813 2321 1892 2362 ex
1955 2299 2341 2364 necessitate
2386 2298 2575 2361 abso-

260 2396 432 2470 ]uta3
491 2394 701 2459 Deum
756 2398 1139 2460 necessitare
1189 2398 1480 2481 singulas
1535 2401 1857 2460 creaturas
1914 2396 2158 2458 activas
2214 2395 2294 2458 ad
2355 2416 2578 2479 quem-

264 2493 422 2557 libet
453 2498 669 2557 actum
702 2515 952 2569 earum;
1003 2494 1551 2577 praedestinatum
1584 2517 1718 2558 non
1747 2514 1931 2576 posse
1960 2515 1994 2556 e
2025 2492 2238 2577 gratia
2269 2492 2577 2567 excidere,

264 2590 675 2673 reprobatum
723 2612 874 2655 vero
905 2614 1039 2655 non
1087 2613 1276 2674 posse
1320 2593 1391 2655 in
1425 2612 1502 2655 ea
1545 2594 1857 2674 perpetuo
1902 2611 2328 2672 perseverare.
2409 2589 2578 2653 Con-

261 2685 638 2768 fessionem,
692 2688 989 2764 docebat,
1041 2689 1289 2754 homini
1334 2710 1482 2752 vere
1530 2688 1814 2752 contrito
1863 2708 1995 2751 esse
2043 2686 2372 2762 inutilem,
2426 2686 2576 2749 sub-

258 2785 575 2848 stantiam
640 2784 821 2868 panis
885 2790 950 2849 et
1015 2786 1149 2849 vini
1215 2791 1364 2870 post
1430 2785 1975 2850 consecrationem
2042 2785 2106 2846 in
2175 2787 2578 2847 sacramento

193 2912 195 2915 ·
260 2880 486 2944 altaris
548 2903 913 2966 remanere3
985 2881 1313 2947 Christum
1380 2883 1729 2947 Dominum
1793 2903 1928 2945 non
1988 2902 2122 2944 esse
2186 2880 2449 2943 realiter
2509 2879 2577 2942 in

258 2999 339 3040 eo
402 2983 837 3060 praesentem;
911 2978 1146 3044 Missae
1214 2980 1595 3044 sacrificium
1664 3001 1798 3043 non
1868 3000 2002 3043 esse
2057 3000 2095 3040 a
2159 2974 2416 3042 Christo
2474 2977 2576 3040 in-

258 3073 590 3138 stitutum.
679 3112 753 3120 —
842 3075 1363 3141 perniciosissimi
1432 3080 1649 3140 autem
1727 3078 1917 3138 erant
1982 3095 2225 3138 errores
2295 3075 2433 3157 ejus
2501 3073 2578 3136 de

266 3170 551 3235 Ecclesia
611 3175 874 3257 ejusque
940 3172 1330 3252 hierarchia,
1399 3179 1595 3256 atque
1658 3172 1824 3236 istae
1889 3171 2215 3236 doctrinae
2282 3170 2577 3234 funestos

261 3269 541 3332 maxime
589 3290 662 3333 eo
712 3275 998 3352 tempore
1044 3271 1306 3334 effectus
1363 3271 1822 3354 produxerunt.
1920 3268 2404 3350 Presbyterum,
2463 3268 2576 3331 do-

263 3365 479 3441 cebat,
543 3371 656 3429 aut
714 3368 1074 3450 episcopum
1133 3371 1391 3450 peccato
1453 3367 1712 3431 mortali
1770 3365 2150 3440 obnoxium,
2205 3386 2340 3428 non
2396 3386 2576 3447 posse

266 3462 472 3526 valide
531 3463 886 3546 baptizare,
957 3486 1326 3528 consecrare
1389 3470 1502 3527 aut
1562 3463 1887 3544 ordinare;
1962 3460 2206 3544 Papam
2278 3462 2577 3525 vitiosum

262 3582 400 3623 non
468 3559 706 3624 habere
773 3566 1158 3644 potestatem
1226 3562 1295 3625 in
1358 3559 1794 3634 Christianos,
1872 3559 1994 3622 nisi
2067 3559 2236 3622 forte
2309 3559 2390 3620 ab
2458 3558 2575 3620 Im·

264 3661 560 3739 peratore
620 3658 742 3721 sibi
802 3657 1047 3731 datam:
1106 3665 1253 3740 post
1309 3661 1586 3722 mortem
1639 3655 1890 3720 Urbani
1928 3655 2043 3720 VI.
2101 3655 2353 3719 nullum
2402 3654 2578 3719 dein·

261 3775 414 3836 ceps
478 3752 717 3837 Papam
781 3775 915 3819 esse
975 3755 1436 3838 recipiendum,
1501 3753 1610 3817 sed
1673 3775 1851 3818 more
1910 3753 2295 3818 Graecorum
2355 3752 2576 3816 viven-

261 3850 417 3913 dum
482 3851 602 3914 sub
665 3851 934 3934 propriis
997 3852 1275 3936 legibus;
1340 3851 1726 3934 temporales
1793 3850 2161 3915 clericorum
2233 3851 2576 3933 possessio-

264 3968 383 4010 nes
453 3968 593 4011 esse
671 3948 1027 4012 contrarias
1097 3970 1311 4013 sacrae
1364 3946 1765 4031 Scripturae3
1842 3947 2134 4012 dominos
2194 3948 2577 4030 temporales

259 4043 518 4108 auferre
576 4067 759 4127 posse
819 4046 988 4108 bona
1047 4046 1485 4132 ecclesiasticis
1541 4043 1962 4109 habitualiter
2021 4044 2576 4127 delinquentibus;

262 4142 587 4224 praelatos
653 4163 782 4206 non
855 4164 1039 4225 posse
1115 4143 1477 4226 quempiam
1548 4143 2129 4218 excommunicare,
2206 4141 2332 4204 nisi
2404 4142 2578 4223 prius

674 4244 675 4247 ’
2265 4239 2366 4295 21*

2663 2115 2844 2156 Errores

2661 2178 2848 2219 wiclefi.
