3281 5014
1226 433 1443 488 Electio
1483 434 1688 488 Urbani
1725 434 1820 487 VI.
2573 440 2681 490 247

364 571 517 655 quid
588 571 798 636 dicitis
868 594 1009 649 vos,
1086 573 1364 640 Domine
1433 575 1979 642 Mediolanensis?
2073 575 2431 643 Videturne
2499 579 2678 643 vobis

365 667 574 744 bonus
620 668 800 752 Papa
843 668 1356 756 archiepiscopus
1400 672 1745 737 Barensis?
1788 672 2180 738 Affirmante
2210 673 2679 740 Mediolanensi

365 764 786 830 adverterunt
829 764 1200 832 Cardinales
1258 769 1369 853 qui
1420 771 1558 854 jam
1619 776 1817 833 antea
1871 770 1942 834 in
1987 769 2339 835 Barensem
2392 773 2680 837 animum

365 861 804 944 intenderant,
847 884 916 927 se
961 861 1298 929 habituros
1345 886 1480 930 esse
1527 888 1644 950 pro
1689 867 1827 949 ipso
1864 867 2288 932 sufficientem
2336 890 2678 933 numerum

363 959 836 1043 suffragiorum,
885 962 950 1023 et
992 958 1350 1026 Cardinalis
1389 962 1467 1026 de
1498 962 1817 1047 Agrifolio
1864 962 2029 1027 dixit
2074 965 2368 1048 reliquis:
2417 964 2683 1031 Domini

363 1054 694 1121 sedeamus
739 1076 980 1129 omnes,
1042 1058 1393 1142 statimque
1452 1080 1565 1141 pro
1623 1064 1800 1124 certo
1855 1059 2065 1137 credo,
2121 1059 2293 1144 quod
2347 1062 2417 1125 in
2469 1062 2678 1126 conti-

363 1151 548 1216 nenti
600 1152 913 1234 eligemus
962 1157 1031 1215 et
1077 1152 1454 1219 habebimus
1503 1154 1761 1239 Papam.
1857 1154 1945 1219 Et
1994 1160 2151 1221 tunc
2199 1156 2557 1222 Cardinalis
2600 1158 2680 1222 de

365 1246 620 1313 Ursinis
678 1270 817 1312 cum
879 1248 1300 1332 perpenderet
1354 1273 1466 1316 seu
1529 1252 1957 1335 praesentiret
2025 1254 2425 1319 concordiam
2497 1276 2677 1338 prae·

363 1344 677 1409 dictorum
745 1346 815 1409 in
879 1344 1119 1410 dictum
1191 1352 1330 1411 tum
1402 1347 1752 1414 Barensem
1826 1348 2389 1433 archiepiscopum,
2454 1352 2678 1417 volens

362 1442 702 1525 negotium
747 1441 955 1506 dictae
1001 1443 1335 1509 electionis
1381 1444 1666 1509 dividere
1713 1447 1814 1510 vel
1863 1445 2142 1522 differre,
2192 1449 2312 1524 vel,
2354 1453 2428 1512 ut
2475 1447 2677 1512 credi-

363 1544 491 1612 tur,
553 1538 879 1621 impedire,
938 1538 1102 1606 dixit
1164 1540 1322 1605 haec
1374 1542 1569 1605 verba
1629 1543 1698 1606 in
1765 1542 2025 1607 effectu:
2092 1543 2146 1607 O
2216 1544 2459 1608 domini
2531 1545 2675 1621 mei,

363 1634 747 1712 differamus,
802 1638 856 1701 si
901 1641 1132 1725 placet,
1188 1639 1376 1702 istam
1428 1638 1827 1718 electionem,
1881 1647 1956 1701 ut
2012 1639 2321 1721 possimus
2374 1640 2676 1705 deludere

359 1732 504 1797 illos
550 1732 797 1817 aliquos
830 1735 1179 1810 Romanos,
1225 1734 1335 1818 qui
1366 1734 1614 1799 vellent
1654 1733 1892 1798 habere
1940 1743 2006 1799 et
2052 1737 2382 1818 petierunt
2427 1736 2672 1820 Papam

363 1827 752 1910 Romanum,
807 1839 875 1897 et
930 1854 1227 1898 vocemus
1285 1830 1365 1895 ad
1425 1853 1543 1896 nos
1606 1853 1805 1895 unum
1867 1831 2133 1896 fratrem
2182 1830 2501 1901 Minorem
2550 1832 2679 1898 Ro-

362 1947 647 2003 manum,
695 1930 1099 2013 imponamus
1146 1928 1205 1992 ei
1251 1949 1516 2011 cappam
1565 1934 1631 1993 et
1678 1928 1958 2004 mitram,
2016 1928 2339 2012 fingentes
2370 1952 2513 1995 eum
2547 1931 2677 1994 ele-

361 2022 528 2105 gisse
574 2024 645 2089 in
691 2025 955 2109 Papam,
1012 2033 1080 2091 et
1125 2026 1218 2091 sic
1262 2023 1631 2089 recedemus
1680 2024 1757 2088 de
1801 2026 1940 2090 loco
1987 2026 2111 2091 isto
2159 2034 2225 2091 et
2271 2027 2675 2109 postmodum

362 2120 558 2184 alium
608 2121 979 2207 eligemus.“

541 2217 639 2281 13.
702 2218 890 2284 Hanc
950 2219 1452 2303 propositionem
1514 2216 1874 2283 Cardinalis
1937 2216 2193 2294 Ursini,
2264 2220 2375 2304 qui
2441 2220 2676 2284 dicitur
2699 2216 2993 2320 cffifflffitffffi

360 2312 494 2394 ipse
563 2315 864 2380 ambiisse
932 2317 1163 2381 tiaram
1190 2363 1206 2392 ,
1283 2336 1428 2379 cum
1497 2314 1948 2399 indignatione
2020 2316 2247 2399 rejecit
2317 2315 2675 2381 Cardinalis
2999 2310 3010 2320 ⁶

362 2407 867 2491 Lemovicensis,
937 2413 1308 2492 advertenS,
1371 2434 1436 2476 se
1501 2414 1687 2475 modo
1752 2433 1886 2476 non
1955 2418 2258 2476 curantes
2324 2413 2674 2495 petitiones

359 2507 577 2591 populi
627 2531 848 2574 verum
894 2509 1137 2594 Papam
1188 2509 1501 2573 electuros
1549 2530 1708 2575 esse.
1784 2507 1990 2584 Quum
2036 2511 2479 2576 consedissent
2524 2533 2673 2594 pro-

359 2605 573 2687 posuit
626 2604 986 2671 Cardinalis
1045 2605 1466 2671 Florentinus
1529 2607 1905 2671 electionem
1952 2606 2312 2671 Cardinalis
2359 2605 2423 2671 S.
2471 2606 2672 2685 Petri,

359 2701 468 2765 sed
529 2703 883 2768 noluerunt
940 2725 1088 2768 eum
1142 2704 1254 2767 alii
1312 2704 1550 2787 eligere
1615 2725 1691 2767 eo
1752 2702 1925 2786 quod
1982 2707 2156 2768 esset
2214 2701 2548 2768 Romanus
2608 2708 2675 2767 et

358 2820 558 2862 senex
590 2800 902 2866 infirmus.
980 2800 1110 2878 „Et
1136 2800 1205 2864 in
1239 2800 1604 2865 continenti
1655 2799 1827 2864 dicto
1872 2800 2414 2865 conclaviadhue
2459 2802 2674 2867 clauso

360 2902 429 2958 et
473 2895 729 2962 firmato
775 2896 1080 2982 undique,
1138 2901 1204 2961 et
1250 2898 1546 2961 omnibus
1595 2897 1708 2980 qui
1754 2904 1943 2961 erant
1987 2897 2058 2961 in
2103 2896 2275 2961 dicto
2320 2898 2561 2980 palatio
2608 2902 2675 2960 et

359 2994 526 3058 circa
586 2994 793 3077 ipsum
857 2995 1170 3077 palatium
1235 2994 1563 3058 silentium
1625 2993 2025 3071 tenentibus,
2089 3043 2105 3059 .
2165 3043 2181 3059 .
2244 3041 2260 3057 .
2317 2992 2676 3059 Cardinalis

361 3089 833 3154 Lemovicensis
881 3089 1621 3155 audientibusomnibus
1664 3090 1806 3154 aliis
1837 3095 1996 3153 tunc
2027 3088 2500 3168 Cardinalibus,
2549 3091 2675 3154 ele·

360 3188 460 3269 git
488 3188 850 3269 praefatum
885 3187 1236 3251 Dominum
1266 3192 1560 3251 nostrum
1592 3185 2165 3269 (archiepiscopum
2195 3186 2573 3266 Barensem)
2602 3189 2673 3251 in

358 3281 602 3365 Papam
636 3282 1008 3347 Romanum
1045 3282 1424 3348 Pontificem
1465 3281 1733 3346 dicendo
1772 3281 1932 3348 haec
1961 3283 2184 3348 verba:
2233 3282 2373 3368 Ego
2420 3306 2577 3367 pure
2607 3290 2673 3348 et
2721 3320 2780 3387 χ(

359 3381 559 3444 libere
587 3380 755 3464 eligo
788 3384 853 3444 et
897 3402 1081 3444 sumo
1120 3380 1190 3443 in
1223 3380 1461 3461 Papam
1500 3378 1830 3442 dominum
1862 3377 2433 3444 Bartholomaeum
2463 3380 2673 3445 archi-

359 3478 722 3561 episcopum
749 3475 1119 3560 Barensem,
1151 3481 1217 3541 et
1245 3475 1460 3539 animo
1489 3481 1556 3539 et
1582 3477 1921 3540 voluntate
1946 3476 2117 3560 quod
2142 3476 2229 3540 sit
2251 3497 2438 3541 verus
2466 3475 2669 3561 Papa;
2723 3496 2972 3549 Episcopus

360 3580 426 3638 et
455 3574 627 3639 illico
655 3574 795 3637 sine
827 3573 1135 3657 temporis
1166 3573 1512 3637 intervallo
1550 3571 1826 3655 praefati
1859 3572 1971 3636 alii
2007 3577 2164 3637 tunc
2196 3572 2568 3638 Cardinales
2598 3575 2669 3638 in
2749 3558 2952 3673 ῗῧὲῖζξζδ

357 3692 628 3736 numero
674 3670 1043 3745 sufficienti,
1092 3692 1165 3734 ac
1211 3671 1523 3734 facientes
1568 3669 1879 3752 majorem
1910 3675 2161 3752 partem
2205 3669 2476 3733 duarum
2523 3692 2670 3753 par-

359 3769 522 3832 tium
569 3767 856 3850 ipsorum
897 3766 1183 3830 omnium
1233 3772 1394 3831 tunc
1426 3764 1890 3848 cardinalium,
1938 3787 2096 3849 pure
2144 3772 2210 3830 et
2253 3765 2450 3830 libere
2497 3789 2672 3831 eum-

358 3865 502 3928 dem
529 3870 687 3928 tunc
715 3863 1061 3927 Barensem
1094 3862 1636 3945 archiepiscopum
1670 3861 1968 3927 similiter
1995 3863 2065 3925 in
2100 3862 2462 3927 Romanum
2496 3863 2673 3929 Pon-

358 3961 596 4025 tificem
657 3962 1024 4044 elegerunt3
1089 3965 1248 4025 tunc
1300 3959 1657 4025 Cardinalis
1718 3956 2153 4037 Florentinus,
2215 3960 2441 4024 videns
2501 3961 2670 4045 quod

359 4058 522 4122 duae
603 4060 817 4141 partes
906 4061 973 4121 et
1069 4057 1283 4140 plures
1367 4055 1607 4120 dictum
1692 4054 2235 4139 archiepiscopum
2318 4058 2671 4141 elegerant,

357 4154 511 4237 ipsis
580 4153 903 4230 adhaesit,
979 4159 1044 4217 et
1121 4154 1410 4218 eumdem
1484 4151 2024 4235 archiepiscopum
2105 4176 2261 4236 pure
2331 4158 2396 4218 et
2469 4154 2668 4218 libere
