3281 5014
798 432 881 486 De
919 430 1426 496 ReservationibuS‚
1464 430 1719 493 AnnatiS,
1756 429 2116 485 CommendiS.
2513 430 2616 481 229

299 576 401 639 vel
470 574 766 661 regibus,
851 578 924 637 ut
992 595 1067 637 ea
1132 573 1577 638 commendare
1646 572 1948 637 vellent.“
1975 569 2024 656 ¹)
2146 571 2352 648 Quum
2418 570 2619 655 igitur

299 693 400 736 res
469 672 562 735 ita
624 692 691 735 se
760 670 1027 736 haberet
1089 675 1155 734 et
1217 669 1550 754 dignitarii
1616 669 1896 753 separati
1962 673 2179 734 essent
2241 690 2279 731 a
2342 688 2617 732 commu·

300 768 509 832 nitate
584 768 912 851 religiosa,
982 770 1462 851 proventusque
1526 766 1842 830 haberent
1912 765 2294 839 uberrimoS,
2366 762 2618 828 facilius

296 864 552 940 accidit,
598 867 671 928 ut
717 867 981 946 propter
1019 863 1440 927 necessitates
1487 861 1809 927 Ecclesiae
1850 862 1953 926 vel
1996 862 2068 926 in
2114 861 2400 926 favorem
2445 860 2617 943 prin-

296 963 509 1045 cipum
578 960 790 1025 officia
846 957 961 1023 illa
1026 959 1661 1036 commendarentur,
1734 980 1809 1023 eo
1874 958 2047 1042 quod
2103 980 2205 1021 res
2267 979 2402 1021 non
2460 956 2617 1021 adeo

300 1057 660 1140 perniciosa
723 1060 1079 1140 appareret.
1196 1054 1438 1137 „Facili
1501 1078 1722 1140 pori-0,
1791 1056 1887 1119 ita
1948 1056 2185 1121 iteruin
2248 1054 2619 1119 Thomassi·

301 1174 451 1230 nus‘,
515 1155 884 1238 conjectura
942 1153 1366 1237 assequimur,
1429 1173 1508 1217 ex
1566 1151 1749 1218 Sedis
1806 1152 2171 1236 pontificiae
2217 1152 2614 1216 Avenionem

302 1250 737 1315 translatione
820 1250 1164 1315 scaturisse
1246 1249 1425 1314 illam
1507 1248 1992 1315 multitudinem
2080 1247 2616 1313 commendatum.

300 1345 437 1411 Nec
497 1346 668 1412 enim
736 1346 864 1410 nisi
934 1366 1128 1429 aegre
1197 1349 1498 1429 poterant
1558 1344 1912 1412 Pontifices
1980 1367 2113 1411 non
2183 1366 2499 1425 annuere,
2565 1344 2620 1408 si

297 1442 456 1527 quid
503 1446 804 1525 peterent
856 1442 953 1506 illi
1012 1442 1359 1526 principes,
1416 1465 1691 1527 quorum
1736 1444 1803 1507 in
1862 1443 2054 1508 terris
2099 1441 2618 1506 demorabantur.

301 1538 695 1604 Cardinales-
720 1543 939 1603 autem
988 1538 1083 1619 (et
1129 1539 1237 1603 alii
1280 1538 1600 1605 Ecclesiae
1647 1539 2010 1624 dignitarii)
2058 1538 2369 1622 quamdiu
2413 1536 2619 1602 Roma

298 1643 371 1699 et
429 1635 624 1700 Italia
688 1635 989 1712 aberant,
1060 1635 1255 1699 nullis
1309 1635 1461 1700 inde
1520 1634 1972 1719 proventibuS,
2044 1635 2240 1699 nullis
2303 1639 2619 1717 tempora·

302 1732 471 1796 libus
523 1730 822 1796 subsidiis
881 1730 1171 1809 allevati,
1221 1753 1352 1795 non
1404 1732 1667 1796 aliunde
1702 1731 1856 1801 ‚fere
1907 1736 2242 1816 poterant,
2302 1752 2493 1814 quam
2541 1754 2617 1796 ex

298 1827 679 1893 Gallicanae
740 1827 1042 1892 ecclesiae
1105 1827 1426 1893 beneficiis
1485 1834 1551 1893 et
1608 1828 1808 1893 vitam
1871 1832 1938 1893 et
1992 1828 2381 1913 dignitatem
2440 1849 2621 1893 suam

296 1929 692 1989 sustentare.
785 1923 866 1987 Ei
911 1923 1077 1987 cladi
1123 1925 1359 1989 mederi
1411 1927 1670 1990 voluere
1716 1924 2096 2003 PontificeS,
2151 1926 2247 1989 uti
2294 1926 2506 2008 patuit
2551 1925 2622 1988 in

306 2020 658 2085 Benedicto
703 2020 886 2102 ΧΠ.,
931 2020 1041 2084 sed
1081 2022 1330 2105 experti
1378 2022 1637 2087 tandem
1684 2022 1940 2105 ipsimet
1984 2026 2169 2101 sunt,
2215 2021 2421 2107 infligi
2468 2023 2622 2087 faci-

302 2118 429 2181 lius
474 2119 745 2182 vulnera
792 2139 983 2201 quam
1031 2118 1314 2184 sanari.“
1339 2115 1391 2201 2)

484 2268 588 2331 86.
645 2265 942 2330 Clemens
969 2266 1051 2331 V.
1107 2253 1299 2332 initio
1353 2269 1772 2353 pontificatus
1816 2267 1917 2333 sui
1969 2268 2190 2331 multis
2237 2267 2411 2331 dedit
2459 2290 2623 2332 com-
2688 2279 2923 2349 neemiam

304 2362 600 2441 mendaS,
637 2367 767 2431 sed
822 2365 1198 2454 gravissimo
1251 2366 1472 2429 morbo
1521 2371 1884 2447 correptum
1936 2364 2258 2446 poenituit
2303 2365 2485 2445 facti,
2545 2386 2622 2427 ex
2641 2339 2875 2382 mmmm
2895 2338 2956 2380 V'

303 2482 434 2546 quo
490 2483 606 2546 pro
667 2463 1006 2551 disciplina
1066 2461 1288 2548 gravia
1347 2461 1582 2526 damna
1647 2462 1986 2545 provenire
2052 2461 2625 2539 animadvertebat,

301 2579 380 2622 ac
438 2559 708 2624 sanitati
765 2564 1104 2628 restitutus
1165 2581 1313 2624 mox
1374 2581 1593 2624 omnes
1655 2558 2060 2623 commendas
2124 2559 2450 2623 revocavit
2511 2582 2628 2643 per

308 2655 715 2721 Decretalem
770 2657 886 2722 Ex
940 2675 1260 2738 supernae
1303 2653 1774 2737 providentiae.
1887 2654 2199 2720 Rationes
2258 2656 2492 2739 quibus
2549 2656 2628 2720 ad

302 2754 713 2818 commendas
745 2753 1182 2820 concedendas
1216 2751 1527 2817 adductus
1562 2753 1781 2830 fuerit,
1812 2751 2047 2815 ibidem
2081 2751 2343 2818 indicat.
2417 2751 2624 2828 Quum

300 2850 501 2914 simili
565 2850 751 2916 modo
808 2858 882 2916 ut
932 2852 1067 2934 ipse
1124 2850 1318 2914 etiam
1380 2850 1490 2913 alii
1546 2848 1871 2913 interdum
1923 2846 2269 2912 Pontifices
2327 2849 2405 2913 ad
2460 2850 2626 2914 idem

308 2947 466 3011 moti
530 2948 805 3023 fuerint,
874 2947 1036 3011 utile
1099 2948 1243 3011 erit,
1286 2968 1488 3030 pauca
1552 2967 1629 3009 ex
1690 2945 1817 3009 isto
1882 2944 2264 3009 documento
2325 2947 2628 3011 delibare.

311 3042 412 3108 Ab
475 3040 649 3125 ipsc,
705 3044 949 3128 inquit,
1016 3040 1229 3108 nostri
1286 3040 1725 3122 Pontificatus
1783 3037 2076 3118 exordiO,
2145 3039 2458 3122 antiquae
2517 3062 2628 3108 no-

307 3138 498 3205 titiae
547 3161 805 3223 reyum,
857 3139 1341 3222 praelatorum,
1404 3141 1789 3222 maynatum
1851 3138 1911 3199 et
1967 3134 2255 3200 aliarum
2312 3136 2629 3204 nobilium
2722 3136 2727 3141 ’

302 3257 740 3319 personarum
786 3234 1367 3301 ecclesiasticarum
1416 3237 1476 3298 et
1521 3230 1961 3298 saecularium
1995 3252 2304 3297 memores
2349 3232 2630 3300 existen-

313 3336 433 3412 teS,
512 3354 587 3398 ac
653 3334 947 3416 ipsorum
1022 3330 1383 3413 aliquibus,
1462 3335 1600 3395 tum
1672 3327 1830 3411 quia
1896 3327 1971 3392 in
2041 3327 2237 3392 terris
2303 3335 2633 3396 morantes

313 3449 536 3496 eorum
591 3430 873 3514 qradum
932 3427 1311 3512 hujusmodi
1359 3424 1794 3511 promotionis
1846 3423 2223 3502 habuimus,
2288 3430 2427 3491 tum
2474 3428 2633 3508 quia

308 3526 540 3591 solitae
611 3526 698 3591 ad
764 3547 866 3592 eos
942 3524 1274 3591 amicitiae
1344 3522 1733 3607 specialibus
1807 3519 2143 3604 affectibus
2216 3521 2629 3609 ducebamur,

306 3622 644 3704 aliquibus
710 3643 858 3688 vero
925 3643 1005 3687 eoe
1074 3625 1336 3688 assueta
1402 3620 1857 3686 Romanorum
1925 3615 2317 3698 Pontificum
2397 3617 2634 3685 libera-

307 3718 525 3797 litate,
584 3739 780 3800 quam
824 3718 899 3783 in
953 3717 1094 3784 suis
1139 3737 1430 3782 exercere
1486 3719 1643 3781 sunt
1697 3711 1876 3778 soliti
1933 3712 2362 3795 novitatibus,
2419 3715 2631 3782 volen-

313 3819 408 3879 tes
462 3814 730 3901 honoris
788 3818 849 3879 et
903 3812 1321 3879 liberalitatis
1380 3811 1731 3896 affluentia
1786 3808 2201 3891 complacere,
2266 3810 2353 3875 ad
2407 3832 2630 3878 eorum

307 3910 730 3994 importunas
791 3915 1007 3976 tamen
1065 3914 1126 3975 et
1187 3908 1659 3993 multiplicatas
1706 3926 1978 3991 precum
2045 3905 2406 3973 instantias
2469 3930 2631 3975 non-

497 4083 541 4230 23
576 4085 701 4218 {Theti
742 4092 798 4139 et
834 4101 957 4141 nov.
998 4085 1211 4153 discipl.
1249 4086 1313 4140 P.
1351 4084 1424 4138 II.
1462 4083 1522 4137 L.
1560 4083 1665 4136 III.
1704 4097 1749 4137 c.
1788 4080 1907 4134 XX.
1948 4099 1999 4135 n.
2037 4083 2121 4134 20.

646 4181 663 4217 1
704 4204 719 4219 .
