3281 5014
379 1669 407 1711 J
413 1669 489 1711 ulii
515 1670 576 1712 ΙΙ.

413 1731 542 1775 bella.

539 1787 611 1905 λ

643 416 750 467 450
1076 415 1326 469 XXXVI.
1364 415 1446 471 De
1486 420 1637 471 statu
1674 416 1955 472 Ecclesiae
1992 417 2153 471 initio
2190 432 2330 471 saec.
2366 416 2515 471 XVI.

644 560 918 620 mortem
970 556 1066 622 Pii
1112 556 1229 621 III.
1285 557 1523 622 habitis
1578 561 1767 623 tanto
1813 559 2029 623 studio
2084 559 2155 623 in
2215 580 2360 635 eum
2406 557 2677 635 Patrum
2735 562 2950 624 omnia

644 652 946 738 suffragia
1005 659 1161 718 sunt
1223 677 1563 732 conversa,
1625 659 1702 732 ut
1759 656 1964 737 prima
2010 655 2141 731 die,
2199 655 2334 720 fere
2391 661 2739 741 antequam
2787 656 2948 721 Con·

646 749 820 813 clave
865 751 1057 833 plene
1103 753 1424 815 occlusum
1474 756 1671 834 esset,
1715 749 2022 815 Pontifex
2070 751 2155 815 sit
2201 751 2455 817 electus.
2548 751 2752 818 Paulo
2799 758 2950 816 ante

646 845 1019 911 electionem
1067 847 1437 911 Cardinales
1484 847 1720 911 iterum
1765 848 2112 912 nonnullas
2157 849 2365 913 tulere
2406 849 2615 932 legeS,
2667 849 2747 913 ad
2792 871 2950 934 quas

646 943 1076 1008 observandas
1134 945 1555 1028 jurejurando
1615 966 1685 1009 se
1745 944 2253 1009 obstrinxerunt.
2346 945 2531 1009 Inter
2590 968 2696 1010 eas
2758 948 2950 1011 etiam

643 1038 798 1103 haec
842 1039 1316 1117 continebatur,
1363 1044 1437 1103 ut
1481 1041 1657 1105 intra
1696 1040 2026 1105 biennium
2072 1037 2426 1105 Concilium
2473 1043 2950 1106 oecumenicum

646 1136 1091 1200 celebraretur.
1192 1135 1401 1201 Julius
1446 1136 1527 1201 H.
1589 1138 1657 1201 in
1701 1135 2087 1212 ,Pontificem
2151 1138 2417 1215 electus,
2479 1139 2575 1202 uti
2635 1143 2946 1203 statutum

648 1236 816 1307 erat,
876 1233 1053 1316 leges
1115 1235 1272 1297 istas
1337 1255 1404 1298 se
1468 1233 1955 1298 observaturum
2017 1255 2152 1298 esse
2207 1236 2579 1318 juramento
2635 1235 2950 1318 promisit3

648 1350 787 1393 cum
835 1350 986 1395 vero
1043 1334 1264 1413 postea
1320 1336 1699 1415 conceptum
1761 1337 2233 1396 sacramentum
2291 1330 2371 1394 ad
2432 1332 2675 1396 exitum
2729 1332 2950 1415 perdu-

648 1446 788 1490 cere
846 1430 1288 1510 cunctaretur,
1346 1428 1496 1493 inde
1550 1427 1898 1492 conflatum
1952 1431 2052 1492 est
2106 1426 2378 1492 schisma
2435 1432 2499 1492 et
2556 1428 2729 1492 varia
2784 1430 2953 1493 mala

648 1527 988 1587 consecuta
1031 1527 1205 1590 sunt.

828 1673 929 1736 60.
993 1671 1231 1752 Julius,
1294 1673 1674 1756 pontificatu
1736 1673 2020 1749 firmatO,
2082 1693 2278 1755 quum
2342 1672 2549 1737 turbis
2605 1672 2798 1737 variis
2861 1678 2954 1738 to-

650 1773 784 1833 tam
833 1769 1323 1834 ecclesiasticam
1380 1768 1688 1834 ditionem
1744 1769 2219 1834 labefactatam
2255 1768 2642 1846 invenisset,
2693 1791 2826 1833 non
2871 1770 2954 1835 ad

646 1865 1083 1962 recuperanda
1142 1866 1345 1930 solum
1394 1888 1555 1950 quae
1616 1867 1848 1930 amissa
1895 1870 2112 1948 erant,
2171 1865 2282 1930 sed
2339 1866 2532 1929 etiam
2586 1867 2955 1949 amplianda

577 2034 580 2037 y
648 1983 930 2026 an1mum
994 1962 1247 2046 adjecit.
1342 1961 1479 2026 Nec
1538 1961 1885 2026 defuerunt
1943 1963 2227 2026 rationes
2278 1963 2524 2046 justae,
2589 1953 2954 2048 qmi

645 2059 857 2124 varias
926 2058 1243 2139 civitates·
1273 2058 1673 2135 detinerent,
1744 2057 2248 2123 feudatariorum
2317 2058 2529 2122 officia
2589 2060 2952 2143 multiplici-

647 2160 748 2220 ter
812 2157 1154 2236 violarent,
1222 2160 1288 2219 et
1343 2154 1674 2220 Pontificis
1727 2157 1881 2240 jura
1946 2160 2347 2238 spernerent.
2452 2153 2722 2240 Singula
2791 2178 2954 2241 quae

646 2253 767 2317 hac
832 2252 904 2316 in
972 2275 1039 2316 re
1103 2251 1313 2317 Julius
1378 2254 1658 2335 suscepit
1721 2251 1825 2316 hic
1886 2273 2185 2316 enarrare
2247 2274 2381 2316 non
2443 2256 2656 2327 vacat3
2729 2253 2955 2317 merito

649 2354 864 2414 autern
926 2349 1047 2413 hac
1108 2348 1185 2413 de
1249 2371 1316 2412 re
1381 2348 1734 2413 Panvinius
1775 2349 2042 2438 scribit:
2118 2348 2309 2427 „Fuit
2374 2347 2585 2414 Julius
2652 2348 2954 2414 Pontifex

651 2449 863 2512 animo
931 2468 1240 2531 magnus,
1316 2452 1647 2525 constans,
1726 2468 1936 2511 rerum
2012 2446 2586 2536 ecclesiasticarum
2661 2446 2953 2512 defensor

649 2544 1027 2621 acerrimus,
1097 2544 1629 2609 contumeliarum
1701 2544 1986 2609 insolens
2051 2548 2116 2608 et
2183 2543 2667 2608 contumacibus
2735 2545 2953 2627 impla-

650 2642 897 2719 cabilis,
959 2640 1026 2704 in
1086 2640 1559 2705 calamitatibus
1613 2662 1866 2725 semper
1920 2663 1988 2705 se
2046 2641 2183 2724 ipso
2245 2642 2448 2725 major
2507 2645 2574 2704 et
2629 2640 2952 2714 excelsior,

649 2739 892 2803 invicto
960 2737 1208 2816 anim0,
1275 2737 1465 2801 rebus
1534 2737 1853 2821 prosperis
1921 2737 2290 2812 continens,
2358 2737 2612 2821 ingenti
2678 2735 2953 2800 liberali-

650 2842 817 2919 tate3
882 2857 1089 2919 neque
1150 2836 1233 2898 ob
1293 2833 1450 2897 alias
1511 2855 1733 2898 causas
1793 2838 1893 2899 tot
1953 2834 2124 2897 bella
2183 2834 2411 2915 gessit,
2467 2855 2656 2918 quam
2721 2838 2794 2897 ut
2841 2833 2955 2904 im-

650 2933 896 3016 perium
956 2931 1447 2995 ecclesiasticum
1495 2953 1533 2995 a
1579 2931 1843 2996 diversis
1890 2933 2264 3013 occupatum
2314 2934 2742 3013 recuperaret.
2832 2928 2953 2991 Ec-

651 3030 879 3094 clesiae
939 3027 1295 3107 Romanae,
1363 3026 1698 3092 Bononiae
1764 3049 1904 3092 cum
1969 3026 2246 3091 Aemilia
2313 3031 2379 3092 et
2432 3025 2760 3089 ‘Flaminia
2816 3025 2954 3108 pul-

652 3126 736 3189 sis
799 3125 1099 3208 tyrannis
1162 3128 1230 3187 et
1273 3123 1570 3201 VenetiS,
1650 3123 2081 3188 firmissimum
2151 3124 2486 3206 imperium
2544 3123 2616 3186 *et
2680 3115 2954 3187 maxime

652 3222 881 3286 stabile
957 3222 1271 3299 restituit,
1346 3220 1693 3303 potiundae
1761 3218 2056 3284 Mutinae
2130 3220 2425 3285 ecclesiae
2501 3219 2687 3282 initia
2764 3217 2954 3293 dedit,

651 3317 980 3395 Parmam,
1044 3317 1442 3383 Placentiam
1507 3317 1735 3381 ditioni
1804 3317 2265 3381 ecclesiasticae
2330 3315 2583 3401 adjecit.
2683 3312 2952 3396 Suorum

651 3438 876 3499 parum
950 3416 1293 3501 indulgens
1366 3414 1456 3478 eis
1524 3414 1689 3477 nihil
1756 3413 1834 3476 de
1896 3419 2113 3478 vetere
2188 3413 2487 3477 ecclesiae
2557 3412 2786 3475 ditioni
2853 3409 2956 3474 do-

652 3514 861 3593 navit,
938 3514 1159 3578 fratris
1234 3511 1405 3575 enim
1479 3511 1686 3574 filium
1758 3508 2169 3575 Franciscum
2234 3509 2506 3573 Mariam
2578 3509 2646 3572 in
2723 3506 2954 3571 ducatu

653 3609 887 3675 Urbini
944 3634 982 3675 a
1033 3609 1397 3693 propinquo
1443 3629 1559 3671 suo
1606 3605 1903 3671 Gnidone
1952 3606 2193 3671 Feltrio
2249 3607 2388 3670 sine
2443 3606 2622 3688 prole
2675 3604 2957 3668 mascula

548 3753 556 3759 -
652 3706 995 3772 decedente
1069 3704 1356 3787 adoptari
1426 3708 1490 3768 et
1544 3702 1877 3768 haeredem
1938 3702 2241 3767 constitui
2299 3704 2780 3786 procuraverat,
2849 3697 2954 3762 Pi-

653 3826 933 3881 saurum,
982 3802 1237 3868 Joanne
1284 3799 1527 3867 Sfortia
1574 3802 1712 3865 sine
1758 3799 2026 3865 haerede
2079 3802 2358 3877 mortu0,
2406 3797 2608 3862 eidem
2655 3794 2955 3881 stipendii

653 3900 853 3964 debiti
898 3900 1161 3964 nomine
1198 3896 1629 3982 assignavit.¹)

836 4153 873 4219 1)
912 4152 1045 4205 vita
1085 4151 1219 4205 sulii
1256 4150 1327 4204 IL
