3281 5014
638 440 744 492 238
1143 439 1406 492 XXXIII.
1444 439 1527 494 De
1564 453 1765 506 magno
1803 437 2115 492 Occidentis
2155 438 2460 493 schismate.

822 579 1086 645 Consuli
1141 601 1328 663 porro
1385 586 1658 662 possunt
1703 579 2077 663 Raynaldus
2125 578 2418 644 Annales
2461 600 2518 643 a.
2568 579 2741 644 1378
2786 600 2945 661 399.,

644 677 802 761 Pagi
865 673 1294 741 Brevia-rium
1356 679 1687 759 yestoram
1755 674 2208 740 Romwnorum
2277 674 2670 756 Pontificum
2680 695 2705 755 ;
2775 676 2952 742 Chri·

644 773 875 857 stophe
895 821 910 848 ‚
998 770 1295 838 Histoire
1369 771 1445 837 de
1519 771 1588 836 la
1658 774 1950 855 papante
1998 780 2002 785 ’
2014 771 2310 853 pendant
2377 771 2434 836 le
2509 771 2692 837 XIV
2750 771 2952 851 siecle,

652 869 826 934 Tom.
865 867 1006 934 III.
1018 888 1044 948 ς
1087 868 1335 946 Hefele‚
1399 867 1598 934 Ueber
1640 867 1745 932 die
1789 866 2206 951 Entstehunq
2251 868 2366 934 der
2404 889 2674 951 qrossen
2720 868 2952 935 abend-

644 963 1022 1032 la‘ndischen
1069 964 1700 1048 Kirchenspaltuny,
1748 964 2062 1047 Beitrdye
2105 984 2230 1030 zur
2270 964 2356 1030 K.
2408 964 2484 1030 G.
2530 965 2588 1030 I.
2639 966 2773 1030 326
2801 986 2951 1048 399.,

643 1066 704 1127 et
752 1061 936 1128 Cone.
989 1060 1212 1127 Gesch.
1260 1061 1365 1127 VI.
1411 1064 1475 1145 ἕ.
1521 1062 1655 1127 712
1698 1082 1827 1144 399.
1846 1080 1873 1142 ,·
1933 1062 2278 1139 Reumont,
2332 1059 2553 1127 Gesch.
2602 1062 2717 1127 der
2760 1061 2953 1128 Stadt

642 1159 814 1226 Rom
862 1158 961 1223 II.
1012 1159 1185 1223 1005
1229 1179 1358 1241 399.
1371 1177 1396 1237 ,·
1442 1159 1667 1236 Balari,
1722 1157 1946 1224 Storia
1990 1157 2261 1223 d’Italia
2306 1158 2386 1224 L.
2418 1155 2753 1224 XXXIII
2787 1179 2956 1241 399.;

645 1256 856 1322 Bauer
902 1256 964 1321 S.
1014 1256 1075 1322 J.
1123 1255 1271 1321 Das
1310 1276 1531 1339 qrosse
1575 1253 1824 1320 abendl.
1872 1252 2186 1320 Schisma.
2262 1250 2612 1337 (Stimmen
2658 1280 2773 1322 aus
2821 1256 2955 1320 Ma-

646 1353 740 1416 ria
801 1352 1017 1418 Laach
1080 1352 1267 1421 1878.
1327 1354 1440 1437 1.);
1508 1353 2027 1436 Hergenriither‚
2085 1351 2171 1416 K.
2235 1351 2312 1416 G.
2379 1351 2447 1415 Τ.
2500 1350 2600 1416 ΙΙ.
2654 1351 2800 1417 Per.
2847 1351 2953 1422 VI.

646 1446 713 1514 G.
758 1447 814 1513 I.
859 1469 934 1528 e.,
1007 1449 1179 1514 Tom.
1226 1445 1367 1514 III.
1420 1470 1484 1531 p.
1536 1448 1673 1513 346
1723 1468 1855 1530 sqq.
1915 1448 2036 1529 (ed.
2095 1449 2208 1530 1.),
2271 1451 2378 1516 ubi
2446 1450 2602 1514 varii
2665 1457 2956 1516 auctores

641 1548 947 1612 citantur.
1037 1546 1169 1611 cfr.
1228 1547 1418 1612 etiam
1469 1545 1803 1611 Ohevalier
1840 1543 2519 1630 Bio·Biblioqraphie
2569 1547 2649 1611 ad
2694 1549 2957 1613 nomina

631 1644 967 1708 'variorum
1016 1643 1208 1727 hujus
1257 1643 1491 1707 aetatis
1539 1641 1944 1708 Pontificum.

1771 1954 1827 2023 Ι.

779 2101 909 2165 De
954 2099 1343 2163 electione
1398 2098 1723 2163 Urbani
1769 2098 1905 2163 VI.
1952 2104 2029 2164 et
2073 2105 2266 2164 ortu
2306 2099 2812 2165 schismatis.
2887 2112 2891 2115 ⁴

381 2265 554 2338 Elecpio
821 2255 884 2319 4.
932 2253 1307 2338 Antequam
1357 2253 1708 2337 Gregorius
1754 2251 1867 2319 XI.
1924 2260 2308 2330 moreretur,
2367 2256 2501 2338 ipse
2548 2256 2813 2330 timenS‚
2874 2277 2955 2319 ne

335 2328 607 2371 U‘bamw'
643 2356 789 2436 post
851 2350 1095 2416 obitum
1160 2352 1298 2436 ejus
1362 2351 1561 2415 dilata
1616 2349 1948 2415 Pontificis
2008 2352 2316 2416 electione
2375 2351 2746 2416 detrimenti
2807 2352 2958 2436 quid

644 2454 902 2534 caperet
961 2447 1273 2525 Ecclesia,
1335 2446 1817 2513 Constitutione
1873 2447 2045 2512 edita
2097 2445 2274 2515 XIV.
2335 2447 2467 2514 cal.
2519 2446 2725 2532 April.
2785 2470 2959 2514 anno

649 2546 818 2612 1378
876 2544 1205 2628 derogavit
1260 2566 1338 2608 ex
1396 2550 1581 2627 parte
1633 2546 1870 2609 severis
1928 2545 2198 2610 decretis
2245 2545 2838 2620 Praedecessorum,
2894 2551 2962 2611 et

647 2649 720 2707 ut
798 2642 1096 2725 expedite
1183 2641 1318 2704 fieri
1400 2650 1620 2724 posset
1705 2641 1932 2707 electio
2009 2642 2161 2706 novi
2242 2642 2573 2707 Pontificis
2654 2641 2960 2706 Cardina·

645 2740 816 2804 libus
872 2737 1262 2821 largissimas
1318 2759 1430 2820 pro
1487 2738 1617 2800 ista
1672 2738 1807 2801 vice
1860 2735 2036 2801 dedit
2091 2735 2530 2841 facultates.)
2606 2738 2959 2822 Praecipue

647 2838 711 2900 id
778 2836 1201 2900 constitutum
1264 2839 1393 2909 est,
1464 2838 1567 2910 ut,
1636 2834 1689 2897 si
1751 2839 1904 2898 ante
1964 2856 2245 2898 mensem
2301 2833 2737 2918 Septembrem
2797 2835 2959 2900 Gre-

463 2908 507 2971 >:
645 2932 861 3018 gorius
923 2930 1158 3006 obiret,
1222 2927 1596 2993 Cardinales
1654 2929 1894 2994 Romae
1957 2936 2321 3014 praesentes
2383 2953 2515 2996 non
2575 2936 2961 2996 tenerentur

648 3035 1016 3114 exspectare
1084 3025 1401 3110 reliqum,
1477 3027 1587 3093 sed
1656 3027 1826 3091 illico
1897 3032 1962 3092 et
2030 3027 2410 3113 ubicumque
2473 3029 2749 3106 vellent,
2818 3029 2959 3094 loco

648 3128 727 3193 ad
798 3125 1058 3209 majoris
1124 3123 1325 3207 partis
1395 3123 1732 3189 arbitrium
1802 3124 2181 3208 constitum,
2254 3125 2334 3189 ad
2400 3125 2547 3189 novi
2621 3123 2960 3189 Pontificis

835 3300 875 3364 1)
918 3298 1156 3366 „Narrat
1192 3298 1432 3352 Joannes
1470 3297 1766 3352 Gersonius
1811 3297 1870 3351 in
1905 3303 2149 3352 tractatu
2201 3299 2266 3352 de
2305 3298 2707 3353 examinatione
2754 3299 2959 3353 doctri·

650 3396 843 3435 narum
868 3379 931 3433 P.
960 3378 1034 3431 II.
1073 3377 1339 3433 consider.
1377 3379 1444 3442 3.,
1483 3377 1810 3446 Gregorium
1844 3378 1942 3433 XI.
1981 3378 2220 3444 positum
2257 3376 2314 3430 in
2352 3376 2630 3443 extremiS,
2666 3377 2959 3432 habentem

650 3460 708 3514 in
745 3457 994 3512 manibus
1033 3474 1249 3511 sacrum
1288 3456 1496 3510 Christi
1532 3472 1752 3523 corpus,
1800 3463 2168 3524 protestatum
2209 3471 2328 3511 esse
2365 3472 2542 3510 coram
2580 3456 2856 3520 omnibus,
2895 3460 2966 3510 nt¹

647 3542 897 3594 caverent
946 3537 1012 3591 ab
1066 3535 1370 3590 hominibus
1422 3534 1532 3589 sive
1586 3534 1725 3588 viris
1778 3534 1891 3589 sive
1951 3534 2268 3589 mulieribus
2317 3535 2413 3589 sub
2465 3534 2631 3605 specie
2683 3533 2961 3603 reliyionis

648 3617 981 3687 loquentibus
1032 3615 1266 3669 visiones
1315 3612 1405 3668 sui
1456 3614 1675 3682 capitis,
1744 3615 1874 3682 quia
1925 3632 2023 3684 per
2081 3615 2211 3669 tales
2258 3614 2370 3682 ipse
2422 3614 2678 3679 seductus,
2738 3614 2959 3670 dimisso

646 3714 871 3751 saonem
937 3694 1255 3749 rationabili
1314 3692 1535 3748 consilio
1548 3736 1561 3759 ,
1637 3710 1691 3747 se
1758 3698 2003 3749 traoeerat
2063 3699 2116 3748 et
2181 3694 2471 3748 Ecclesiam
2537 3694 2611 3747 ad
2672 3693 2958 3749 discrimen

642 3774 949 3831 schismatis
1001 3771 1358 3836 imminentis,
1415 3771 1527 3825 nisi
1578 3772 1884 3826 misericors
1929 3772 2244 3842 provideret
2293 3790 2521 3841 sponsus
2570 3772 2746 3827 Jesus.
2830 3772 2956 3839 Qui-

646 3856 745 3908 bus
802 3854 983 3909 verbis
1042 3851 1390 3922 generalibus
1455 3857 1675 3905 notatos
1739 3852 1911 3905 fuisse
1970 3868 2002 3906 a
2059 3852 2325 3920 Gregorio
2383 3853 2535 3919 Papa
2582 3851 2678 3907 XI.
2732 3852 2959 3907 Petrum

645 3933 1044 4002 Arragonicum
1066 3973 1079 3995 ‚
1144 3930 1444 3999 Brigittam
1503 3929 1778 3984 Suecicam
1802 3972 1815 3994 ‚
1876 3946 1941 3983 ac
1999 3930 2351 3984 Catharinam
2411 3931 2702 3986 Senensem
2761 3930 2960 3984 scribit

646 4012 964 4080 Spondanus
1020 4026 1160 4065 anno
1218 4012 1379 4074 1378,
1441 4008 1489 4077 ᾖ.
1545 4008 1627 4062 2.“
1724 4009 1813 4062 Ita
1866 4009 2122 4063 Balutius
2160 4010 2294 4063 Vita
2346 4009 2480 4077 Pap.
2538 4011 2709 4064 Aven.
2766 4009 2833 4064 T.
2881 4010 2956 4063 H.

644 4109 691 4146 c.
733 4094 886 4145 1224.
960 4092 1063 4145 Sed
1099 4087 1560 4143 narratiunculam
1605 4086 1769 4142 istam
1810 4087 2064 4142 Gersonii
2114 4088 2263 4143 nullo
2315 4088 2487 4143 solido
2537 4080 2813 4144 censemus
2851 4089 2959 4143 niti

642 4172 1015 4226 fundamento.
