3281 5014
321 2594 534 2636 Ludovici

600 459 706 510 396
878 456 1104 510 XXXV.
1144 458 1224 512 De
1262 456 1465 511 Concil.
1504 454 1814 509 Basileensi
1851 471 1915 508 ac
1952 457 2018 510 de
2059 455 2274 522 Synodo
2310 454 2644 509 Florentina.

779 601 881 664 68.
932 599 1283 663 Affirmant
1327 598 1584 682 quidem
1621 595 1934 661 Potterus
1968 601 2031 662 et
2061 596 2285 679 Janus,
2334 596 2730 661 Clementem
2768 595 2914 661 VII.

599 697 951 762 Beatorum
998 696 1271 760 honores
1320 694 1644 759 laudovico
1690 693 2077 775 (1001ον1000,
2126 694 2276 757 licet
2319 693 2428 756 ille
2473 693 2718 757 nullam
2769 714 2916 776 poe-

602 795 946 876 nitentiae,
1005 792 1250 857 nullam
1304 791 1748 874 displicentiae
1801 791 2339 874 significationem
2396 790 2792 854 exhibuisset
2837 789 2915 853 de

601 892 806 972 gestis
863 890 995 954 suis
1046 889 1480 954 schismaticis,
1584 887 1729 952 Jam
1788 892 1943 951 ante
1988 909 2093 951 eos
2150 887 2345 950 etiam
2385 885 2729 964 Bailletus,
2782 885 2916 950 Na-

599 988 751 1052 talis
828 987 1192 1051 Alexander
1270 986 1508 1070 aliique
1581 983 1901 1049 Gallicani
1969 987 2374 1067 negaverunt
2446 985 2915 1067 poenitentiam

605 1084 908 1148 Ludovici
963 1087 1030 1147 et
1087 1081 1590 1159 contenderunt,
1655 1082 1724 1145 in
1781 1103 1857 1144 ea
1903 1102 2047 1145 eum
2108 1081 2482 1145 defunctum
2536 1081 2737 1145 fuisse
2783 1081 2915 1162 opi-

604 1183 819 1264 nione,
868 1202 1060 1264 quam
1106 1183 1365 1243 secutus
1411 1179 1626 1242 fuerat
1674 1177 1942 1243 Concilii
1977 1175 2365 1242 Basileensis
2409 1182 2715 1260 tempore.
2793 1177 2914 1241 Fa-

603 1282 784 1342 tetur
831 1276 1087 1359 quidem
1133 1274 1524 1351 Alexander,
1574 1296 1693 1339 nec
1732 1276 1977 1357 justam
2023 1274 2223 1339 fuisse
2269 1274 2733 1356 depositionem
2781 1273 2917 1337 Eu-

602 1375 778 1459 genii
823 1372 935 1438 IV.
985 1394 1102 1436 nec
1146 1372 1520 1437 canonicam
1567 1372 1944 1435 electionem
1990 1370 2216 1436 Felicis
2247 1370 2361 1454 V.‚
2416 1371 2517 1434 vel
2560 1372 2650 1435 sic
2697 1377 2916 1434 tamen

603 1472 918 1548 affirmat,
975 1468 1410 1534 schismaticos
1457 1467 1713 1550 proprie
1760 1467 1962 1531 dictos
2017 1489 2150 1531 non
2192 1468 2385 1532 fuisse
2431 1463 2917 1548 BasileenseS.¹)

602 1567 786 1632 Bona
842 1565 965 1630 fide
1025 1587 1130 1630 eos
1188 1565 1388 1629 fuisse
1443 1568 1691 1641 censet,
1754 1568 1820 1628 et
1882 1563 2001 1628 hac
2058 1565 2329 1649 aliisque
2383 1565 2748 1629 rationibus
2810 1586 2915 1628 eos

601 1668 893 1736 excusat,
954 1669 1150 1746 atque
1206 1663 1495 1738 statuit,⁴
1532 1661 1887 1725 consultius
1945 1663 2142 1725 asseri
2199 1666 2267 1725 et
2323 1664 2568 1737 veriuS‚
2634 1661 2915 1725 Ludovi·

602 1783 745 1825 cum
793 1758 1200 1824 Cardinalem
1250 1759 1698 1822 Arelatensem
1757 1763 2085 1841 gestorum
2133 1758 2203 1821 in
2251 1757 2513 1841 Synodo
2557 1758 2915 1823 Basileensi

602 1879 736 1922 non
783 1856 1208 1940 poenituisse,
1268 1856 1422 1939 quia
1469 1854 1632 1919 nihil
1690 1876 1759 1918 00
1810 1854 2012 1940 egisse
2067 1855 2532 1939 poenitendum
2579 1877 2916 1939 persuasus

603 1957 763 2019 erat.
840 1988 919 1997 —
989 1950 1112 2016 Sed
1177 1951 1297 2015 hae
1362 1950 1616 2016 Natalis
1686 1951 2061 2016 Alexander
2125 1954 2488 2016 sententiae
2557 1956 2728 2016 certe
2794 1952 2914 2016 sibi

603 2072 736 2114 non
784 2052 1106 2112 constant.
1212 2047 1490 2112 Dubium
1539 2069 1673 2113 non
1722 2053 1848 2126 est,
1906 2046 2313 2113 Basileenses
2360 2048 2558 2113 fuisse
2612 2054 2756 2132 post
2802 2049 2911 2112 de·

603 2145 987 2230 positionem
1037 2143 1313 2228 Eugenii
1359 2143 1477 2208 IV.
1526 2150 1589 2207 et
1637 2143 2013 2210 electionem
2061 2143 2290 2209 Felicis
2322 2143 2400 2210 V.
2459 2138 2913 2220 schismaticos,

604 2242 698 2308 Ut
744 2244 909 2306 tales
958 2242 1040 2306 ab
1086 2240 1379 2325 Eugenio
1422 2240 1538 2306 IV.
1585 2240 1654 2305 in
1703 2240 1988 2306 Concilio
2036 2240 2429 2321 Ferrariensi
2478 2240 2914 2326 (Florentino)

604 2340 896 2405 damnati
948 2339 1235 2404 fuerunt.
1324 2337 1462 2402 Nec
1518 2338 1869 2402 universim
1921 2338 2122 2402 statui
2168 2342 2410 2421 potest,
2469 2361 2575 2403 000
2630 2340 2699 2403 111
2745 2339 2918 2402 bona

602 2436 727 2501 fide
770 2436 986 2502 fuisse.

784 2586 888 2648 69.
955 2584 1054 2648 De
1111 2583 1434 2647 Ludovico
1494 2582 1865 2648 Arelatensi
1926 2589 2143 2647 autem
2206 2587 2389 2647 caute
2447 2588 2511 2648 et
2565 2583 2918 2667 prudenter

455 2668 494 2697 ἃ·
603 2682 920 2764 disceptat
981 2678 1256 2762 Stilting
1311 2680 1381 2742 in
1444 2677 1924 2744 Commentario
1980 2680 2236 2762 praevio
2297 2680 2377 2743 ad
2437 2681 2574 2764 ejus
2636 2678 2917 2763 vitam.²)

604 2779 925 2855 Advertit,
973 2778 1180 2861 specie
1225 2776 1375 2839 boni
1410 2775 1750 2859 deceptum
1796 2781 1862 2840 et
1907 2779 2041 2840 zelo
2084 2776 2285 2841 nimio
2331 2776 2668 2859 abreptum
2720 2777 2914 2840 fuisse

602 2874 799 2938 videri
849 2873 1263 2937 Ludovicum.
1368 2870 1446 2934 Ei
1502 2894 1878 2955 persuasum
1937 2872 2160 2953 fuisse,
2212 2877 2594 2955 potestatem
2646 2872 2914 2937 Concilii

602 2970 921 3055 generalis
975 2972 1284 3053 majorem
1343 2990 1479 3032 esse
1534 2973 1856 3051 potestate
1910 2969 2140 3032 summi
2195 2967 2557 3046 Pontificis,
2615 2991 2687 3034 ac
2741 2969 2914 3033 Pon-

601 3070 835 3133 tificem
883 3068 1113 3131 debere
1145 3064 1434 3129 Concilio
1480 3087 1724 3148 parere,
1771 3087 1904 3130 non
1935 3062 2290 3130 Concilium
2321 3067 2638 3133 Pontifici.
2706 3066 2913 3142 Quum

602 3186 790 3249 porro
855 3162 1219 3227 Ludovicus
1290 3162 1565 3226 scientia
1632 3162 1998 3245 theologica
2072 3163 2287 3226 minus
2358 3163 2641 3228 imbutus
2715 3162 2914 3227 fuisse

600 3260 925 3342 videatur,
994 3275 1184 3342 quam
1246 3258 1521 3322 lectione
1584 3259 1933 3323 multorum
1996 3259 2336 3343 librorum,
2410 3267 2485 3323 ut
2543 3259 2733 3325 facile
2788 3259 2913 3323 col·

600 3358 716 3441 ligi
760 3359 975 3439 potest
1033 3375 1113 3418 ex
1166 3354 1244 3418 iis
1300 3376 1465 3438 quae
1511 3355 1704 3419 variis
1752 3356 1994 3419 vicibus
2040 3356 2418 3440 disputavit,
2480 3355 2636 3421 adeo
2681 3358 2749 3421 in
2799 3377 2915 3420 sua

600 3454 904 3537 opinione
962 3473 1032 3515 se
1093 3451 1570 3528 obfirmaverat,
1643 3456 1716 3515 ut
1767 3473 1886 3516 nec
1946 3453 2228 3516 rationes
2288 3457 2515 3518 contra
2572 3454 2914 3537 disputan-

602 3551 761 3615 tium
809 3549 966 3612 satis
1019 3547 1385 3631 intelligere
1440 3548 1754 3630 potuerit,
1813 3570 1932 3612 nec
1987 3550 2362 3626 adverterit,
2423 3555 2674 3614 coetum
2731 3550 2912 3613 illum

603 3646 1101 3723 Basileensium,
1173 3644 1429 3728 quando
1490 3644 1624 3727 ipse
1693 3645 2128 3727 praesidebat,
2200 3668 2330 3710 non
2396 3668 2578 3731 posse
2643 3646 2913 3729 amplius

605 3742 825 3807 haberi
881 3765 998 3827 pro
1045 3741 1330 3806 Concilio
1385 3741 1694 3825 generali.
1785 3740 2038 3807 Tantae
2084 3744 2247 3821 viro,
2306 3744 2576 3807 nimium
2625 3766 2741 3827 pro
2795 3765 2913 3807 sua

602 3839 904 3922 opinione
949 3838 1222 3921 fervid0‚
1278 3842 1456 3902 ortae
1498 3846 1686 3902 erant
1730 3839 2057 3903 tenebrae.
2105 3875 2191 3885 —-
2240 3839 2530 3918 „Vellem
2579 3861 2765 3919 sane,
2821 3840 2916 3905 ait

784 4109 824 4176 ¹)
862 4110 929 4163 V.
967 4109 1037 4162 H.
1074 4108 1138 4163 E.
1176 4108 1232 4161 in
1271 4123 1410 4162 0000.
1448 4107 1566 4161 XV.
1605 4108 1840 4163 Dissert.
1867 4108 2026 4163 VIII.
2062 4110 2182 4165 Art.
2222 4115 2269 4164 7.

781 4189 822 4257 ²)
862 4189 974 4243 Cfr.
1011 4191 1156 4243 Acta
1195 4188 1514 4241 Sanctorum
1552 4188 1588 4241 l.
1628 4204 1673 4243 c.
