3281 5014
602 409 671 461 30
1178 406 1349 461 XXX.
1388 407 1472 461 De
1508 405 1840 460 Pontificatu
1878 405 2142 461 Bonifatii
2165 407 2319 461 VIII.

598 549 776 613 salva
830 549 922 612 rei
975 548 1368 626 substantia,
1423 549 1738 631 quaedam
1794 569 1874 611 ex
1927 549 2007 613 iis
2061 572 2224 634 quae
2278 556 2604 616 statuerat
2650 553 2910 636 mitiga·

598 648 721 717 ret,
769 649 836 708 et
882 645 1132 709 animos
1166 643 1518 722 Gallorum,
1565 647 1679 729 qui
1719 644 1796 708 de
1828 643 2112 710 Ecclesia
2157 647 2397 730 optime
2440 649 2655 712 meriti
2700 657 2906 725 erant,

597 741 707 804 sed
752 741 829 804 de
874 763 991 805 sua
1037 763 1111 806 ac
1156 741 1233 805 de
1280 741 1528 824 patriae
1551 739 2059 826 independentia
2103 749 2169 808 et
2200 742 2444 809 honore
2488 744 2682 809 nimis
2729 746 2910 810 anxii

599 841 667 900 et
709 837 988 914 solliciti,
1035 838 1245 902 verbis
1290 842 1356 902 et
1402 838 1589 902 factis
1637 838 1892 904 leniret.

1691 1166 1826 1235 III.

685 1294 818 1359 De
863 1294 1218 1359 dissidio
1262 1312 1457 1360 cum
1506 1294 2219 1375 (Idumaea-sibus,
2266 1299 2367 1361 de
2414 1295 2805 1364 Jubilaeo

1177 1392 1540 1471 aliisque
1585 1392 2017 1473 Bonifatae'a:
2060 1393 2329 1474 quesn-9.
2354 1394 2418 1469 m

293 1556 547 1628 Colqmnen-
775 1548 876 1611 31.
933 1545 1028 1612 Ut
1072 1545 1150 1611 de
1194 1545 1505 1612 Bonifatii
1537 1545 1727 1612 VIII.
1788 1553 1976 1612 causa
2033 1568 2310 1631 aequum
2368 1547 2538 1612 ferre
2592 1550 2911 1632 possimus

330 1632 509 1724 ffla.
590 1645 935 1731 judicium,
987 1645 1127 1729 jam
1184 1644 1293 1708 alii
1348 1647 1618 1709 eventus
1675 1644 2002 1727 praecipui
2053 1645 2192 1729 ejus
2246 1644 2663 1727 pontificatus
2724 1647 2909 1712 nobis

596 1746 755 1808 sunt
808 1740 1269 1807 considerandi.
1362 1740 1583 1824 Atque
1642 1741 1952 1823 imprimis
2006 1762 2274 1825 agamus
2327 1741 2404 1805 de
2451 1742 2716 1826 negotio
2757 1763 2907 1826 gra-

594 1839 854 1904 vissimo
913 1837 1086 1922 quod
1140 1836 1508 1902 Bonifatius
1567 1858 1714 1900 cum
1760 1835 2301 1902 Columnensibus
2362 1836 2618 1915 habuit,
2680 1861 2755 1903 eo
2793 1839 2909 1917 ,vel

595 1936 829 2021 magis,
886 1935 1037 2020 quia
1083 1935 1278 1999 etiam
1323 1933 1475 1997 inde
1531 1934 1878 1998 adversarii
1921 1934 2256 1999 Pontificis
2299 1934 2696 2000 occasionem
2740 1958 2909 2000 sum·

595 2037 892 2116 pserunt,
957 2038 1032 2097 ut
1075 2031 1271 2096 variis
1328 2053 1475 2096 eum
1529 2035 1824 2115 peterent
1873 2030 2405 2096 accusationibus.
2501 2030 2663 2096 Erat
2708 2032 2910 2117 igitur

595 2130 1123 2195 Columnensium
1176 2126 1421 2192 familia
1473 2128 1648 2191 inter
1703 2125 2028 2191 Romanas
2082 2127 2562 2210 potentissima,
2624 2128 2909 2212 duosque

594 2222 1064 2310 hbff“tcmpore
1125 2214 1407 2290 habebat
1464 2222 1863 2303 Cardinales‚
1926 2222 2235 2313 ,Iacobum
2304 2228 2372 2287 et
2434 2223 2700 2290 Petrum
2769 2227 2909 2308 ejus

595 2328 914 2408 nepotem.
1004 2321 1203 2387 Initio
1260 2320 1516 2405 quidem
1566 2319 2025 2385 Columnenses
2075 2314 2686 2386 sese'ostenderunt
2729 2321 2909 2386 addi-

595 2427 731 2488 ctos
776 2419 1102 2500 Pontifici3
1156 2417 1268 2484 sed
1312 2438 1461 2481 mox
1517 2438 1716 2502 grave
1774 2421 2070 2481 exortum
2116 2425 2213 2482 cst
2263 2416 2613 2483 dissidium.
2708 2417 2914 2483 Causa
3015 2466 3020 2470 -

597 2525 808 2586 autem
865 2517 1025 2582 haec
1082 2517 1236 2581 fuit:
1297 2513 1364 2577 1⁰
1408 2512 1809 2591 Matthaeus,
1868 2513 2026 2579 Otto
2082 2519 2146 2580 et
2194 2513 2617 2597 Landulphus
2666 2514 2742 2579 de
2790 2515 2912 2581 Co·-

599 2620 819 2683 lumna
863 2614 1033 2700 apud
1076 2611 1480 2678 Bonifatium
1520 2612 1763 2695 Papam
1809 2612 2141 2694 conquesti
2187 2616 2364 2688 sunt,
2412 2612 2582 2696 quod
2627 2634 2665 2675 a
2710 2611 2912 2677 fratre
3005 2694 3010 2697 ἤ

305 2725 552 2797 Οτῑβῌῐε-
600 2736 719 2780 suo
773 2712 1017 2778 Jacobo
1064 2708 1392 2776 Cardinali
1441 2707 1698 2792 juribus
1763 2709 2080 2792 terrisque
2143 2708 2427 2774 familiae
2481 2708 2756 2772 fuissent
2809 2730 2910 2773 or-

360 2785 473 2828 ⁸¹d¹¹'
598 2812 755 2896 bati,
798 2809 1131 2892 illiusque,
1188 2810 1267 2869 ut
1325 2827 1400 2870 ea
1446 2805 1568 2870 sibi
1620 2806 2155 2888 restituerentur,
2208 2806 2659 2870 auctoritatem
2711 2805 2911 2869 inter-

596 2908 940 2992 pellarunt.
1031 2902 1400 2967 Bonifatius
1432 2900 1616 2967 VHI.
1672 2901 1929 2967 illorum
1987 2900 2570 2984 interpellationem
2616 2902 2914 2985 suscepit,

595 3009 664 3070 et
708 3025 938 3069 causae
983 3023 1206 3065 eorum
1247 2999 1692 3082 patrocinatus
1739 3002 1857 3065 est.
1948 2997 2089 3062 Hoc
2127 2998 2485 3081 aegerrime
2533 2997 2750 3061 ferens
2795 2996 2911 3062 Ja-

595 3102 789 3167 cobus
835 3098 1195 3165 Cardinalis
1249 3095 1549 3161 Pontifici
1603 3094 1927 3159 adversari
1973 3094 2212 3178 coepit,
2269 3098 2334 3158 et
2380 3099 2676 3177 nepotem
2723 3114 2934 3176 suum*

596 3197 865 3263 Petrum
920 3195 1165 3279 pariter
1213 3192 1617 3258 Cardinalem
1675 3192 1963 3275 aliosque
2019 3190 2092 3255 in
2151 3212 2298 3255 suas
2355 3195 2573 3274 partes
2621 3189 2909 3256 attraxit.

773 3343 846 3410 2⁰
911 3344 1253 3409 Praeterea
1316 3340 1689 3407 cardinales
1750 3339 2241 3417 Columnenses,
2315 3337 2589 3404 Jacobus
2663 3345 2727 3403 et
2789 3338 2910 3402 Pe-

595 3453 757 3529 trus,
803 3443 1076 3507 multum
1112 3438 1350 3503 addicti
1381 3442 1568 3502 erant
1615 3429 2014 3521 principibus
2046 3435 2475 3520 Arragoniae,
2518 3434 2690 3499 unde
2721 3455 2909 3499 eous-

596 3564 721 3628 que
766 3538 1087 3625 progressi
1131 3541 1307 3613 sunt,
1353 3539 1430 3599 ut
1475 3555 1620 3599 cum
1664 3533 1908 3599 Jacobo
1955 3532 2037 3597 H.
2084 3536 2153 3596 et
2196 3531 2343 3595 dein
2391 3552 2534 3595 cum
2568 3529 2910 3606 FridericO,

597 3640 704 3725 qui
762 3635 1270 3702 dominationem
1314 3632 1384 3695 in
1437 3630 1721 3696 Siciliam
1770 3629 2093 3694 Ecclesiae
2147 3627 2407 3692 feudum
2465 3631 2907 3710 usurpaverat,

597 3734 947 3800 amicitiam
1008 3732 1326 3807 colerent,
1396 3749 1743 3811 eorumque
1811 3745 2139 3811 perversos
2201 3727 2473 3788 conatus
2535 3743 2909 3806 promovere

597 3831 955 3898 studerent.
1066 3826 1335 3894 Paratos
1396 3848 1463 3891 se
1520 3823 1973 3900 ostenderunt,
2036 3825 2111 3885 ut
2155 3819 2549 3885 Fridericum
2600 3820 2911 3903 juvarent

598 3929 687 3995 ad·
723 3928 865 3995 loca
907 3925 1221 4011 quaedam
1262 3923 1519 3988 munita
1563 3920 1828 3985 ditionis
1879 3916 2257 3983 Pontificiae
2302 3914 2689 3998 occupanda.
2701 3910 2753 3996 ι)

781 4154 820 4219 ¹)
859 4153 971 4208 Cfr.
1008 4152 1309 4213 Wiseman,
1346 4149 1585 4203 Defense
1623 4147 1689 4201 de
1727 4145 1910 4199 divers
1946 4142 2133 4210 points
2171 4148 2275 4195 etc.
2312 4139 2349 4194 1.
2389 4156 2433 4194 c.
