<?xml version="1.0" encoding="UTF-8"?>
<!DOCTYPE html PUBLIC "-//W3C//DTD XHTML 1.0 Transitional//EN"
    "http://www.w3.org/TR/xhtml1/DTD/xhtml1-transitional.dtd">
<html xmlns="http://www.w3.org/1999/xhtml" xml:lang="en" lang="en">
 <head>
  <title>
</title>
<meta http-equiv="Content-Type" content="text/html;charset=utf-8" />
  <meta name='ocr-system' content='tesseract 3.04.00' />
  <meta name='ocr-capabilities' content='ocr_page ocr_carea ocr_par ocr_line ocrx_word'/>
</head>
<body>
  <div class='ocr_page' id='page_1' title='image "./dissertationess05junggoog_0079.png"; bbox 0 0 3281 5014; ppageno 0'>
   <div class='ocr_carea' id='block_1_1' title="bbox 936 452 2672 521">
    <p class='ocr_par' dir='ltr' id='par_1_1' title="bbox 936 452 2672 521">
     <span class='ocr_line' id='line_1_1' title="bbox 936 452 2672 521; baseline 0.003 -15"><span class='ocrx_word' id='word_1_1' title='bbox 936 453 1019 508; x_wconf 92' lang='lat' dir='ltr'>De</span> <span class='ocrx_word' id='word_1_2' title='bbox 1051 466 1310 521; x_wconf 86' lang='lat' dir='ltr'>processu</span> <span class='ocrx_word' id='word_1_3' title='bbox 1349 456 1542 506; x_wconf 88' lang='lat' dir='ltr'>contra</span> <span class='ocrx_word' id='word_1_4' title='bbox 1575 452 1914 509; x_wconf 78' lang='lat' dir='ltr'><strong>Bonifatium</strong></span> <span class='ocrx_word' id='word_1_5' title='bbox 1942 455 2095 510; x_wconf 83' lang='lat' dir='ltr'><strong>VIII.</strong></span> <span class='ocrx_word' id='word_1_6' title='bbox 2603 461 2672 512; x_wconf 82' lang='lat'>73</span> 
     </span>
    </p>
   </div>
   <div class='ocr_carea' id='block_1_2' title="bbox 348 593 2672 3001">
    <p class='ocr_par' dir='ltr' id='par_1_2' title="bbox 348 593 2672 3001">
     <span class='ocr_line' id='line_1_2' title="bbox 354 593 2671 684; baseline 0.003 -26"><span class='ocrx_word' id='word_1_7' title='bbox 354 615 574 678; x_wconf 88' lang='lat' dir='ltr'>regem</span> <span class='ocrx_word' id='word_1_8' title='bbox 634 594 808 658; x_wconf 88' lang='lat' dir='ltr'>bona</span> <span class='ocrx_word' id='word_1_9' title='bbox 867 593 991 657; x_wconf 86' lang='lat' dir='ltr'>fide</span> <span class='ocrx_word' id='word_1_10' title='bbox 1049 595 1116 658; x_wconf 92' lang='lat' dir='ltr'>in</span> <span class='ocrx_word' id='word_1_11' title='bbox 1164 615 1356 660; x_wconf 85' lang='lat' dir='ltr'>causa</span> <span class='ocrx_word' id='word_1_12' title='bbox 1406 594 1534 658; x_wconf 88' lang='lat' dir='ltr'>ista</span> <span class='ocrx_word' id='word_1_13' title='bbox 1588 595 1792 679; x_wconf 81' lang='lat' dir='ltr'><strong>egisse</strong></span> <span class='ocrx_word' id='word_1_14' title='bbox 1811 645 1827 674; x_wconf 89' lang='lat'>,</span> <span class='ocrx_word' id='word_1_15' title='bbox 1890 601 1959 662; x_wconf 90' lang='lat' dir='ltr'>et</span> <span class='ocrx_word' id='word_1_16' title='bbox 2010 599 2146 663; x_wconf 85' lang='lat' dir='ltr'>zelo</span> <span class='ocrx_word' id='word_1_17' title='bbox 2201 600 2479 684; x_wconf 90' lang='lat' dir='ltr'>quodam</span> <span class='ocrx_word' id='word_1_18' title='bbox 2532 600 2671 664; x_wconf 52' lang='lat' dir='ltr'>lauf·</span> 
     </span>
     <span class='ocr_line' id='line_1_3' title="bbox 353 689 2669 779; baseline 0.003 -25"><span class='ocrx_word' id='word_1_19' title='bbox 353 689 574 754; x_wconf 84' lang='lat' dir='ltr'>dabili.</span> <span class='ocrx_word' id='word_1_20' title='bbox 666 690 840 755; x_wconf 90' lang='lat' dir='ltr'>Hinc</span> <span class='ocrx_word' id='word_1_21' title='bbox 886 691 1163 774; x_wconf 85' lang='lat' dir='ltr'>jubente</span> <span class='ocrx_word' id='word_1_22' title='bbox 1212 689 1544 755; x_wconf 74' lang='lat' dir='ltr'>Clemente</span> <span class='ocrx_word' id='word_1_23' title='bbox 1596 690 2026 776; x_wconf 77' lang='lat' dir='ltr'>depositiones</span> <span class='ocrx_word' id='word_1_24' title='bbox 2074 717 2113 758; x_wconf 90' lang='lat' dir='ltr'>a</span> <span class='ocrx_word' id='word_1_25' title='bbox 2159 695 2446 779; x_wconf 86' lang='lat' dir='ltr'>pluribus</span> <span class='ocrx_word' id='word_1_26' title='bbox 2490 717 2669 779; x_wconf 86' lang='lat' dir='ltr'>prae-</span> 
     </span>
     <span class='ocr_line' id='line_1_4' title="bbox 354 786 2672 876; baseline 0.003 -26"><span class='ocrx_word' id='word_1_27' title='bbox 354 787 507 852; x_wconf 87' lang='lat' dir='ltr'>latis</span> <span class='ocrx_word' id='word_1_28' title='bbox 574 791 643 852; x_wconf 90' lang='lat' dir='ltr'>et</span> <span class='ocrx_word' id='word_1_29' title='bbox 709 786 1158 853; x_wconf 89' lang='lat' dir='ltr'>Cardinalibus</span> <span class='ocrx_word' id='word_1_30' title='bbox 1220 788 1434 852; x_wconf 85' lang='lat' dir='ltr'>factae</span> <span class='ocrx_word' id='word_1_31' title='bbox 1497 791 1684 866; x_wconf 89' lang='lat' dir='ltr'>sunt,</span> <span class='ocrx_word' id='word_1_32' title='bbox 1759 795 1833 853; x_wconf 91' lang='lat' dir='ltr'>ut</span> <span class='ocrx_word' id='word_1_33' title='bbox 1898 792 2253 874; x_wconf 87' lang='lat' dir='ltr'>aperirent,</span> <span class='ocrx_word' id='word_1_34' title='bbox 2329 791 2484 876; x_wconf 88' lang='lat' dir='ltr'>quid</span> <span class='ocrx_word' id='word_1_35' title='bbox 2551 792 2672 859; x_wconf 89' lang='lat' dir='ltr'>hac</span> 
     </span>
     <span class='ocr_line' id='line_1_5' title="bbox 352 881 2671 967; baseline 0.003 -21"><span class='ocrx_word' id='word_1_36' title='bbox 352 881 565 948; x_wconf 66' lang='lat' dir='ltr'>deire</span> <span class='ocrx_word' id='word_1_37' title='bbox 637 884 790 967; x_wconf 87' lang='lat' dir='ltr'>ipsis</span> <span class='ocrx_word' id='word_1_38' title='bbox 861 887 1092 948; x_wconf 91' lang='lat' dir='ltr'>notum</span> <span class='ocrx_word' id='word_1_39' title='bbox 1158 888 1346 948; x_wconf 86' lang='lat' dir='ltr'>esset.</span> <span class='ocrx_word' id='word_1_40' title='bbox 1460 883 1601 949; x_wconf 91' lang='lat' dir='ltr'>Hac</span> <span class='ocrx_word' id='word_1_41' title='bbox 1667 885 1921 950; x_wconf 88' lang='lat' dir='ltr'>ratione</span> <span class='ocrx_word' id='word_1_42' title='bbox 1995 887 2300 953; x_wconf 74' lang='lat' dir='ltr'>Pontifex</span> <span class='ocrx_word' id='word_1_43' title='bbox 2373 910 2450 952; x_wconf 89' lang='lat' dir='ltr'>ex</span> <span class='ocrx_word' id='word_1_44' title='bbox 2514 889 2671 954; x_wconf 88' lang='lat' dir='ltr'>sole·</span> 
     </span>
     <span class='ocr_line' id='line_1_6' title="bbox 355 980 2670 1064; baseline 0.003 -20"><span class='ocrx_word' id='word_1_45' title='bbox 355 980 492 1044; x_wconf 84' lang='lat' dir='ltr'>mni</span> <span class='ocrx_word' id='word_1_46' title='bbox 561 980 918 1045; x_wconf 78' lang='lat' dir='ltr'>assertione</span> <span class='ocrx_word' id='word_1_47' title='bbox 988 980 1161 1063; x_wconf 83' lang='lat' dir='ltr'>regis</span> <span class='ocrx_word' id='word_1_48' title='bbox 1230 985 1296 1045; x_wconf 86' lang='lat' dir='ltr'>et</span> <span class='ocrx_word' id='word_1_49' title='bbox 1353 980 1755 1064; x_wconf 77' lang='lat' dir='ltr'>depositione</span> <span class='ocrx_word' id='word_1_50' title='bbox 1818 982 2073 1048; x_wconf 90' lang='lat' dir='ltr'>illorum</span> <span class='ocrx_word' id='word_1_51' title='bbox 2135 984 2462 1051; x_wconf 89' lang='lat' dir='ltr'>sufficiens</span> <span class='ocrx_word' id='word_1_52' title='bbox 2520 985 2670 1050; x_wconf 88' lang='lat' dir='ltr'>fun-</span> 
     </span>
     <span class='ocr_line' id='line_1_7' title="bbox 351 1076 2671 1165; baseline 0.003 -26"><span class='ocrx_word' id='word_1_53' title='bbox 351 1076 729 1141; x_wconf 87' lang='lat' dir='ltr'>damentum</span> <span class='ocrx_word' id='word_1_54' title='bbox 777 1099 892 1161; x_wconf 92' lang='lat' dir='ltr'>pro</span> <span class='ocrx_word' id='word_1_55' title='bbox 945 1077 1062 1142; x_wconf 87' lang='lat' dir='ltr'>tali</span> <span class='ocrx_word' id='word_1_56' title='bbox 1123 1076 1554 1142; x_wconf 81' lang='lat' dir='ltr'>declaratione</span> <span class='ocrx_word' id='word_1_57' title='bbox 1599 1077 1837 1143; x_wconf 86' lang='lat' dir='ltr'>habere</span> <span class='ocrx_word' id='word_1_58' title='bbox 1896 1084 2181 1165; x_wconf 84' lang='lat' dir='ltr'>poterat3</span> <span class='ocrx_word' id='word_1_59' title='bbox 2240 1081 2439 1164; x_wconf 89' lang='lat' dir='ltr'>ipsius</span> <span class='ocrx_word' id='word_1_60' title='bbox 2499 1082 2671 1146; x_wconf 89' lang='lat' dir='ltr'>enim</span> 
     </span>
     <span class='ocr_line' id='line_1_8' title="bbox 354 1173 2670 1260; baseline 0.003 -24"><span class='ocrx_word' id='word_1_61' title='bbox 354 1194 487 1237; x_wconf 91' lang='lat' dir='ltr'>non</span> <span class='ocrx_word' id='word_1_62' title='bbox 557 1177 729 1251; x_wconf 89' lang='lat' dir='ltr'>erat,</span> <span class='ocrx_word' id='word_1_63' title='bbox 796 1173 966 1259; x_wconf 88' lang='lat' dir='ltr'>regis</span> <span class='ocrx_word' id='word_1_64' title='bbox 1031 1173 1486 1239; x_wconf 81' lang='lat' dir='ltr'>conscientiam</span> <span class='ocrx_word' id='word_1_65' title='bbox 1550 1175 1818 1239; x_wconf 86' lang='lat' dir='ltr'>ulterius</span> <span class='ocrx_word' id='word_1_66' title='bbox 1887 1178 2295 1260; x_wconf 87' lang='lat' dir='ltr'>perscrutari.</span> <span class='ocrx_word' id='word_1_67' title='bbox 2410 1176 2508 1242; x_wconf 86' lang='lat' dir='ltr'>Ac</span> <span class='ocrx_word' id='word_1_68' title='bbox 2574 1200 2670 1243; x_wconf 90' lang='lat' dir='ltr'>re·</span> 
     </span>
     <span class='ocr_line' id='line_1_9' title="bbox 354 1270 2672 1354; baseline 0.002 -20"><span class='ocrx_word' id='word_1_69' title='bbox 354 1291 508 1334; x_wconf 84' lang='lat' dir='ltr'>vera</span> <span class='ocrx_word' id='word_1_70' title='bbox 567 1270 1029 1335; x_wconf 84' lang='lat' dir='ltr'>assertionibus</span> <span class='ocrx_word' id='word_1_71' title='bbox 1089 1271 1217 1335; x_wconf 89' lang='lat' dir='ltr'>illis</span> <span class='ocrx_word' id='word_1_72' title='bbox 1272 1274 1338 1335; x_wconf 98' lang='lat' dir='ltr'>et</span> <span class='ocrx_word' id='word_1_73' title='bbox 1390 1270 1897 1354; x_wconf 88' lang='lat' dir='ltr'>depositionibus</span> <span class='ocrx_word' id='word_1_74' title='bbox 1954 1273 2161 1351; x_wconf 91' lang='lat' dir='ltr'>nisus,</span> <span class='ocrx_word' id='word_1_75' title='bbox 2225 1272 2524 1338; x_wconf 89' lang='lat' dir='ltr'>Clemens</span> <span class='ocrx_word' id='word_1_76' title='bbox 2569 1274 2672 1338; x_wconf 88' lang='lat' dir='ltr'>die</span> 
     </span>
     <span class='ocr_line' id='line_1_10' title="bbox 352 1363 2669 1454; baseline 0.002 -24"><span class='ocrx_word' id='word_1_77' title='bbox 352 1363 474 1430; x_wconf 82' lang='lat'>27⁰</span> <span class='ocrx_word' id='word_1_78' title='bbox 535 1366 778 1451; x_wconf 86' lang='lat' dir='ltr'>Aprilis</span> <span class='ocrx_word' id='word_1_79' title='bbox 847 1366 1011 1432; x_wconf 88' lang='lat'>1311</span> <span class='ocrx_word' id='word_1_80' title='bbox 1080 1366 1460 1442; x_wconf 82' lang='lat' dir='ltr'>declaravit,</span> <span class='ocrx_word' id='word_1_81' title='bbox 1525 1366 1891 1452; x_wconf 87' lang='lat' dir='ltr'>Philippum</span> <span class='ocrx_word' id='word_1_82' title='bbox 1954 1374 2482 1454; x_wconf 87' lang='lat' dir='ltr'>accusatoresque</span> <span class='ocrx_word' id='word_1_83' title='bbox 2545 1369 2669 1434; x_wconf 90' lang='lat' dir='ltr'>Bo-</span> 
     </span>
     <span class='ocr_line' id='line_1_11' title="bbox 353 1463 2669 1550; baseline 0.001 -22"><span class='ocrx_word' id='word_1_84' title='bbox 353 1463 575 1528; x_wconf 88' lang='lat' dir='ltr'>nifatii</span> <span class='ocrx_word' id='word_1_85' title='bbox 644 1463 815 1527; x_wconf 89' lang='lat' dir='ltr'>bona</span> <span class='ocrx_word' id='word_1_86' title='bbox 875 1463 999 1527; x_wconf 87' lang='lat' dir='ltr'>fide</span> <span class='ocrx_word' id='word_1_87' title='bbox 1069 1464 1296 1547; x_wconf 86' lang='lat' dir='ltr'>egisse.</span> <span class='ocrx_word' id='word_1_88' title='bbox 1363 1501 1442 1509; x_wconf 93' lang='lat'>—-</span> <span class='ocrx_word' id='word_1_89' title='bbox 1521 1464 1624 1528; x_wconf 83' lang='lat' dir='ltr'>Ex</span> <span class='ocrx_word' id='word_1_90' title='bbox 1695 1465 1923 1529; x_wconf 89' lang='lat' dir='ltr'>iisdem</span> <span class='ocrx_word' id='word_1_91' title='bbox 1991 1488 2182 1550; x_wconf 92' lang='lat' dir='ltr'>porro</span> <span class='ocrx_word' id='word_1_92' title='bbox 2251 1466 2669 1550; x_wconf 89' lang='lat' dir='ltr'>depositioni-</span> 
     </span>
     <span class='ocr_line' id='line_1_12' title="bbox 353 1560 2671 1645; baseline 0.002 -22"><span class='ocrx_word' id='word_1_93' title='bbox 353 1561 474 1624; x_wconf 88' lang='lat' dir='ltr'>bus</span> <span class='ocrx_word' id='word_1_94' title='bbox 533 1560 888 1644; x_wconf 84' lang='lat' dir='ltr'>colligitur,</span> <span class='ocrx_word' id='word_1_95' title='bbox 959 1560 1155 1624; x_wconf 85' lang='lat' dir='ltr'>etiam</span> <span class='ocrx_word' id='word_1_96' title='bbox 1225 1561 1477 1645; x_wconf 90' lang='lat' dir='ltr'>aliquos</span> <span class='ocrx_word' id='word_1_97' title='bbox 1547 1560 1922 1626; x_wconf 86' lang='lat' dir='ltr'>Cardinales</span> <span class='ocrx_word' id='word_1_98' title='bbox 1983 1563 2183 1627; x_wconf 89' lang='lat' dir='ltr'>malos</span> <span class='ocrx_word' id='word_1_99' title='bbox 2247 1584 2532 1627; x_wconf 89' lang='lat' dir='ltr'>rumores</span> <span class='ocrx_word' id='word_1_100' title='bbox 2594 1564 2671 1628; x_wconf 89' lang='lat' dir='ltr'>de</span> 
     </span>
     <span class='ocr_line' id='line_1_13' title="bbox 354 1655 2671 1743; baseline 0.002 -23"><span class='ocrx_word' id='word_1_101' title='bbox 354 1656 688 1721; x_wconf 85' lang='lat' dir='ltr'>Bonifatio</span> <span class='ocrx_word' id='word_1_102' title='bbox 749 1656 828 1720; x_wconf 90' lang='lat' dir='ltr'>ad</span> <span class='ocrx_word' id='word_1_103' title='bbox 889 1655 1256 1741; x_wconf 87' lang='lat' dir='ltr'>Philippum</span> <span class='ocrx_word' id='word_1_104' title='bbox 1317 1658 1650 1735; x_wconf 88' lang='lat' dir='ltr'>detulisse,</span> <span class='ocrx_word' id='word_1_105' title='bbox 1717 1679 1992 1743; x_wconf 90' lang='lat' dir='ltr'>eumque</span> <span class='ocrx_word' id='word_1_106' title='bbox 2051 1659 2391 1738; x_wconf 82' lang='lat' dir='ltr'>excitasse,</span> <span class='ocrx_word' id='word_1_107' title='bbox 2458 1663 2534 1723; x_wconf 89' lang='lat' dir='ltr'>ut</span> <span class='ocrx_word' id='word_1_108' title='bbox 2593 1659 2671 1724; x_wconf 86' lang='lat' dir='ltr'>de</span> 
     </span>
     <span class='ocr_line' id='line_1_14' title="bbox 353 1752 2670 1837; baseline 0.001 -19"><span class='ocrx_word' id='word_1_109' title='bbox 353 1753 641 1819; x_wconf 84' lang='lat' dir='ltr'>Ecclesia</span> <span class='ocrx_word' id='word_1_110' title='bbox 678 1753 971 1837; x_wconf 83' lang='lat' dir='ltr'>juvanda</span> <span class='ocrx_word' id='word_1_111' title='bbox 1015 1753 1348 1837; x_wconf 85' lang='lat' dir='ltr'>cogitaret.</span> <span class='ocrx_word' id='word_1_112' title='bbox 1428 1752 1534 1818; x_wconf 84' lang='lat' dir='ltr'>Sic</span> <span class='ocrx_word' id='word_1_113' title='bbox 1580 1752 1939 1819; x_wconf 88' lang='lat' dir='ltr'>Cardinalis</span> <span class='ocrx_word' id='word_1_114' title='bbox 1975 1753 2280 1820; x_wconf 90' lang='lat' dir='ltr'>Nicolaus</span> <span class='ocrx_word' id='word_1_115' title='bbox 2323 1755 2402 1820; x_wconf 92' lang='lat' dir='ltr'>de</span> <span class='ocrx_word' id='word_1_116' title='bbox 2446 1755 2509 1821; x_wconf 83' lang='lat' dir='ltr'>S.</span> <span class='ocrx_word' id='word_1_117' title='bbox 2545 1756 2670 1821; x_wconf 87' lang='lat' dir='ltr'>Eu-</span> 
     </span>
     <span class='ocr_line' id='line_1_15' title="bbox 352 1849 2667 1934; baseline 0.001 -19"><span class='ocrx_word' id='word_1_118' title='bbox 352 1850 560 1927; x_wconf 86' lang='lat' dir='ltr'>sebi0,</span> <span class='ocrx_word' id='word_1_119' title='bbox 635 1853 829 1913; x_wconf 89' lang='lat' dir='ltr'>antea</span> <span class='ocrx_word' id='word_1_120' title='bbox 890 1849 1170 1933; x_wconf 89' lang='lat' dir='ltr'>Philippi</span> <span class='ocrx_word' id='word_1_121' title='bbox 1228 1849 1399 1934; x_wconf 89' lang='lat' dir='ltr'>regis</span> <span class='ocrx_word' id='word_1_122' title='bbox 1467 1852 1920 1930; x_wconf 87' lang='lat' dir='ltr'>confessarius,</span> <span class='ocrx_word' id='word_1_123' title='bbox 1985 1856 2051 1916; x_wconf 92' lang='lat' dir='ltr'>et</span> <span class='ocrx_word' id='word_1_124' title='bbox 2118 1874 2155 1916; x_wconf 90' lang='lat' dir='ltr'>a</span> <span class='ocrx_word' id='word_1_125' title='bbox 2212 1852 2543 1917; x_wconf 84' lang='lat' dir='ltr'>Clemente</span> <span class='ocrx_word' id='word_1_126' title='bbox 2585 1852 2667 1917; x_wconf 84' lang='lat' dir='ltr'>V.</span> 
     </span>
     <span class='ocr_line' id='line_1_16' title="bbox 351 1945 2670 2030; baseline 0.001 -19"><span class='ocrx_word' id='word_1_127' title='bbox 351 1947 436 2011; x_wconf 92' lang='lat' dir='ltr'>ad</span> <span class='ocrx_word' id='word_1_128' title='bbox 510 1945 894 2030; x_wconf 89' lang='lat' dir='ltr'>dignitatem</span> <span class='ocrx_word' id='word_1_129' title='bbox 967 1945 1325 2011; x_wconf 89' lang='lat' dir='ltr'>Cardinalis</span> <span class='ocrx_word' id='word_1_130' title='bbox 1403 1952 1695 2025; x_wconf 86' lang='lat' dir='ltr'>evectus,</span> <span class='ocrx_word' id='word_1_131' title='bbox 1770 1947 2089 2026; x_wconf 77' lang='lat' dir='ltr'>declarat,</span> <span class='ocrx_word' id='word_1_132' title='bbox 2166 1950 2419 2014; x_wconf 86' lang='lat' dir='ltr'>venisse</span> <span class='ocrx_word' id='word_1_133' title='bbox 2495 1973 2670 2014; x_wconf 89' lang='lat' dir='ltr'>anno</span> 
     </span>
     <span class='ocr_line' id='line_1_17' title="bbox 358 2042 2672 2111; baseline 0.001 -3"><span class='ocrx_word' id='word_1_134' title='bbox 358 2043 527 2108; x_wconf 84' lang='lat'>1297</span> <span class='ocrx_word' id='word_1_135' title='bbox 604 2042 759 2108; x_wconf 91' lang='lat' dir='ltr'>duos</span> <span class='ocrx_word' id='word_1_136' title='bbox 843 2042 972 2108; x_wconf 90' lang='grc' dir='ltr'>ΡΡ.</span> <span class='ocrx_word' id='word_1_137' title='bbox 1053 2043 1511 2110; x_wconf 88' lang='lat' dir='ltr'>Dominicanos</span> <span class='ocrx_word' id='word_1_138' title='bbox 1596 2045 1817 2110; x_wconf 88' lang='lat' dir='ltr'>missos</span> <span class='ocrx_word' id='word_1_139' title='bbox 1904 2068 1941 2109; x_wconf 90' lang='lat' dir='ltr'>a</span> <span class='ocrx_word' id='word_1_140' title='bbox 2025 2044 2474 2111; x_wconf 90' lang='lat' dir='ltr'>Cardinalibus</span> <span class='ocrx_word' id='word_1_141' title='bbox 2550 2046 2672 2111; x_wconf 92' lang='lat' dir='ltr'>Co·</span> 
     </span>
     <span class='ocr_line' id='line_1_18' title="bbox 353 2140 2670 2227; baseline 0.001 -23"><span class='ocrx_word' id='word_1_142' title='bbox 353 2140 828 2216; x_wconf 88' lang='lat' dir='ltr'>lumnensibus‚</span> <span class='ocrx_word' id='word_1_143' title='bbox 893 2140 1239 2205; x_wconf 89' lang='lat' dir='ltr'>afferentes</span> <span class='ocrx_word' id='word_1_144' title='bbox 1298 2142 1578 2219; x_wconf 82' lang='lat' dir='ltr'>litteras,</span> <span class='ocrx_word' id='word_1_145' title='bbox 1645 2143 1877 2227; x_wconf 90' lang='lat' dir='ltr'>quibus</span> <span class='ocrx_word' id='word_1_146' title='bbox 1934 2141 2303 2208; x_wconf 85' lang='lat' dir='ltr'>Bonifatius</span> <span class='ocrx_word' id='word_1_147' title='bbox 2350 2142 2532 2210; x_wconf 91' lang='lat' dir='ltr'><strong>VIII.</strong></span> <span class='ocrx_word' id='word_1_148' title='bbox 2595 2152 2670 2208; x_wconf 90' lang='lat' dir='ltr'>ut</span> 
     </span>
     <span class='ocr_line' id='line_1_19' title="bbox 353 2236 2671 2322; baseline 0.001 -21"><span class='ocrx_word' id='word_1_149' title='bbox 353 2238 642 2302; x_wconf 86' lang='lat' dir='ltr'>intrusus</span> <span class='ocrx_word' id='word_1_150' title='bbox 709 2243 775 2301; x_wconf 91' lang='lat' dir='ltr'>et</span> <span class='ocrx_word' id='word_1_151' title='bbox 845 2236 1208 2302; x_wconf 89' lang='lat' dir='ltr'>haereticus</span> <span class='ocrx_word' id='word_1_152' title='bbox 1277 2240 1717 2303; x_wconf 86' lang='lat' dir='ltr'>accusabatur.</span> <span class='ocrx_word' id='word_1_153' title='bbox 1832 2238 2043 2303; x_wconf 87' lang='lat' dir='ltr'>Etiam</span> <span class='ocrx_word' id='word_1_154' title='bbox 2119 2261 2234 2322; x_wconf 90' lang='lat' dir='ltr'>per</span> <span class='ocrx_word' id='word_1_155' title='bbox 2300 2239 2459 2304; x_wconf 88' lang='lat' dir='ltr'>alios</span> <span class='ocrx_word' id='word_1_156' title='bbox 2526 2242 2671 2306; x_wconf 90' lang='lat' dir='ltr'>illas</span> 
     </span>
     <span class='ocr_line' id='line_1_20' title="bbox 352 2334 2669 2422; baseline 0.001 -24"><span class='ocrx_word' id='word_1_157' title='bbox 352 2334 798 2400; x_wconf 86' lang='lat' dir='ltr'>accusationes</span> <span class='ocrx_word' id='word_1_158' title='bbox 872 2340 939 2397; x_wconf 92' lang='lat' dir='ltr'>et</span> <span class='ocrx_word' id='word_1_159' title='bbox 1004 2356 1293 2398; x_wconf 91' lang='lat' dir='ltr'>rumores</span> <span class='ocrx_word' id='word_1_160' title='bbox 1368 2335 1446 2398; x_wconf 88' lang='lat' dir='ltr'>ad</span> <span class='ocrx_word' id='word_1_161' title='bbox 1513 2335 1883 2419; x_wconf 88' lang='lat' dir='ltr'>Philippum</span> <span class='ocrx_word' id='word_1_162' title='bbox 1959 2337 2361 2419; x_wconf 80' lang='lat' dir='ltr'>pervenisse3</span> <span class='ocrx_word' id='word_1_163' title='bbox 2442 2336 2669 2422; x_wconf 89' lang='lat' dir='ltr'>hisque</span> 
     </span>
     <span class='ocr_line' id='line_1_21' title="bbox 349 2429 2668 2520; baseline 0.002 -26"><span class='ocrx_word' id='word_1_164' title='bbox 349 2452 501 2495; x_wconf 90' lang='lat' dir='ltr'>eum</span> <span class='ocrx_word' id='word_1_165' title='bbox 572 2432 766 2496; x_wconf 88' lang='lat' dir='ltr'>fuisse</span> <span class='ocrx_word' id='word_1_166' title='bbox 843 2436 1254 2495; x_wconf 89' lang='lat' dir='ltr'>commotum.</span> <span class='ocrx_word' id='word_1_167' title='bbox 1373 2429 1666 2517; x_wconf 88' lang='lat' dir='ltr'>Napoleo</span> <span class='ocrx_word' id='word_1_168' title='bbox 1732 2431 2087 2496; x_wconf 88' lang='lat' dir='ltr'>Cardinalis</span> <span class='ocrx_word' id='word_1_169' title='bbox 2166 2431 2383 2496; x_wconf 84' lang='lat' dir='ltr'>Orsini</span> <span class='ocrx_word' id='word_1_170' title='bbox 2464 2433 2668 2520; x_wconf 86' lang='lat' dir='ltr'>decla-</span> 
     </span>
     <span class='ocr_line' id='line_1_22' title="bbox 351 2527 2668 2611; baseline 0.002 -19"><span class='ocrx_word' id='word_1_171' title='bbox 351 2533 482 2611; x_wconf 85' lang='lat' dir='ltr'>rat,</span> <span class='ocrx_word' id='word_1_172' title='bbox 542 2550 581 2591; x_wconf 91' lang='lat' dir='ltr'>a</span> <span class='ocrx_word' id='word_1_173' title='bbox 634 2527 975 2593; x_wconf 88' lang='lat' dir='ltr'>Cardinale</span> <span class='ocrx_word' id='word_1_174' title='bbox 1035 2527 1294 2593; x_wconf 84' lang='lat' dir='ltr'>Simone</span> <span class='ocrx_word' id='word_1_175' title='bbox 1347 2527 1855 2606; x_wconf 85' lang='lat' dir='ltr'>Praenestense,</span> <span class='ocrx_word' id='word_1_176' title='bbox 1917 2535 1983 2595; x_wconf 90' lang='lat' dir='ltr'>et</span> <span class='ocrx_word' id='word_1_177' title='bbox 2043 2552 2082 2594; x_wconf 96' lang='lat' dir='ltr'>a</span> <span class='ocrx_word' id='word_1_178' title='bbox 2143 2528 2466 2595; x_wconf 88' lang='lat' dir='ltr'>Cardinali</span> <span class='ocrx_word' id='word_1_179' title='bbox 2530 2532 2668 2596; x_wconf 86' lang='lat' dir='ltr'>Mo·</span> 
     </span>
     <span class='ocr_line' id='line_1_23' title="bbox 352 2623 2665 2714; baseline 0.003 -26"><span class='ocrx_word' id='word_1_180' title='bbox 352 2624 544 2689; x_wconf 89' lang='lat' dir='ltr'>nachi</span> <span class='ocrx_word' id='word_1_181' title='bbox 601 2625 910 2689; x_wconf 89' lang='lat' dir='ltr'>auxilium</span> <span class='ocrx_word' id='word_1_182' title='bbox 972 2647 1010 2687; x_wconf 91' lang='lat' dir='ltr'>a</span> <span class='ocrx_word' id='word_1_183' title='bbox 1064 2623 1364 2709; x_wconf 88' lang='lat' dir='ltr'>Philippo</span> <span class='ocrx_word' id='word_1_184' title='bbox 1425 2631 1651 2690; x_wconf 89' lang='lat' dir='ltr'>contra</span> <span class='ocrx_word' id='word_1_185' title='bbox 1709 2626 2108 2692; x_wconf 86' lang='lat' dir='ltr'>Bonifatium</span> <span class='ocrx_word' id='word_1_186' title='bbox 2166 2650 2301 2692; x_wconf 90' lang='lat' dir='ltr'>esse</span> <span class='ocrx_word' id='word_1_187' title='bbox 2358 2630 2665 2714; x_wconf 80' lang='lat' dir='ltr'>petitum3</span> 
     </span>
     <span class='ocr_line' id='line_1_24' title="bbox 348 2720 2669 2809; baseline 0.002 -24"><span class='ocrx_word' id='word_1_188' title='bbox 348 2720 631 2809; x_wconf 86' lang='lat' dir='ltr'>seipsum</span> <span class='ocrx_word' id='word_1_189' title='bbox 693 2744 843 2786; x_wconf 84' lang='lat' dir='ltr'>vero</span> <span class='ocrx_word' id='word_1_190' title='bbox 904 2721 982 2786; x_wconf 88' lang='lat' dir='ltr'>de</span> <span class='ocrx_word' id='word_1_191' title='bbox 1047 2721 1373 2787; x_wconf 83' lang='lat' dir='ltr'>Ecclesiae</span> <span class='ocrx_word' id='word_1_192' title='bbox 1432 2724 1714 2806; x_wconf 90' lang='lat' dir='ltr'>periculo</span> <span class='ocrx_word' id='word_1_193' title='bbox 1779 2729 1844 2787; x_wconf 94' lang='lat' dir='ltr'>et</span> <span class='ocrx_word' id='word_1_194' title='bbox 1905 2722 1984 2788; x_wconf 86' lang='lat' dir='ltr'>de</span> <span class='ocrx_word' id='word_1_195' title='bbox 2044 2725 2430 2789; x_wconf 90' lang='lat' dir='ltr'>necessitate</span> <span class='ocrx_word' id='word_1_196' title='bbox 2489 2728 2669 2790; x_wconf 90' lang='lat' dir='ltr'>auxi-</span> 
     </span>
     <span class='ocr_line' id='line_1_25' title="bbox 350 2817 2669 2903; baseline 0.001 -20"><span class='ocrx_word' id='word_1_197' title='bbox 350 2818 423 2883; x_wconf 90' lang='lat' dir='ltr'>lii</span> <span class='ocrx_word' id='word_1_198' title='bbox 484 2818 655 2903; x_wconf 88' lang='lat' dir='ltr'>regis</span> <span class='ocrx_word' id='word_1_199' title='bbox 723 2841 863 2884; x_wconf 91' lang='lat' dir='ltr'>cum</span> <span class='ocrx_word' id='word_1_200' title='bbox 924 2817 1154 2884; x_wconf 89' lang='lat' dir='ltr'>Carolo</span> <span class='ocrx_word' id='word_1_201' title='bbox 1202 2817 1465 2883; x_wconf 88' lang='lat' dir='ltr'>Valesio</span> <span class='ocrx_word' id='word_1_202' title='bbox 1533 2841 1671 2884; x_wconf 90' lang='lat' dir='ltr'>esse</span> <span class='ocrx_word' id='word_1_203' title='bbox 1737 2819 2045 2885; x_wconf 86' lang='lat' dir='ltr'>locutum.</span> <span class='ocrx_word' id='word_1_204' title='bbox 2112 2855 2188 2865; x_wconf 93' lang='lat'><strong>—</strong></span> <span class='ocrx_word' id='word_1_205' title='bbox 2258 2820 2434 2885; x_wconf 87' lang='lat' dir='ltr'>Idem</span> <span class='ocrx_word' id='word_1_206' title='bbox 2502 2822 2669 2887; x_wconf 84' lang='lat' dir='ltr'>dixit</span> 
     </span>
     <span class='ocr_line' id='line_1_26' title="bbox 350 2913 2665 3001; baseline 0.001 -21"><span class='ocrx_word' id='word_1_207' title='bbox 350 2913 712 2980; x_wconf 90' lang='lat' dir='ltr'>Cardinalis</span> <span class='ocrx_word' id='word_1_208' title='bbox 787 2914 1074 2982; x_wconf 88' lang='lat' dir='ltr'>Joannes</span> <span class='ocrx_word' id='word_1_209' title='bbox 1152 2914 1454 2980; x_wconf 89' lang='lat' dir='ltr'>Monachi</span> <span class='ocrx_word' id='word_1_210' title='bbox 1532 2915 1922 2996; x_wconf 90' lang='lat' dir='ltr'>(Lemoine)‚</span> <span class='ocrx_word' id='word_1_211' title='bbox 2006 2916 2280 2992; x_wconf 78' lang='lat' dir='ltr'>addenS,</span> <span class='ocrx_word' id='word_1_212' title='bbox 2370 2919 2665 3001; x_wconf 86' lang='lat' dir='ltr'>seipsum,</span> 
     </span>
    </p>
   </div>
   <div class='ocr_carea' id='block_1_3' title="bbox 2698 682 3004 796">
    <p class='ocr_par' dir='ltr' id='par_1_3' title="bbox 2698 682 3004 796">
     <span class='ocr_line' id='line_1_27' title="bbox 2702 682 2996 726; baseline 0.003 -1"><span class='ocrx_word' id='word_1_213' title='bbox 2702 682 2996 726; x_wconf 85' lang='lat' dir='ltr'>Cardinalium</span> 
     </span>
     <span class='ocr_line' id='line_1_28' title="bbox 2698 745 3004 796; baseline 0.007 -10"><span class='ocrx_word' id='word_1_214' title='bbox 2698 745 3004 796; x_wconf 76' lang='lat' dir='ltr'>depositiones.</span> 
     </span>
    </p>
   </div>
   <div class='ocr_carea' id='block_1_4' title="bbox 346 3011 2666 3191">
    <p class='ocr_par' dir='ltr' id='par_1_4' title="bbox 346 3011 2666 3191">
     <span class='ocr_line' id='line_1_29' title="bbox 350 3011 2666 3097; baseline 0.003 -23"><span class='ocrx_word' id='word_1_215' title='bbox 350 3011 481 3075; x_wconf 88' lang='lat' dir='ltr'>nisi</span> <span class='ocrx_word' id='word_1_216' title='bbox 526 3011 791 3077; x_wconf 88' lang='lat' dir='ltr'>fallatur</span> <span class='ocrx_word' id='word_1_217' title='bbox 836 3013 1174 3089; x_wconf 89' lang='lat' dir='ltr'>memoria,</span> <span class='ocrx_word' id='word_1_218' title='bbox 1230 3012 1367 3097; x_wconf 87' lang='lat' dir='ltr'>regi</span> <span class='ocrx_word' id='word_1_219' title='bbox 1421 3012 1714 3096; x_wconf 87' lang='lat' dir='ltr'>Philippo</span> <span class='ocrx_word' id='word_1_220' title='bbox 1767 3017 1833 3077; x_wconf 90' lang='lat' dir='ltr'>et</span> <span class='ocrx_word' id='word_1_221' title='bbox 1880 3012 2022 3077; x_wconf 89' lang='lat' dir='ltr'>aliis</span> <span class='ocrx_word' id='word_1_222' title='bbox 2077 3012 2361 3078; x_wconf 85' lang='lat' dir='ltr'>iteratim</span> <span class='ocrx_word' id='word_1_223' title='bbox 2413 3014 2666 3096; x_wconf 86' lang='lat' dir='ltr'>dixisse,</span> 
     </span>
     <span class='ocr_line' id='line_1_30' title="bbox 346 3106 2665 3191; baseline 0.002 -19"><span class='ocrx_word' id='word_1_224' title='bbox 346 3106 751 3173; x_wconf 88' lang='lat' dir='ltr'>Bonifatium</span> <span class='ocrx_word' id='word_1_225' title='bbox 822 3130 957 3174; x_wconf 88' lang='lat' dir='ltr'>esse</span> <span class='ocrx_word' id='word_1_226' title='bbox 1022 3108 1432 3174; x_wconf 89' lang='lat' dir='ltr'>haereticum.</span> <span class='ocrx_word' id='word_1_227' title='bbox 1452 3106 1501 3191; x_wconf 87' lang='grc'>1)</span> <span class='ocrx_word' id='word_1_228' title='bbox 1576 3145 1664 3153; x_wconf 94' lang='grc'>-</span> <span class='ocrx_word' id='word_1_229' title='bbox 1742 3108 1971 3174; x_wconf 90' lang='lat' dir='ltr'>Petrus</span> <span class='ocrx_word' id='word_1_230' title='bbox 2034 3114 2100 3173; x_wconf 91' lang='lat' dir='ltr'>et</span> <span class='ocrx_word' id='word_1_231' title='bbox 2167 3108 2441 3175; x_wconf 87' lang='lat' dir='ltr'>Jacobus</span> <span class='ocrx_word' id='word_1_232' title='bbox 2509 3110 2665 3176; x_wconf 89' lang='lat' dir='ltr'>Car·</span> 
     </span>
    </p>
   </div>
   <div class='ocr_carea' id='block_1_5' title="bbox 353 3258 772 3267">
    <p class='ocr_par' dir='ltr' id='par_1_5' title="bbox 353 3258 772 3267">
     <span class='ocr_line' id='line_1_31' title="bbox 353 3258 772 3267; baseline 0 1747"><span class='ocrx_word' id='word_1_233' title='bbox 353 3258 772 3267; x_wconf 95' lang='lat' dir='ltr'> </span> 
     </span>
    </p>
   </div>
   <div class='ocr_carea' id='block_1_6' title="bbox 345 3316 2777 4254">
    <p class='ocr_par' dir='ltr' id='par_1_6' title="bbox 345 3316 2777 4254">
     <span class='ocr_line' id='line_1_32' title="bbox 531 3316 2663 3387; baseline 0.001 -17"><span class='ocrx_word' id='word_1_234' title='bbox 531 3316 571 3382; x_wconf 86' lang='lat'>²)</span> <span class='ocrx_word' id='word_1_235' title='bbox 612 3317 1055 3385; x_wconf 76' lang='lat' dir='ltr'>„InterrogatuS,</span> <span class='ocrx_word' id='word_1_236' title='bbox 1106 3316 1154 3370; x_wconf 93' lang='lat' dir='ltr'>si</span> <span class='ocrx_word' id='word_1_237' title='bbox 1201 3316 1320 3384; x_wconf 83' lang='lat' dir='ltr'>ipse</span> <span class='ocrx_word' id='word_1_238' title='bbox 1368 3332 1643 3384; x_wconf 88' lang='lat' dir='ltr'>nunquam</span> <span class='ocrx_word' id='word_1_239' title='bbox 1691 3316 1908 3372; x_wconf 87' lang='lat' dir='ltr'>locutus</span> <span class='ocrx_word' id='word_1_240' title='bbox 1955 3317 2062 3371; x_wconf 87' lang='lat' dir='ltr'>fuit</span> <span class='ocrx_word' id='word_1_241' title='bbox 2107 3317 2254 3387; x_wconf 87' lang='lat' dir='ltr'>regi,</span> <span class='ocrx_word' id='word_1_242' title='bbox 2304 3319 2447 3385; x_wconf 88' lang='lat' dir='ltr'>quod</span> <span class='ocrx_word' id='word_1_243' title='bbox 2484 3318 2663 3373; x_wconf 89' lang='lat' dir='ltr'>dictus</span> 
     </span>
     <span class='ocr_line' id='line_1_33' title="bbox 347 3394 2665 3466; baseline 0.002 -17"><span class='ocrx_word' id='word_1_244' title='bbox 347 3395 616 3449; x_wconf 90' lang='lat' dir='ltr'>Dominus</span> <span class='ocrx_word' id='word_1_245' title='bbox 653 3394 966 3450; x_wconf 80' lang='lat' dir='ltr'>Bonifatius</span> <span class='ocrx_word' id='word_1_246' title='bbox 1005 3400 1154 3450; x_wconf 89' lang='lat' dir='ltr'>esset</span> <span class='ocrx_word' id='word_1_247' title='bbox 1187 3394 1523 3462; x_wconf 79' lang='lat' dir='ltr'>haereticuS‚</span> <span class='ocrx_word' id='word_1_248' title='bbox 1564 3395 1727 3461; x_wconf 83' lang='lat' dir='ltr'>dixit,</span> <span class='ocrx_word' id='word_1_249' title='bbox 1771 3412 1830 3450; x_wconf 89' lang='lat' dir='ltr'>se</span> <span class='ocrx_word' id='word_1_250' title='bbox 1868 3397 2092 3451; x_wconf 86' lang='lat' dir='ltr'>credere</span> <span class='ocrx_word' id='word_1_251' title='bbox 2129 3395 2333 3451; x_wconf 83' lang='lat' dir='ltr'>dixisse</span> <span class='ocrx_word' id='word_1_252' title='bbox 2371 3398 2517 3466; x_wconf 83' lang='lat' dir='ltr'>regi,</span> <span class='ocrx_word' id='word_1_253' title='bbox 2555 3399 2665 3453; x_wconf 93' lang='lat' dir='ltr'>Do-</span> 
     </span>
     <span class='ocr_line' id='line_1_34' title="bbox 347 3473 2665 3545; baseline 0.002 -18"><span class='ocrx_word' id='word_1_254' title='bbox 347 3474 555 3527; x_wconf 88' lang='lat' dir='ltr'>minum</span> <span class='ocrx_word' id='word_1_255' title='bbox 594 3473 926 3528; x_wconf 84' lang='lat' dir='ltr'>Bonifatium</span> <span class='ocrx_word' id='word_1_256' title='bbox 975 3489 1094 3529; x_wconf 88' lang='lat' dir='ltr'>esse</span> <span class='ocrx_word' id='word_1_257' title='bbox 1130 3473 1466 3529; x_wconf 83' lang='lat' dir='ltr'>haereticum</span> <span class='ocrx_word' id='word_1_258' title='bbox 1515 3482 1574 3529; x_wconf 88' lang='lat' dir='ltr'>et</span> <span class='ocrx_word' id='word_1_259' title='bbox 1618 3475 1959 3541; x_wconf 87' lang='lat' dir='ltr'>recordatur,</span> <span class='ocrx_word' id='word_1_260' title='bbox 2008 3475 2151 3541; x_wconf 88' lang='lat' dir='ltr'>quod</span> <span class='ocrx_word' id='word_1_261' title='bbox 2193 3474 2313 3543; x_wconf 87' lang='lat' dir='ltr'>ipse</span> <span class='ocrx_word' id='word_1_262' title='bbox 2359 3475 2503 3530; x_wconf 88' lang='lat' dir='ltr'>dixit</span> <span class='ocrx_word' id='word_1_263' title='bbox 2545 3478 2665 3545; x_wconf 38' lang='lat' dir='ltr'>plu*-</span> 
     </span>
     <span class='ocr_line' id='line_1_35' title="bbox 347 3552 2777 3623; baseline 0.002 -16"><span class='ocrx_word' id='word_1_264' title='bbox 347 3553 460 3608; x_wconf 88' lang='lat' dir='ltr'>rics</span> <span class='ocrx_word' id='word_1_265' title='bbox 494 3553 727 3608; x_wconf 90' lang='lat' dir='ltr'>Domino</span> <span class='ocrx_word' id='word_1_266' title='bbox 763 3554 930 3607; x_wconf 91' lang='lat' dir='ltr'>Petro</span> <span class='ocrx_word' id='word_1_267' title='bbox 967 3554 1033 3607; x_wconf 91' lang='lat' dir='ltr'>de</span> <span class='ocrx_word' id='word_1_268' title='bbox 1070 3554 1339 3608; x_wconf 87' lang='lat' dir='ltr'>Monacho</span> <span class='ocrx_word' id='word_1_269' title='bbox 1376 3554 1644 3621; x_wconf 86' lang='lat' dir='ltr'>quondam</span> <span class='ocrx_word' id='word_1_270' title='bbox 1683 3554 1937 3622; x_wconf 86' lang='lat' dir='ltr'>episcopo</span> <span class='ocrx_word' id='word_1_271' title='bbox 1975 3552 2280 3608; x_wconf 86' lang='lat' dir='ltr'>Ancissano</span> <span class='ocrx_word' id='word_1_272' title='bbox 2324 3559 2382 3608; x_wconf 90' lang='lat' dir='ltr'>et</span> <span class='ocrx_word' id='word_1_273' title='bbox 2416 3555 2664 3623; x_wconf 86' lang='lat' dir='ltr'>pluribus</span> <span class='ocrx_word' id='word_1_274' title='bbox 2774 3587 2777 3592; x_wconf 97' lang='lat'>-</span> 
     </span>
     <span class='ocr_line' id='line_1_36' title="bbox 346 3631 2665 3701; baseline 0.001 -15"><span class='ocrx_word' id='word_1_275' title='bbox 346 3632 477 3686; x_wconf 89' lang='lat' dir='ltr'>aliis</span> <span class='ocrx_word' id='word_1_276' title='bbox 528 3632 594 3686; x_wconf 88' lang='lat' dir='ltr'>de</span> <span class='ocrx_word' id='word_1_277' title='bbox 630 3632 892 3701; x_wconf 89' lang='lat' dir='ltr'>gentibus</span> <span class='ocrx_word' id='word_1_278' title='bbox 939 3631 1090 3700; x_wconf 83' lang='lat' dir='ltr'>regis</span> <span class='ocrx_word' id='word_1_279' title='bbox 1140 3636 1198 3686; x_wconf 89' lang='lat' dir='ltr'>et</span> <span class='ocrx_word' id='word_1_280' title='bbox 1243 3631 1409 3686; x_wconf 87' lang='lat' dir='ltr'>etiam</span> <span class='ocrx_word' id='word_1_281' title='bbox 1455 3631 1579 3686; x_wconf 86' lang='lat' dir='ltr'>aliis</span> <span class='ocrx_word' id='word_1_282' title='bbox 1632 3632 1727 3700; x_wconf 88' lang='lat' dir='ltr'>qui</span> <span class='ocrx_word' id='word_1_283' title='bbox 1772 3632 2034 3687; x_wconf 84' lang='lat' dir='ltr'>fovebant</span> <span class='ocrx_word' id='word_1_284' title='bbox 2079 3638 2291 3699; x_wconf 86' lang='lat' dir='ltr'>partem</span> <span class='ocrx_word' id='word_1_285' title='bbox 2342 3632 2665 3689; x_wconf 89' lang='lat' dir='ltr'>Columnen-</span> 
     </span>
     <span class='ocr_line' id='line_1_37' title="bbox 348 3710 2664 3780; baseline 0.001 -15"><span class='ocrx_word' id='word_1_286' title='bbox 348 3710 519 3778; x_wconf 84' lang='lat' dir='ltr'>sium,</span> <span class='ocrx_word' id='word_1_287' title='bbox 571 3711 714 3779; x_wconf 90' lang='lat' dir='ltr'>quod</span> <span class='ocrx_word' id='word_1_288' title='bbox 748 3711 867 3780; x_wconf 86' lang='lat' dir='ltr'>ipse</span> <span class='ocrx_word' id='word_1_289' title='bbox 904 3711 1162 3766; x_wconf 89' lang='lat' dir='ltr'>credebat</span> <span class='ocrx_word' id='word_1_290' title='bbox 1199 3710 1407 3765; x_wconf 83' lang='lat' dir='ltr'>dictum</span> <span class='ocrx_word' id='word_1_291' title='bbox 1442 3710 1731 3765; x_wconf 90' lang='lat' dir='ltr'>Dominum</span> <span class='ocrx_word' id='word_1_292' title='bbox 1766 3710 2109 3766; x_wconf 86' lang='lat' dir='ltr'>Bonifatium</span> <span class='ocrx_word' id='word_1_293' title='bbox 2145 3727 2268 3767; x_wconf 90' lang='lat' dir='ltr'>esse</span> <span class='ocrx_word' id='word_1_294' title='bbox 2309 3712 2664 3768; x_wconf 85' lang='lat' dir='ltr'>haereticum.</span> 
     </span>
     <span class='ocr_line' id='line_1_38' title="bbox 348 3789 2662 3864; baseline 0 -17"><span class='ocrx_word' id='word_1_295' title='bbox 348 3792 735 3859; x_wconf 84' lang='lat' dir='ltr'>Interrogatus</span> <span class='ocrx_word' id='word_1_296' title='bbox 786 3792 930 3858; x_wconf 86' lang='lat' dir='ltr'>quod</span> <span class='ocrx_word' id='word_1_297' title='bbox 976 3790 1094 3859; x_wconf 90' lang='lat' dir='ltr'>ipse</span> <span class='ocrx_word' id='word_1_298' title='bbox 1146 3805 1311 3858; x_wconf 82' lang='lat' dir='ltr'>super</span> <span class='ocrx_word' id='word_1_299' title='bbox 1356 3791 1458 3844; x_wconf 92' lang='lat' dir='ltr'>hoc</span> <span class='ocrx_word' id='word_1_300' title='bbox 1503 3790 1705 3856; x_wconf 88' lang='lat' dir='ltr'>credit,</span> <span class='ocrx_word' id='word_1_301' title='bbox 1753 3789 2062 3864; x_wconf 85' lang='lat' dir='ltr'>respondit,</span> <span class='ocrx_word' id='word_1_302' title='bbox 2113 3791 2256 3858; x_wconf 88' lang='lat' dir='ltr'>quod</span> <span class='ocrx_word' id='word_1_303' title='bbox 2304 3791 2493 3846; x_wconf 83' lang='lat' dir='ltr'>credit.</span> <span class='ocrx_word' id='word_1_304' title='bbox 2546 3835 2558 3848; x_wconf 89' lang='lat'>.</span> <span class='ocrx_word' id='word_1_305' title='bbox 2598 3835 2609 3846; x_wconf 87' lang='lat'>.</span> <span class='ocrx_word' id='word_1_306' title='bbox 2650 3837 2662 3847; x_wconf 97' lang='lat'>.</span> 
     </span>
     <span class='ocr_line' id='line_1_39' title="bbox 348 3869 2665 3939; baseline 0.001 -14"><span class='ocrx_word' id='word_1_307' title='bbox 348 3872 426 3926; x_wconf 79' lang='lat' dir='ltr'>Et</span> <span class='ocrx_word' id='word_1_308' title='bbox 460 3870 678 3925; x_wconf 87' lang='lat' dir='ltr'>audivit</span> <span class='ocrx_word' id='word_1_309' title='bbox 713 3870 850 3935; x_wconf 88' lang='lat' dir='ltr'>dici,</span> <span class='ocrx_word' id='word_1_310' title='bbox 896 3870 1036 3938; x_wconf 88' lang='lat' dir='ltr'>quod</span> <span class='ocrx_word' id='word_1_311' title='bbox 1081 3871 1264 3938; x_wconf 90' lang='lat' dir='ltr'>plures</span> <span class='ocrx_word' id='word_1_312' title='bbox 1300 3869 1526 3924; x_wconf 84' lang='lat' dir='ltr'>Fratres</span> <span class='ocrx_word' id='word_1_313' title='bbox 1559 3869 1797 3924; x_wconf 84' lang='lat' dir='ltr'>Minores</span> <span class='ocrx_word' id='word_1_314' title='bbox 1843 3873 2100 3938; x_wconf 83' lang='lat' dir='ltr'>gerentes</span> <span class='ocrx_word' id='word_1_315' title='bbox 2148 3869 2385 3924; x_wconf 84' lang='lat' dir='ltr'>officium</span> <span class='ocrx_word' id='word_1_316' title='bbox 2431 3871 2665 3939; x_wconf 87' lang='lat' dir='ltr'>Inquisi-</span> 
     </span>
     <span class='ocr_line' id='line_1_40' title="bbox 347 3942 2662 4017; baseline 0.001 -13"><span class='ocrx_word' id='word_1_317' title='bbox 347 3949 521 4006; x_wconf 89' lang='lat' dir='ltr'>tionis</span> <span class='ocrx_word' id='word_1_318' title='bbox 575 3953 771 4005; x_wconf 87' lang='lat' dir='ltr'>contra</span> <span class='ocrx_word' id='word_1_319' title='bbox 831 3942 1152 4005; x_wconf 82' lang='lat' dir='ltr'>haereticos</span> <span class='ocrx_word' id='word_1_320' title='bbox 1189 3949 1551 4003; x_wconf 86' lang='lat' dir='ltr'>informarunt</span> <span class='ocrx_word' id='word_1_321' title='bbox 1613 3964 1804 4017; x_wconf 84' lang='lat' dir='ltr'>regem</span> <span class='ocrx_word' id='word_1_322' title='bbox 1859 3949 1928 4003; x_wconf 86' lang='lat' dir='ltr'>de</span> <span class='ocrx_word' id='word_1_323' title='bbox 1977 3949 2195 4004; x_wconf 85' lang='lat' dir='ltr'>haeresi</span> <span class='ocrx_word' id='word_1_324' title='bbox 2248 3948 2386 4004; x_wconf 89' lang='lat' dir='ltr'>dicti</span> <span class='ocrx_word' id='word_1_325' title='bbox 2444 3950 2662 4006; x_wconf 90' lang='lat' dir='ltr'>Domini</span> 
     </span>
     <span class='ocr_line' id='line_1_41' title="bbox 348 4027 2662 4099; baseline 0 -16"><span class='ocrx_word' id='word_1_326' title='bbox 348 4028 668 4084; x_wconf 84' lang='lat' dir='ltr'>Bonifatii.“</span> <span class='ocrx_word' id='word_1_327' title='bbox 744 4029 1037 4083; x_wconf 86' lang='lat' dir='ltr'>Processus</span> <span class='ocrx_word' id='word_1_328' title='bbox 1082 4028 1266 4083; x_wconf 81' lang='lat' dir='ltr'>factus</span> <span class='ocrx_word' id='word_1_329' title='bbox 1313 4029 1474 4096; x_wconf 78' lang='lat' dir='ltr'>J’ussu</span> <span class='ocrx_word' id='word_1_330' title='bbox 1520 4029 1585 4082; x_wconf 91' lang='lat' dir='ltr'>D.</span> <span class='ocrx_word' id='word_1_331' title='bbox 1624 4027 1928 4084; x_wconf 81' lang='lat' dir='ltr'>Clementis</span> <span class='ocrx_word' id='word_1_332' title='bbox 1965 4029 2151 4097; x_wconf 83' lang='lat' dir='ltr'>Papae</span> <span class='ocrx_word' id='word_1_333' title='bbox 2178 4029 2245 4083; x_wconf 90' lang='lat' dir='ltr'>V.</span> <span class='ocrx_word' id='word_1_334' title='bbox 2295 4036 2406 4086; x_wconf 88' lang='lat' dir='ltr'>etc.</span> <span class='ocrx_word' id='word_1_335' title='bbox 2452 4047 2541 4099; x_wconf 86' lang='lat' dir='ltr'>pp.</span> <span class='ocrx_word' id='word_1_336' title='bbox 2577 4033 2662 4084; x_wconf 78' lang='lat'>52.</span> 
     </span>
     <span class='ocr_line' id='line_1_42' title="bbox 345 4106 2663 4175; baseline 0.001 -12"><span class='ocrx_word' id='word_1_337' title='bbox 345 4110 451 4175; x_wconf 67' lang='lat'>53„</span> <span class='ocrx_word' id='word_1_338' title='bbox 490 4108 761 4163; x_wconf 79' lang='lat' dir='ltr'>Abhandl.</span> <span class='ocrx_word' id='word_1_339' title='bbox 799 4108 897 4162; x_wconf 88' lang='lat' dir='ltr'>der</span> <span class='ocrx_word' id='word_1_340' title='bbox 920 4107 988 4161; x_wconf 87' lang='lat' dir='ltr'>K.</span> <span class='ocrx_word' id='word_1_341' title='bbox 1015 4106 1371 4162; x_wconf 85' lang='lat' dir='ltr'>Baierischen</span> <span class='ocrx_word' id='word_1_342' title='bbox 1396 4106 1698 4163; x_wconf 83' lang='lat' dir='ltr'>Akademie</span> <span class='ocrx_word' id='word_1_343' title='bbox 1734 4107 1833 4162; x_wconf 86' lang='lat' dir='ltr'>der</span> <span class='ocrx_word' id='word_1_344' title='bbox 1859 4106 2201 4164; x_wconf 88' lang='lat' dir='ltr'>Wissensch.</span> <span class='ocrx_word' id='word_1_345' title='bbox 2238 4108 2432 4164; x_wconf 85' lang='lat' dir='ltr'>histor.</span> <span class='ocrx_word' id='word_1_346' title='bbox 2459 4110 2663 4170; x_wconf 85' lang='lat' dir='ltr'>Classe,</span> 
     </span>
     <span class='ocr_line' id='line_1_43' title="bbox 350 4187 652 4254; baseline 0 -13"><span class='ocrx_word' id='word_1_347' title='bbox 350 4189 507 4254; x_wconf 84' lang='lat'>1843,</span> <span class='ocrx_word' id='word_1_348' title='bbox 543 4187 652 4241; x_wconf 90' lang='grc' dir='ltr'>ΠΙ.</span> 
     </span>
    </p>
   </div>
  </div>
 </body>
</html>
