3281 5014
289 1941 361 1985 An
392 1943 542 1987 Conci-

268 2001 384 2046 lium
411 2018 536 2048 oecu-

302 2066 526 2109 monicum.

592 459 701 509 302
1197 457 1452 511 XXXIV.
1489 458 1571 512 De
1610 457 1851 511 Concilio
1887 457 2313 513 constantiensi.

592 600 844 683 exigui,
911 600 1033 664 nisi
1099 621 1212 682 per
1273 598 1586 663 beneficia
1646 604 1714 664 et
1766 599 2015 664 tributa
2076 601 2155 665 ad
2210 601 2421 665 instar
2478 602 2905 667 subsidiorum

589 697 719 760 rite
762 697 1083 780 imposita.

773 838 876 901 20.
956 835 1291 901 Postremo
1359 838 1452 902 ita
1520 859 1622 901 res
1690 838 1985 902 absoluta
2055 844 2177 914 est,
2256 842 2327 902 ut
2396 838 2605 923 quoad
2669 839 2904 921 aliqua,

588 935 661 999 in
726 934 958 1019 quibus
1019 956 1241 998 omnes
1301 935 1805 1010 conveniebant,
1874 935 2203 1018 generalia
2262 935 2738 1000 reformationis
2800 934 2903 998 de·

589 1035 767 1096 creta
823 1034 1367 1114 proponerentur,
1427 1030 1635 1115 quoad
1698 1030 1824 1095 alia
1880 1053 2029 1095 vero
2075 1053 2226 1095 cum
2284 1032 2560 1115 singulis
2616 1032 2901 1097 nationi-

593 1127 711 1192 bus
768 1126 1154 1192 concordata
1209 1127 1469 1209 fierent,
1531 1127 1765 1211 quibus
1821 1126 2147 1192 Martinus
2188 1127 2269 1194 V.
2334 1127 2686 1194 secundum
2745 1127 2906 1193 desi-

591 1224 766 1288 deria
812 1224 1007 1288 variis
1046 1225 1224 1289 varia
1268 1225 1602 1289 concessit.
1676 1223 1812 1287 Ista
1857 1229 2078 1289 tamen
2111 1224 2510 1290 Concordata
2556 1248 2672 1309 pro
2715 1226 2902 1310 quin-

593 1342 719 1404 que
765 1326 1024 1385 tantum
1065 1321 1256 1385 annis
1298 1321 1590 1385 confecta
1635 1325 1826 1397 sunt,
1883 1326 1949 1384 et
1995 1343 2215 1405 reapse
2272 1322 2463 1405 paulo
2519 1328 2664 1405 post
2721 1322 2901 1404 plura

590 1422 747 1481 sunt
807 1421 1084 1495 mutata,
1154 1418 1249 1482 uti
1314 1416 1374 1481 id
1440 1417 1750 1481 Romanis
1811 1417 2230 1483 Pontificibus
2291 1419 2454 1483 utile
2520 1419 2721 1482 visum
2784 1425 2899 1484 est.

590 1513 670 1578 In
730 1513 1002 1579 decretis
1060 1516 1187 1579 illis
1245 1515 1722 1579 reformationis
1785 1537 1918 1579 non
1984 1536 2187 1598 pauca
2244 1515 2658 1580 continentur
2717 1515 2902 1579 valde

591 1611 780 1675 utilia
838 1610 916 1674 de
971 1612 1105 1675 vita
1165 1617 1232 1675 et
1283 1610 1627 1676 honestate
1689 1612 2065 1676 clericorum
2127 1633 2200 1676 ac
2253 1610 2331 1675 de
2388 1611 2651 1676 vitanda
2709 1612 2900 1676 simo·

586 1708 728 1785 nia,
787 1713 982 1791 atque
1038 1708 1271 1773 abusus
1331 1709 1442 1793 qui
1498 1713 1786 1792 tempore
1845 1707 2206 1773 schismatis
2260 1710 2386 1774 orti
2442 1713 2628 1772 erant
2672 1707 2898 1772 iisdem

588 1805 813 1869 aboliti
857 1810 1030 1869 sunt.

764 1944 869 2007 21.
918 1944 1273 2010 Concilium
1316 1945 1816 2010 constantiense
1860 1945 2310 2010 confirmatum
2359 1944 2485 2010 fuit
2532 1943 2698 2028 (cum
2747 1966 2900 2028 qua·

588 2041 732 2105 dam
791 2042 1195 2107 restrictione
1251 2042 1500 2122 tamen)
1559 2065 1598 2105 a
1653 2040 1939 2106 Martino
1970 2041 2053 2108 V.
2108 2045 2174 2105 et
2227 2041 2523 2126 Eugenio
2567 2040 2712 2118 IV.;
2769 2063 2897 2125 qua

587 2136 664 2201 de
718 2159 788 2201 re
843 2138 1113 2202 inferius
1170 2159 1462 2222 agemus,
1517 2138 1629 2201 ubi
1687 2138 1763 2201 de
1820 2137 2092 2202 decretis
2144 2138 2448 2203 sessionis
2505 2143 2772 2223 quartae
2829 2144 2894 2202 et

493 2247 497 2251 ’
585 2234 851 2318 quintae
922 2234 1407 2317 disputabimus.
1529 2234 1748 2311 Quoad
1817 2234 2249 2300 characterem
2319 2256 2469 2299 vero
2538 2234 2892 2299 oecumeni-

583 2352 724 2394 cum
800 2332 935 2415 ejus
1010 2331 1167 2395 haec
1241 2337 1599 2415 opportune
1683 2335 2017 2397 notantur.
2147 2330 2401 2395 Solutio
2477 2331 2892 2414 quaestioniS,

583 2434 803 2491 utrum
861 2428 1069 2512 prima
1112 2426 1561 2492 convocatione
1613 2450 1728 2512 per
1774 2427 2094 2492 Joannem
2137 2426 2392 2492 XXIII.
2439 2428 2647 2512 ipsum
2693 2425 2890 2491 fuerit

581 2525 940 2608 legitimum
997 2532 1064 2589 et
1116 2526 1593 2590 oecumenicum
1652 2525 2037 2604 Concilium,
2095 2526 2332 2609 pendet
2390 2548 2429 2589 a
2488 2525 2890 2610 quaestione,

582 2627 800 2685 utrum
861 2621 1149 2686 Joannes
1208 2620 1451 2685 XXIII.
1520 2621 1721 2686 fuerit
1784 2644 1970 2686 verus
2039 2627 2107 2687 et
2172 2623 2499 2706 legitimus
2568 2620 2885 2685 Pontifex.

580 2717 700 2792 Qui
761 2739 902 2781 eum
969 2717 1215 2782 habent
1276 2727 1349 2781 ut
1408 2718 1636 2793 talem,
1703 2719 1893 2782 sicuti
1953 2742 2005 2783 e.
2062 2741 2124 2802 g.
2182 2719 2284 2784 Ill.
2341 2719 2599 2793 Hefele,
2656 2718 2886 2781 merito

577 2816 1035 2879 convocatione
1089 2813 1417 2897 Synodum
1475 2815 1676 2880 fuisse
1729 2818 2230 2893 oecumenicam,
2292 2817 2639 2880 affirmant.
2729 2813 2884 2879 Jure

573 2915 789 2974 autem
836 2911 901 2975 id
945 2916 1209 2996 negant,
1255 2912 1386 2996 qui,
1434 2914 1531 2976 uti
1578 2935 1715 2990 nOS,
1762 2912 2082 2977 Joannem
2129 2936 2261 2978 non
2307 2913 2551 2977 habent
2595 2917 2670 2975 ut
2715 2909 2884 2974 Pon·

575 3006 809 3071 tificem
881 3008 1264 3093 legitimum.
1363 3007 1422 3072 A
1484 3009 1704 3074 multis
1773 3032 1874 3074 res
1937 3011 2004 3074 in
2069 3011 2263 3076 dubio
2326 3008 2732 3093 relinquitur.
2792 3043 2883 3052 —

578 3104 674 3168 De
728 3102 1147 3170 celebratione
1205 3128 1281 3170 ex
1329 3106 1554 3170 iisdem
1609 3107 1939 3190 principiis
1989 3108 2336 3192 judicatur.
2430 3105 2695 3169 Duobus
2751 3106 2879 3188 pri-

574 3201 695 3266 mis
750 3203 1137 3267 sessionibus
1198 3202 1516 3286 praesedit
1570 3201 1885 3287 Joannes3
1948 3204 2096 3268 dein
2154 3226 2192 3268 a
2249 3203 2533 3268 Concilio
2593 3202 2880 3266 discessit

573 3321 690 3362 nec
735 3298 991 3381 Synodo
1046 3322 1159 3383 per
1204 3303 1491 3384 legatum
1543 3300 1842 3383 praefuit.
1934 3299 2213 3364 Proinde
2266 3323 2303 3364 a
2353 3300 2636 3364 sessione
2682 3301 2876 3363 tertia

560 3397 700 3478 jam
774 3396 1205 3461 celebratione
1274 3397 1627 3462 Concilium
1699 3404 1868 3461 certe
1936 3398 2411 3461 oecumenicum
2484 3397 2653 3460 haud
2717 3410 2873 3462 erat.

570 3491 648 3556 In
694 3495 976 3558 sessione
1023 3493 1266 3558 decima
1320 3499 1552 3576 quarta
1596 3515 1925 3558 censemus
1980 3494 2184 3559 eidem
2233 3493 2517 3558 Concilio
2574 3516 2685 3577 per
2729 3516 2874 3559 con·

570 3592 970 3656 vocationem
1019 3588 1312 3674 Gregorii
1358 3587 1540 3667 XII.,
1599 3613 1789 3674 quem
1851 3591 2157 3654 habemus
2214 3595 2287 3655 ut
2331 3612 2553 3654 verum
2604 3590 2873 3655 Pontifi-

569 3708 733 3762 cem,
792 3687 1221 3751 characterem
1270 3685 1536 3751 Concilii
1594 3686 2287 3772 generalis-tributum
2345 3709 2508 3763 esse3
2563 3687 2671 3753 sed
2728 3695 2875 3771 post

567 3782 1038 3847 abdicationem
1114 3782 1408 3867 Gregorii
1474 3786 1613 3868 jam
1682 3783 2017 3849 deficiente
2093 3784 2315 3867 Capite
2337 3832 2352 3859 ,
2439 3784 2872 3849 celebratione

562 3880 1041 3944 oecumenicum
1103 3902 1235 3944 non
1311 3885 1467 3944 erat.
1584 3881 1741 3945 Post
1812 3881 2189 3945 electionem
2260 3902 2409 3946 vero
2477 3881 2742 3946 Martini
2790 3881 2868 3947 V.

565 3997 713 4039 vere
768 3978 1244 4041 oecumenicum
1295 3978 1449 4055 fuit,
1513 3986 1579 4040 et
1632 3978 2103 4042 conclusionem
2161 3979 2356 4041 etiam
2413 4001 2485 4042 ac
2542 3978 2871 4043 confirma·

561 4073 805 4138 tionem
851 4073 1119 4138 Concilii
1166 4073 1553 4138 oecumenici
1600 4073 1851 4139 habuit.
