3281 5014
1168 463 1338 517 Initia
1373 464 1705 518 schismatis.
2492 465 2597 518 255

275 609 489 670 tecum
535 605 624 670 sit
666 605 742 670 in
778 603 1215 688 perditionem
1259 624 1336 668 ac
1380 602 1566 669 illam
1612 604 1896 687 recipere
1950 625 2081 670 riori
2130 604 2403 669 curavit.
2497 603 2601 670 Si-

277 700 468 767 milia
514 701 723 767 multa
769 700 1036 766 insolita
1094 706 1155 765 et
1211 698 1486 765 abusiva
1531 700 1606 764 de
1651 700 1755 765 die
1799 700 1873 766 in
1918 700 2086 765 diem
2142 700 2423 783 faciem,
2475 721 2602 784 per

279 818 445 880 quae
505 818 718 881 paene
785 796 1077 863 omnium
1144 796 1438 879 ipsorum
1509 795 1969 863 Cardinalium
2032 801 2093 861 et
2146 796 2601 880 praelatorum

274 899 508 961 contra
553 916 620 961 se
665 894 877 978 mayis
930 893 1351 960 iracundiam
1406 893 1771 959 concitavit.
1783 893 1830 974 ¹)
1925 894 2075 960 Mox
2138 895 2330 960 etiam
2378 895 2600 974 edixit,

278 995 401 1060 sibi
445 994 844 1078 propositum
892 1013 1027 1057 esse
1073 995 1174 1056 tot
1219 1012 1438 1055 creare
1480 990 1849 1056 Cardinales
1893 991 2218 1056 Romanos
2265 996 2331 1055 et
2379 990 2601 1071 Italos,

279 1094 358 1154 ut
399 1092 1033 1155 ultramontanorum
1076 1109 1415 1152 numerum
1462 1087 1569 1153 isti
1602 1088 2003 1152 excederent.
2072 1087 2242 1152 Hinc
2289 1109 2601 1171 praepon-

277 1186 642 1252 derantiam
691 1184 1046 1262 Gallorum,
1094 1206 1290 1268 quam
1335 1205 1450 1268 per
1495 1186 1735 1249 multos
1785 1206 1990 1249 annos
2037 1184 2415 1263 habuerant,
2463 1186 2602 1270 jam

279 1283 700 1348 vehementer
748 1282 1096 1367 periclitari
1144 1280 1513 1346 cardinales
1558 1281 1888 1348 videbant.

458 1414 563 1478 20.
627 1411 833 1477 Multa
882 1413 1010 1477 alia
1068 1414 1361 1497 exempla
1418 1412 1888 1496 imprudentiae
1944 1410 2196 1476 Urbani
2256 1411 2600 1478 Theodori·
2622 1418 2920 1491 Cardinaiium

275 1532 392 1575 cus
449 1516 515 1575 et
573 1510 683 1574 alii
740 1509 1062 1587 referunt,
1130 1514 1197 1574 et
1242 1507 1647 1589 Cardinales‚
1704 1530 1864 1594 quos
1916 1509 2129 1592 ver—bis
2187 1509 2454 1592 acerbis·
2478 1509 2601 1574 fre·
2678 1494 2863 1525 avemo.

278 1615 560 1693 quenter
614 1605 920 1684 vexabat,
983 1628 1130 1670 eum
1184 1606 1609 1671 communiter
1668 1610 1742 1669 ut
1796 1605 2066 1669 delirum
2120 1604 2421 1669 habuisse
2466 1606 2601 1689 ipse

279 1699 594 1787 asserit.²)
684 1702 820 1779 Qua
875 1703 943 1767 in
989 1724 1056 1767 re
1113 1708 1284 1767 certe
1338 1702 1500 1766 falso
1549 1701 1963 1787 judicabant,
2023 1705 2090 1765 et
2133 1701 2598 1768 attendendum

281 1800 402 1866 hac
448 1801 516 1864 in
563 1820 633 1863 re
688 1821 845 1863 sane
900 1803 1027 1882 est,
1081 1822 1120 1864 a
1165 1798 1466 1883 gravibus
1522 1799 1817 1883 personis
1862 1796 2131 1863 Urbano
2161 1796 2275 1862 VI.
2333 1797 2601 1863 addictis

278 1897 443 1961 alias
492 1917 748 1980 quoque
793 1895 1065 1960 indicari
1105 1896 1415 1972 rationes,
1464 1918 1577 1960 cur
1624 1895 1974 1959 abalienati
2020 1917 2059 1959 a
2109 1893 2422 1960 Pontifice
2467 1896 2602 1961 fue·

284 1994 419 2057 rint
479 1991 870 2057 cardinales.
986 1990 1086 2056 De
1144 1991 1321 2057 hisce
1399 1992 1492 2056 ita
1555 1992 1965 2076 Raynaldus:
2040 1991 2500 2071 „Abalienatos
2566 2016 2604 2057 a

279 2087 599 2155 Pontifice
643 2088 843 2153 fuisse
891 2088 1329 2154 cardinalium
1374 2089 1643 2169 animos,
1685 2093 1881 2173 atque
1926 2088 2296 2173 Anagniam
2344 2089 2424 2154 ad
2468 2090 2601 2174 agi·

284 2184 484 2250 tanda
543 2185 612 2248 in
677 2207 821 2250 eum
879 2185 1327 2251 conventicula
1384 2185 1648 2263 abiisse,
1714 2207 1858 2250 cum
1907 2182 2211 2249 Urbanus
2267 2187 2604 2252 nonnullis

278 2281 725 2347 sanctionibus
770 2282 1031 2346 nimiam
1083 2281 1522 2347 Cardinalium
1569 2283 1899 2346 licentiam
1946 2281 2357 2358 coercuisset,
2407 2286 2601 2346 testa·

283 2382 392 2442 tur
437 2377 719 2443 Thomas
777 2377 1152 2463 designatus
1205 2378 1537 2462 episcopus
1585 2378 1975 2454 Lucerinus,
2029 2377 2107 2440 de
2164 2399 2293 2460 quo
2339 2382 2603 2443 exstant

285 2475 578 2560 publicae
639 2474 919 2541 tabulae:
987 2473 1154 2540 Item
1210 2471 1431 2557 inquit
1490 2472 1838 2558 diliyenter
1896 2472 2368 2555 interroyataS,
2433 2473 2603 2556 qaod

274 2575 548 2655 propter
601 2570 861 2653 aliquas
914 2591 1072 2636 suas
1121 2570 1663 2653 ConstitutioneS,
1723 2591 1887 2653 quas
1939 2570 2185 2653 fecerat
2236 2569 2449 2636 dictus
2492 2570 2600 2636 do·

284 2667 508 2734 minus
552 2673 771 2734 noster
816 2667 1033 2751 Papa,
1094 2688 1259 2751 quae
1303 2668 1599 2751 liyabant
1639 2667 1815 2751 ipsos
1863 2664 2263 2747 cardinales,
2312 2687 2601 2751 concepe-

282 2770 448 2831 runt
494 2765 714 2831 odium
771 2769 999 2831 contra
1044 2764 1291 2831 dictum
1349 2764 1684 2830 dominum
1743 2768 2042 2829 nostrum
2089 2761 2374 2846 Papam,
2431 2764 2602 2830 unde

281 2866 472 2927 caute
533 2866 595 2926 et
656 2866 871 2927 astute
933 2860 1265 2926 sciverant
1325 2861 1654 2927 licentiam
1717 2859 1949 2925 habere
2010 2880 2053 2924 a
2115 2858 2285 2925 dieto
2342 2859 2601 2926 domino

281 2962 507 3024 nostro
531 2957 739 3040 Papa,
770 2961 831 3022 et
861 2979 926 3023 se
953 2957 1029 3023 de
1073 2956 1238 3023 Urbe
1265 2958 1351 3022 ad
1377 2956 1756 3041 Anayniam
1786 2956 2197 3022 transtulere.
2247 2955 2604 3023 Confirmat

284 3055 443 3120 haec
461 3054 816 3120 Cardinalis
838 3055 1181 3120 Ravennae
1204 3053 1476 3140 (Pileus)
1498 3057 1567 3120 in
1587 3056 1825 3120 litteris
1852 3054 1931 3119 ad
1953 3054 2286 3120 Gallorum
2306 3052 2601 3140 regem.⁸)

288 3151 388 3217 Ob
434 3153 761 3236 ademptas
818 3152 1159 3236 pensiones
1222 3157 1287 3215 et
1334 3153 1716 3217 simoniacas
1772 3151 1991 3217 sordes
2046 3151 2282 3214 vetitas
2327 3153 2602 3216 crevisse

280 3250 429 3315 odia
490 3273 568 3314 ex
618 3250 942 3314 veteribus
1001 3250 1434 3313 monumentis
1489 3253 1773 3330 constat,
1829 3248 2293 3330 confirmatque
2352 3246 2418 3314 S.
2478 3247 2602 3313 Ca·

283 3347 544 3412 tharina
604 3345 909 3412 Senensis
976 3348 1098 3428 (ep.
1168 3344 1325 3426 21.).
1391 3345 1661 3409 movisse
1726 3344 2096 3410 Cardinales
2162 3346 2601 3424 rebellionem,

280 3465 427 3508 cum
500 3444 675 3527 ipsos
737 3442 1097 3507 sordescere
1161 3443 1230 3506 in
1292 3442 1466 3505 vitiis
1531 3463 1668 3505 non
1719 3444 2066 3524 pateretur.
2168 3440 2604 3507 Consentiunt

284 3540 384 3605 his
436 3562 602 3625 quae
660 3539 1188 3624 Walsinghamus
1246 3538 1324 3601 de
1380 3537 1498 3602 hac
1542 3536 1979 3602 cardinalium
2039 3537 2400 3603 defectione
2454 3540 2603 3603 scri-

282 3639 433 3722 psit.
524 3637 646 3713 ,Ex
692 3631 858 3719 post,
904 3637 1141 3720 inquit,
1196 3656 1340 3699 cum
1385 3635 1519 3718 ipse
1566 3632 1924 3698 cardinalis
1970 3636 2227 3717 (nempe
2277 3634 2601 3700 Robertus

279 3732 760 3814 Gebennensis)
831 3737 897 3796 et
967 3731 1201 3796 caeteri
1269 3730 1346 3794 de
1409 3729 1695 3814 Collegio
1763 3730 1999 3814 quibus
2067 3730 2388 3795 Ecclesiae
2457 3753 2602 3815 per·

281 3831 570 3896 turbatio
617 3829 1085 3913 complacebat,
1139 3827 1429 3892 viderent
1476 3825 1815 3891 Urbanum
1867 3828 2109 3911 Papam
2157 3833 2232 3891 ut
2277 3850 2598 3894 summum

462 4037 507 4104 ²)
545 4036 749 4092 Theod.
789 4037 856 4091 de
888 4036 1064 4103 Niem‚
1099 4036 1163 4090 L.
1200 4037 1244 4089 Ι.
1284 4052 1329 4090 c.
1370 4037 1418 4089 5.

463 4115 506 4181 ²)
543 4116 679 4170 Ibid.
719 4133 762 4170 c.
804 4118 852 4169 7.

464 4193 508 4262 ⁸)
545 4196 785 4249 Exstant
821 4210 906 4261 ap.
944 4193 1210 4261 Raynald.
1251 4209 1298 4247 a.
1340 4195 1475 4247 1379
1512 4208 1565 4245 n.
1603 4192 1689 4246 51.

384 4290 654 4340 Jnnoemann,
683 4290 1041 4331 Dissertationes.
1068 4289 1189 4330 Tom.
1222 4288 1302 4329 VI.
2323 4282 2388 4333 17
