3281 5014
637 415 709 466 26
1220 413 1392 467 XXX.
1431 415 1515 468 De
1548 410 1885 469 Pontificatu
1925 411 2194 466 Bonifatii
2216 413 2373 467 VIII.

641 554 797 619 anni
844 553 1044 629 1297,
1102 555 1332 638 quibus
1380 555 1688 638 exponit,
1734 557 2135 637 quantopere
2191 554 2256 618 in
2304 553 2515 620 Gallia
2562 554 2954 621 Constitutio

643 648 921 715 Clericis
975 647 1174 714 laicos
1227 651 1475 715 animos
1530 649 1977 725 commoverit,
2040 671 2113 714 ac
2163 651 2361 734 petit,
2423 657 2499 715 ut
2559 653 2710 734 ipsis
2764 652 2954 717 liceat

641 748 780 831 regi
836 747 902 810 in
963 745 1083 810 hoc
1142 746 1313 811 bello
1364 747 1661 812 subsidiis
1718 767 2109 823 succurrere,
2175 752 2379 831 utque
2436 747 2745 813 Pontifex
2800 771 2952 814 con—

640 844 921 908 cordiam
981 865 1128 908 cum
1189 864 1341 927 rege
1402 846 1769 926 conservet,
1826 864 1908 906 ne
1964 846 2175 907 status
2223 842 2543 910 Ecclesiae
2584 843 2955 910 Gallicanae

640 940 959 1006 turbetur.
1060 940 1161 1004 Ad
1219 939 1378 1004 haec
1439 940 1722 1023 episcopi
1782 939 2020 1022 partim
2079 961 2156 1003 ex
2218 945 2394 1004 metu
2456 941 2656 1026 regis,
2719 942 2954 1025 partim

641 1059 721 1100 ex
769 1036 969 1101 nimio
1014 1036 1294 1120 quodam
1339 1038 1588 1121 patriae
1635 1057 1849 1101 amore
1895 1036 2055 1101 moti
2102 1037 2421 1102 videntur.
2498 1037 2954 1104 cistercienses

641 1134 814 1197 enim
876 1137 1103 1198 contra
1153 1132 1405 1197 modum
1467 1155 1594 1217 quo
1652 1155 1765 1196 rex
1823 1137 1891 1196 et
1936 1134 2214 1216 episcopi
2272 1134 2577 1218 agebant,
2636 1139 2953 1218 protesta-

641 1229 887 1294 tionem
949 1231 1320 1294 emiserunt.
1329 1226 1381 1312 ¹)
1495 1227 1867 1295 Bonifatius
1927 1230 2223 1313 episcopo
2284 1252 2521 1315 magna
2578 1253 2723 1296 cum
2781 1231 2954 1296 beni·

641 1327 896 1411 gnitate
940 1325 1025 1390 ΙΙ.
1073 1325 1222 1391 Κ61.
1270 1325 1457 1393 Febr.
1518 1349 1578 1390 a.
1629 1327 1797 1390 1297
1855 1327 2215 1409 respondit,
2273 1326 2553 1391 subsidia
2596 1329 2780 1413 larga
2833 1325 2955 1391 hac

641 1420 775 1486 vice
830 1422 1040 1487 danda
1094 1423 1445 1507 permittit,
1509 1423 1826 1508 simulque
1883 1425 2118 1488 iterum
2179 1423 2490 1501 favorem,
2556 1447 2683 1509 quo
2738 1447 2954 1510 regem

643 1518 891 1584 Galliae
959 1521 1222 1603 ejusque
1291 1541 1561 1604 regnum
1634 1525 2088 1604 prosequatur,
2167 1521 2389 1585 multis
2456 1522 2797 1605 signifieat.
2867 1558 2956 1567 -—

642 1616 806 1680 Aliis
873 1616 1111 1681 litteris
1173 1616 1254 1680 ad
1320 1637 1537 1700 regem
1607 1617 1893 1693 directis,
1973 1614 2171 1680 Exiit
2236 1636 2448 1699 nuper
2514 1623 2580 1681 et
2646 1616 2955 1682 Romana

641 1715 850 1776 mater
905 1710 1192 1790 ecclesia,
1258 1712 1357 1779 dd.
1390 1711 1536 1778 VH.
1601 1712 1694 1777 Id.
1757 1711 1977 1791 Febr.,
2046 1735 2190 1778 eum
2253 1720 2503 1792 monet,
2569 1736 2654 1779 ne
2715 1714 2951 1788 credat,

641 1808 811 1893 quod
877 1808 1274 1874 Constitutio
1343 1809 1454 1874 illa
1515 1810 1754 1875 habeat
1812 1808 2415 1891 interpretationem
2479 1811 2573 1876 sic
2634 1810 2949 1890 strictam,

641 1903 736 1970 sic
779 1903 1096 1986 rigidam,
1154 1905 1246 1970 sic
1297 1924 1598 1984 avaram,
1650 1911 1854 1988 prout
1910 1906 2404 1988 nonnullorum,
2466 1913 2526 1972 et
2585 1907 2953 1990 specialiter

639 2001 718 2065 de
765 2004 875 2064 tuo
922 2000 1206 2082 consilia,
1253 2000 1733 2084 interpretatur
1781 2001 2049 2081 astutia,
2096 2051 2110 2066 .
2164 2050 2177 2065 .
2226 2056 2238 2068 .
2289 2003 2398 2069 sed
2437 2005 2788 2070 reducatur
2833 2003 2953 2068 hu-

641 2116 832 2162 mane
895 2097 980 2161 ad
1039 2118 1274 2162 sanum
1337 2101 1398 2161 et
1455 2097 1910 2163 rationabilem
1969 2098 2385 2167 intellectum.
2447 2100 2704 2183 ‘Varios
2768 2123 2952 2166 casus

643 2200 1051 2259 occurrentes
1097 2196 1240 2260 dein
1290 2196 1745 2279 benignissime
1791 2197 2101 2279 explieat,
2159 2197 2372 2275 docet,
2430 2199 2542 2262 illa
2586 2197 2775 2263 Bulla
2820 2221 2953 2262 non

644 2290 996 2374 prohiberi,
1057 2292 1403 2375 quominus
1464 2292 1735 2374 pecunia
1795 2293 1877 2356 ab
1940 2294 2220 2358 666166116
2284 2296 2421 2379 regi
2479 2300 2698 2360 mutua
2766 2296 2954 2360 detur

643 2389 745 2452 vel
791 2387 960 2452 dona
1021 2388 1102 2450 ab
1146 2388 1583 2452 ecclesiasticis
1648 2388 1847 2453 amice
1902 2389 2195 2454 invitatis
2251 2391 2636 2468 offerantur,
2698 2395 2765 2456 et
2809 2413 2953 2474 per-

642 2485 878 2563 mittit,
952 2490 1026 2549 ut
1085 2485 1152 2549 in
1219 2506 1373 2550 casu
1437 2483 1859 2563 necessitatis,
1943 2507 2067 2570 quo
2134 2491 2397 2569 propter
2458 2486 2820 2569 periculum
2878 2485 2952 2551 in

644 2600 829 2645 mora
887 2587 1113 2647 sancta
1175 2580 1372 2646 Sedes
1438 2581 1597 2645 adiri
1659 2587 1973 2665 nequeat,
2037 2585 2235 2648 etiam
2291 2586 2431 2649 sine
2488 2588 2627 2670 ejus
2688 2586 2954 2650 licentia

645 2679 926 2743 subsidia
986 2678 1122 2762 regi
1174 2677 1611 2742 conferantur.
1716 2675 1921 2743 Simul
1977 2685 2226 2758 tamen,
2283 2703 2483 2765 quum
2529 2681 2648 2746 hac
2703 2682 2955 2746 ratione

648 2774 952 2840 Pontifex
1009 2795 1224 2858 regem
1285 2774 1531 2838 mulciri
1597 2773 1915 2852 studeret,
1985 2776 2042 2839 ei
2104 2778 2391 2842 minatur
2444 2778 2953 2842 excommunica-

645 2874 918 2954 tionem,
972 2872 1022 2935 si
1082 2871 1420 2954 pecuniam
1476 2892 1589 2954 pro
1643 2870 1828 2935 bellis
1885 2874 2081 2937 sacris
2127 2872 2397 2938 Romam
2451 2874 2794 2938 transferri
2838 2875 2954 2938 im-

643 2968 876 3053 pediat.
930 3004 1020 3013 —
1075 2968 1194 3032 His
1250 2967 1449 3051 igitur
1495 2965 1830 3051 Philippus
1885 2968 2150 3033 adactus
2205 2970 2360 3046 fuit,
2417 2977 2490 3034 ut
2547 2970 2824 3035 edictum
2872 2970 2954 3033 ab

642 3068 781 3149 ipso
854 3066 1056 3130 latum
1123 3063 1566 3148 suspenderem
1647 3071 1844 3148 atque
1914 3065 2006 3129 sic
2083 3087 2196 3149 pro
2265 3071 2551 3149 tempore
2621 3066 2953 3131 conflictus

645 3163 890 3246 sopitus
947 3168 1061 3225 est.
1123 3198 1198 3207 —
1262 3160 1628 3224 Bonifatius
1682 3182 1833 3225 vero
1892 3162 2180 3226 animum
2235 3162 2301 3226 in
2354 3162 2629 3227 Galliam
2688 3164 2953 3246 ejusque

643 3280 859 3344 regem
924 3279 1307 3341 propensum
1375 3257 1570 3321 etiam
1633 3278 1709 3321 eo
1770 3257 2085 3335 ostendit,
2158 3257 2326 3341 quod
2383 3259 2493 3322 illo
2555 3281 2725 3323 anno
2786 3259 2950 3321 1297

644 3356 745 3421 die
811 3352 922 3418 11⁰
961 3354 1241 3438 Augusti
1306 3354 1682 3419 solemniter
1737 3355 1995 3437 peregit
2056 3352 2118 3417 S.
2171 3353 2474 3419 Ludovici
2536 3356 2703 3439 regis
2762 3375 2954 3418 eano-

645 3453 1068 3533 nizationem,
1125 3472 1290 3535 quae
1341 3452 1477 3535 jam
1541 3472 1657 3533 per
1712 3450 1797 3513 24
1860 3470 2067 3513 annos
2125 3455 2505 3532 praeparata
2566 3456 2727 3515 erat.
2827 3448 2954 3514 Sed

647 3548 1064 3613 nihilominus
1119 3549 1374 3612 animus
1435 3546 1710 3629 Philippi
1771 3545 2008 3610 mansit
2065 3546 2470 3610 exulceratus
2532 3568 2604 3611 ac
2649 3545 2952 3610 Pontifici

648 3645 961 3724 infensus,
1005 3646 1098 3708 ita
1145 3649 1218 3708 ut
1262 3666 1408 3709 mox
1454 3642 1788 3707 dissidium
1832 3646 2268 3708 renovaretur.

330 3786 399 3828 Ex
372 3798 484 3840 xenp
457 3785 599 3828 nditm
825 3775 930 3839 28.
988 3773 1242 3851 Restat,
1309 3780 1383 3840 ut
1442 3774 1518 3838 de
1567 3774 2047 3840 Constitutione
2105 3774 2217 3836 illa
2267 3770 2568 3858 01611616
2592 3770 2816 3850 161606,
2888 3777 2954 3836 et

332 3849 609 3952 1331me
649 3872 725 3936 116
780 3871 1321 3955 subsequentibus
1373 3872 1562 3937 factis
1616 3865 1925 3954 iudicium
1983 3870 2283 3935 feramuS.
2380 3868 2559 3945 Quod
2612 3869 2814 3953 igitur
2869 3866 2957 3932 ad
3025 3879 3028 3882 '

646 3967 745 4032 rei
807 3987 1128 4032 summam
1192 3970 1462 4044 attinet,
1533 3990 1608 4033 ex
1667 3968 1850 4032 dietis
1907 3965 2258 4049 colligitur,
2329 3965 2560 4049 agendi
2616 3965 2954 4039 rationem,

833 4141 871 4205 ¹)
909 4142 1186 4208 Boutaric,
1222 4141 1301 4195 La
1338 4142 1547 4195 France
1587 4156 1714 4196 sous
1752 4121 2227 4206 Philippe·le·Bel,
2266 4155 2316 4205 p.
2356 4142 2439 4191 97.
