3281 5014
680 461 779 512 176
1094 460 1323 515 XXXII.
1364 463 1447 517 De
1482 462 1842 517 Pontificibus
1878 464 2162 520 Avenione
2199 465 2561 519 commoratis.

675 605 886 667 tiones
950 607 1017 666 et
1080 602 1654 687 interpretationes
1713 605 2162 683 instituerent,
2231 628 2343 690 per
2399 606 2745 680 Joannem,
2814 604 2989 669 edita

676 699 1156 766 Constitutione
1204 697 1376 780 Quia
1429 700 1986 786 nonnunquam‚¹)
2041 724 2354 787 suspensa
2411 709 2528 768 est.
2619 702 2780 768 Tum
2831 723 2979 767 vero

673 796 943 880 indigna
973 796 1249 880 suspicio
1279 797 1743 862 nonnullorum
1770 820 2187 864 susurronum
2237 801 2394 864 vitio
2440 820 2740 884 magnam
2772 798 2978 865 Fran·-

672 894 1066 957 ciscanorum
1137 892 1611 958 multitudinem
1678 896 1989 978 pervasit,
2062 896 2377 961 Joannem
2442 895 2666 961 XXH.
2741 895 2807 959 in
2874 895 2977 962 ad·

673 988 1092 1053 versariorum
1161 1011 1419 1056 suorum
1485 995 1701 1075 partes
1768 992 2103 1057 inclinare.
2222 991 2302 1058 In
2377 990 2639 1057 Ordinis
2707 992 2979 1057 comitiis

672 1108 862 1170 porro
931 1084 1229 1151 Perusiae
1295 1089 1702 1173 congregatis
1778 1090 2017 1172 primas
2091 1088 2450 1153 schismatis
2518 1089 2688 1154 faces
2757 1109 2977 1154 accen-

671 1182 931 1262 derunt,
995 1182 1232 1267 quippe
1287 1185 1355 1248 in
1416 1205 1558 1249 eam
1610 1185 2044 1250 temeritatem
2093 1207 2161 1248 se
2206 1187 2648 1270 projecerunt,
2707 1190 2783 1250 ut
2826 1184 2976 1249 dum

669 1279 1049 1362 Apostolica
1095 1278 1291 1345 Sedes
1345 1280 1414 1345 in
1472 1281 1779 1366 agitanda
1835 1281 2323 1367 definiendaque
2383 1282 2819 1347 controversia
2871 1303 2974 1347 oc·

669 1381 902 1460 cupata
970 1381 1164 1464 esset,
1232 1378 1356 1462 ipsi
1413 1379 1803 1442 sententiam
1873 1399 2054 1443 suam
2123 1380 2435 1444 universis
2498 1378 2789 1443 fidelibus
2859 1400 2974 1443 en-

670 1472 922 1554 cyclicis
994 1473 1233 1539 litteris
1303 1475 1778 1558 proposuerint,
1847 1476 2029 1560 quasi
2089 1477 2225 1560 jam
2294 1497 2332 1539 a
2398 1473 2666 1540 Nicolao
2732 1477 2798 1539 in
2864 1475 2972 1539 de·

669 1570 889 1634 cretali
965 1568 1164 1635 Exiit
1232 1571 1727 1655 promulgatam.
1855 1568 1979 1637 Sed
2050 1570 2354 1638 Nicolaus
2424 1570 2501 1635 de
2575 1573 2704 1636 ista
2778 1593 2972 1656 quae-

665 1668 904 1745 stione,
963 1668 1028 1731 in
1091 1688 1220 1751 qua
1272 1667 1546 1750 plurima
1598 1667 2059 1752 distinguenda
2112 1667 2397 1732 Joannes
2443 1666 2662 1733 XXII.
2723 1669 2788 1732 in
2838 1671 2969 1733 suis

667 1762 1257 1829 Constitutionibus
1325 1765 1640 1842 illustrat,
1716 1763 2062 1828 decretorio
2124 1786 2254 1829 non
2320 1769 2459 1829 erat
2525 1765 2807 1840 locutus,
2885 1766 2971 1829 si-

666 1861 933 1944 mulque
985 1861 1436 1938 constituerat,
1498 1866 1574 1925 ut
1634 1861 1690 1925 si
1755 1859 1907 1945 quid
1963 1861 2407 1945 ambiguitatis
2465 1862 2538 1925 in
2584 1863 2722 1947 ejus
2782 1861 2967 1926 dictis

667 1958 1052 2034 emersisset,
1114 1957 1455 2040 explicatio
1509 1979 1546 2021 a
1592 1956 1886 2023 Romano
1942 1957 2256 2022 Pontifice
2305 1957 2586 2042 petenda
2640 1962 2826 2023 esset.
2883 1993 2969 2004 -

666 2053 937 2118 Litteris
1001 2054 1202 2139 igitur
1266 2054 1599 2137 encyclicis
1664 2053 2014 2119 Minoritae
2086 2053 2529 2133 declarabant,
2597 2055 2971 2139 propositio·

662 2171 813 2215 nem
884 2152 1176 2234 superius
1253 2151 1514 2216 citatam
1592 2172 1729 2215 esse
1802 2172 2026 2215 sanam
2103 2159 2169 2214 et
2245 2149 2697 2227 orthodoxam,
2774 2151 2966 2235 idque

660 2270 698 2313 a
772 2247 1040 2313 Nicolao
1125 2254 1191 2311 et
1255 2247 1553 2312 'Concilio
1617 2246 1981 2311 Viennensi
2057 2269 2192 2312 esse
2267 2247 2633 2331 definitum3
2713 2247 2966 2333 illisque

657 2345 891 2410 litteris
958 2344 1476 2428 subscripserunt
1537 2343 1813 2409 Michael
1876 2344 2193 2410 Caesenas
2258 2342 2557 2409 Minister
2628 2343 2962 2428 generalis,

661 2441 1018 2507 Gulielmus
1078 2440 1319 2506 Ockam
1367 2439 1667 2506 Minister
1719 2438 2031 2525 Angliae,
2087 2440 2405 2505 Henricus
2459 2438 2758 2505 Minister
2812 2438 2963 2504 Ale·

660 2540 999 2613 manniae,
1075 2538 1399 2604 Arnaldus
1479 2537 1779 2604 Minister
1859 2538 2252 2623 Aquitaniae
2337 2543 2402 2603 et
2484 2542 2633 2603 octo
2704 2537 2961 2603 Fratres

657 2636 943 2719 theologi
993 2633 1293 2700 Perusiae
1351 2641 1744 2719 praesentes,
1837 2634 2184 2699 Manifeste
2236 2634 2406 2700 haud
2463 2636 2761 2718 exiguum
2824 2638 2961 2698 erat

658 2754 732 2798 eo
806 2737 1092 2816 tempore
1164 2754 1282 2816 pro
1355 2736 1498 2797 toto
1570 2733 1817 2817 inclyto
1888 2730 2339 2798 Minoritarum
2411 2730 2646 2796 Ordine
2720 2732 2960 2796 scissio-

657 2830 1188 2914 nis,periculum.
1241 2865 1326 2874 —
1389 2829 1674 2894 Joannes
1734 2827 1937 2892 XXII.
1997 2827 2330 2892 Michaelis
2385 2832 2477 2917 et
2507 2827 2786 2911 Capituli
2843 2826 2959 2891 Pe·
3013 2831 3021 2837 “

655 2926 855 2991 rusini
929 2926 1256 2991 audaciam
1332 2927 1564 2991 acriter
1593 2962 1596 2965 Δ
1630 2924 2076 3009 reprehendit,
2159 2930 2225 2990 et
2299 2946 2567 2989 examen
2638 2926 2958 3009 quaestio·

653 3024 754 3087 nis
813 3023 1097 3108 agitatae
1156 3044 1271 3106 per
1329 3022 1703 3087 Cardinales
1765 3026 1833 3086 et
1892 3020 2224 3105 theologos
2287 3020 2688 3087 doctissimos
2751 3021 2957 3085 conti-

652 3120 900 3185 nuavit.

827 3269 929 3332 30.
999 3267 1217 3332 Edidit
1276 3265 1422 3330 dein
1486 3254 1795 3331 Pontifex
1860 3266 2157 3348 sequenti
2224 3268 2508 3349 tempore
2570 3263 2726 3327 duas
2788 3251 2955 3328 Con·

649 3366 1022 3430 stitutiones
1065 3363 1345 3429 celebres
1383 3383 1548 3446 quae
1593 3361 1673 3425 ad
1720 3363 2184 3427 controversias
2225 3360 2302 3425 de
2347 3364 2727 3445 paupertate
2758 3359 2957 3447 Fran·

649 3463 1047 3526 ciscanorum
1098 3461 1444 3544 pertinent,
1492 3479 1819 3542 quumque
1867 3480 1945 3521 ex
1991 3458 2117 3522 illis
2165 3456 2507 3522 adversarii
2557 3456 2735 3520 Sedis
2781 3457 2954 3539 Apo·-

647 3558 911 3623 stolicae
957 3557 1351 3622 occasionem
1404 3555 1831 3638 sumpserint,
1887 3558 1960 3619 ut
2006 3575 2293 3618 errorum
2339 3554 2415 3619 de
2464 3553 2588 3617 fide
2628 3552 2954 3617 Romanos

648 3655 987 3720 Pontifices
1047 3649 1500 3732 accusarent,⁸)
1546 3654 1682 3737 jam
1742 3651 1819 3715 de
1864 3650 2094 3715 harum
2140 3649 2692 3715 Constitutionum
2717 3641 2954 3714 'indole

649 3753 986 3836 aliquanto
1032 3749 1392 3816 accuratius
1440 3748 1754 3834 agendum
1803 3769 1939 3813 esse
1985 3747 2254 3811 videtur.

828 4027 1204 4097 ¹.)Extravag
1242 4025 1471 4082 Joannis
1508 4025 1689 4079 XXII.
1729 4024 1838 4078 Tit.
1875 4023 2023 4077 XIV.
2063 4024 2118 4077 C.
2157 4023 2231 4076 ΙΙ.

820 4105 861 4174 ¹⁸)
899 4107 977 4161 Cf.
1017 4107 1282 4170 Bossuet,
1332 4105 1591 4159 Defensio
1629 4102 2045 4170 declarationis;
2084 4101 2325 4157 Oeuvres
2362 4099 2568 4153 XVIII.
2604 4116 2655 4166 p.
2693 4101 2797 4153 339
2834 4114 2948 4167 sqq.

641 4187 815 4256 Liege
855 4189 1006 4241 1768.
1043 4216 1115 4224 —-
1149 4186 1340 4251 Janus,
1379 4184 1484 4250 III,
1522 4183 1626 4236 Die
1662 4183 1967 4250 papstliche
2004 4180 2443 4236 Unfehlbarkeit.
