3281 5014
663 478 734 528 84
880 453 883 458 ’
1117 476 1318 531 ΧΧΧι.
1355 478 1440 531 De
1476 475 1782 554 ειιιοιιιιοιιε4
1818 475 2037 531 Ordinis
2075 476 2527 545 Templariorum.

665 617 1035 683 centissima
1091 622 1382 700 tempora
1438 594 1764 702 pietatem
1804 599 1890 682 ac
1933 596 2002 684 in
2052 601 2403 684 Ecclesiam
2461 616 2747 701 animum
2788 619 2989 683 devo·-

664 718 825 779 tum.
902 712 1306 779 Bertrandus
1352 714 1862 810 archiepiscopus
1905 714 2397 825 Burdigalensis
2442 719 2594 799 apta
2639 716 2795 799 ipsis
2842 737 2987 799 per·

663 831 822 875 sona
865 810 1069 875 videri
1112 814 1387 894 poterat.
1481 810 1742 875 Etenim
1802 813 1935 896 regi
1984 807 2260 895 quidem
2300 816 2596 894 acceptus
2646 823 2812 888 erat,
2870 811 2979 875 sed

665 907 860 972 etiam
919 905 1255 971 Bonifatio
1311 906 1601 971 addictus
1647 907 2033 972 mhabebatur
2130 909 2232 971 Ab
2282 909 2421 991 ipso
2477 909 2647 971 enim
2703 931 2759 972 a.
2809 908 2986 972 1295

667 1003 997 1087 episeopus
1069 1001 1522 1067 Convenarum
1580 1002 1982 1089 (cominges)
2051 1022 2123 1068 ac
2189 1003 2339 1067 dein
2411 1026 2466 1068 a.
2533 1005 2700 1068 1299
2772 1005 2979 1069 archi-

666 1100 996 1184 episcopus
1045 1098 1537 1182 Burdigalensis
1577 1106 1830 1165 creatus
1867 1107 2033 1177 erat,
2083 1106 2149 1165 et
2195 1123 2250 1163 a.
2307 1099 2501 1179 1302,
2561 1102 2767 1166 invito
2813 1123 2990 1187 rege,

665 1196 744 1260 ad
811 1196 1152 1261 concilium
1220 1197 1574 1261 Romanum
1650 1204 1933 1265 venerat.
2047 1196 2277 1261 Frater
2344 1198 2576 1281 ipsius,
2643 1196 2988 1276 Berardus,

663 1294 879 1357 fuerat
939 1292 1300 1358 Cardinalis
1361 1294 1694 1377 episcopus
1751 1294 2099 1370 Ostiensi83
2153 1301 2219 1358 et
2276 1293 2549 1378 Pipinus
2604 1293 2984 1360 Bononien-

664 1390 752 1453 sis
797 1388 872 1455 Ο.
921 1389 991 1453 Ρ.
1042 1390 1272 1465 refert,
1335 1388 1799 1467 Bertrandum,
1861 1391 2009 1455 dnm
2068 1413 2125 1456 a.
2177 1391 2345 1455 1302
2399 1390 2641 1456 Romae
2698 1390 2986 1475 degeret,

665 1487 951 1552 favorem
1021 1494 1087 1551 et
1150 1486 1499 1551 amicitiam
1564 1486 1874 1552 Bonifatii
1945 1492 2011 1550 et
2072 1487 2505 1551 Cardinalium
2578 1488 2702 1552 sibi
2768 1489 2975 1554 conci·

665 1576 876 1647 liasse.
965 1582 1173 1659 Quum
1222 1588 1577 1665 praeterea¹
1603 1606 1681 1648 ex
1729 1584 1975 1648 familia
2004 1584 2360 1648 Vaseoniae
2416 1583 2817 1664 nobilissima
2860 1585 2986 1648 ori-

667 1678 877 1744 undus
934 1684 1129 1755 esset,
1193 1685 1260 1743 et
1313 1702 1598 1764 eousque
1652 1682 1721 1743 iu
1777 1681 1906 1745 illis
1957 1680 2235 1764 degisset
2281 1679 2529 1744 Galliae
2585 1680 2986 1765 regionibuS,

667 1783 833 1861 quae
878 1774 1161 1859 Philippi
1208 1776 1464 1860 quidem
1512 1776 1794 1842 dominio
1835 1798 2114 1856 summ0‚
2168 1776 2275 1840 sed
2326 1776 2602 1861 Angliae
2643 1778 2815 1861 regis
2862 1798 2990 1861 gu-

666 1874 891 1939 bernio
937 1878 1002 1937 et
1046 1872 1333 1937 dominio
1377 1872 1748 1938 immediato
1802 1881 1875 1937 ut
1931 1873 2123 1937 feuda
2166 1872 2706 1955 subjiciebantur
2762 1868 2979 1957 spera·

668 1971 829 2034 bant
876 1971 1041 2049 fore,
1089 1975 1164 2034 ut
1194 1968 1493 2054 Philippi
1540 1970 1814 2035 influxui
1861 1970 2031 2035 haud
2077 1970 2342 2035 nimium
2395 1967 2696 2033 Pontifex
2740 1971 2988 2035 electus

667 2067 989 2141 subesset,
1038 2089 1112 2131 eo
1160 2066 1259 2131 vel
1308 2068 1543 2167 magis,
1590 2066 1762 2151 quod
1804 2065 2282 2165 supponebant,
2332 2088 2475 2167 eum
2522 2065 2794 2132 Romam
2843 2088 2987 2134 esse

669 2170 1037 2228 venturum.

847 2251 904 2323 8.
975 2255 1101 2323 Sed
1162 2258 1462 2324 Clemens
1531 2259 1756 2324 turbas
1825 2264 1891 2324 et
1959 2261 2319 2344 potentium
2384 2259 2693 2325 nobilium
2753 2255 2982 2324 factio·

2675 2159 2770 2166 ,Aa-,-
2785 2149 2966 2162 ,κιο-νβ’·-

586 2361 643 2410 *ss
672 2378 958 2441 numque
1020 2355 1364 2420 discordias
1427 2357 1498 2420 in
1562 2354 1752 2420 Italia
1817 2356 2265 2433 reformidans,
2341 2357 2604 2421 Romam
2667 2355 2983 2440 proficisci

383 3017 619 3060 Clementis

672 2452 928 2518 distulit
993 2459 1062 2517 et
1127 2454 1194 2517 in
1273 2451 1484 2519 Gallia
1549 2452 1626 2517 ad
1685 2456 1935 2538 tempus
2004 2475 2335 2518 remanere
2404 2454 2760 2521 constituit.
2878 2452 2990 2516 Sic

672 2557 788 2633 per
831 2571 900 2615 se
959 2549 1253 2616 subditus
1272 2557 1455 2639 „erat
1506 2549 1786 2648 influxui
1839 2551 2125 2643 potentis
2175 2549 2422 2616 Galliae
2469 2552 2668 2637 regis,
2726 2556 2792 2614 et
2837 2571 2979 2614 cum

675 2668 750 2710 eo
796 2646 1194 2711 concordiam
1246 2652 1313 2711 et
1364 2636 1579 2730 pacem
1560 2640 2013 2719 “conservare
2070 2653 2384 2735 quantum
2430 2653 2671 2730 posset,
2726 2651 2991 2716 coactus

674 2746 791 2835 est.
882 2740 1108 2808 Status
1153 2743 1254 2810 hic
1297 2760 1510 2807 rerum
1558 2743 1847 2826 profecto
1904 2741 2184 2826 periculo
2229 2744 2456 2827 plenus
2508 2751 2677 2820 erat,
2737 2765 2811 2807 eo
2855 2764 2981 2805 ma·

672 2832 772 2924 gis
832 2839 1003 2923 quod
1053 2838 1412 2924 Philippus,
1472 2839 1720 2906 callidis
1782 2839 2203 2903 circumdatus
2264 2840 2675 2923 consiliariis,
2735 2839 2989 2904 violen-

674 2938 834 3001 tiam
893 2934 1039 3001 dolo
1095 2936 1524 3020 temperabat,
1590 2940 1657 2999 et
1709 2934 1856 2998 dum
1916 2934 2237 3000 Ecclesiae
2290 2918 2605 3003 dominari
2661 2929 2996 3012 studebat,

676 3033 881 3097 zelum
945 3036 1012 3096 et
1075 3034 1537 3115 protectionem
1601 3022 1943 3096 simulabat
2005 3032 2355 3117 religioniS.
2470 3033 2764 3097 Clemens
2835 3051 2995 3094 vero

675 3150 808 3195 non
855 3130 1012 3194 satis
1056 3129 1482 3212 perspiciebat
1525 3129 1746 3192 omnia
1790 3127 2186 3193 discrimina.
2244 3127 2613 3194 Generatim
2654 3131 2787 3212 jam
2838 3132 2984 3191 ten-

674 3226 897 3290 dentia
952 3225 1275 3309 quaedam
1322 3224 1826 3300 conciliationiS,
1887 3225 2343 3290 moderationis
2402 3247 2477 3290 ac
2530 3224 2996 3289 transactionis

674 3322 1154 3406 praevaluerat3
1209 3322 1497 3405 adeoque
1542 3320 1856 3385 Bonifatii
1908 3326 2092 3404 gesta
2136 3325 2210 3384 ut
2261 3323 2475 3386 minus
2533 3321 2997 3403 prudentiaet

676 3421 1113 3504 inopportuna
1159 3418 1326 3482 forte
1369 3416 1678 3481 Pontifex
1734 3416 2198 3481 considerabat.
2291 3417 2455 3502 Regi
2502 3416 2787 3482 nationis
2835 3414 2992 3479 Gal-

675 3518 916 3600 lorum,
969 3536 1050 3579 ex
1098 3530 1226 3598 qua
1268 3515 1419 3599 *ipse
1462 3514 1772 3579 oriundus
1816 3520 1985 3594 erat,
2040 3519 2115 3577 ut
2141 3558 2148 3563 u
2166 3535 2355 3596 saepe
2400 3514 2669 3596 praelati
2721 3512 2999 3592 Galliae,

678 3614 891 3678 animo
935 3611 1225 3679 addictus
1270 3622 1438 3686 erat3
1486 3611 1650 3675 hinc
1696 3631 1861 3694 quae
1907 3610 2100 3674 salvis
2158 3615 2416 3674 tantum
2464 3609 2793 3693 principiis
2839 3628 2995 3673 cone

677 3709 813 3776 cedi
873 3704 1176 3792 poterant
1214 3703 1647 3772 concedebat.
1756 3706 1902 3770 Mox
1963 3706 2156 3770 etiam
2217 3706 2499 3770 influxus
2536 3704 2989 3769 Cal-dinalium

677 3805 913 3871 Italiae
953 3803 1159 3868 adhuc
1204 3825 1281 3867 eo
1317 3803 1674 3868 diminutus
1711 3809 1846 3882 gest,
1892 3802 2067 3886 quod·
2107 3802 2324 3884 plures
2366 3823 2570 3866 novos
2613 3800 2999 3866 cardinales

680 3901 900 3975 Gallos
945 3899 1241 3963 Clemens
1295 3902 1564 3983 creavit3
1620 3899 1769 3985 dum
1822 3921 1970 3964 vero
2024 3899 2091 3962 in
2147 3898 2456 3963 familiam
2510 3899 2828 3982 propriam
2878 3896 3000 3961 ad·

680 3994 937 4063 modum
1001 3996 1137 4060 esse
1195 3992 1570 4061 'ostenderet
1642 4000 2025 4079 propensum
2099 3996 2469 4080 multisque
2519 4018 2657 4059 eam
2725 3999 3002 4080 augeret-

679 4094 937 4181 gratiis,
992 4094 1186 4157 etiam
1229 4092 1379 4157 inde
1427 4092 1700 4156 vinculis
1753 4091 2133 4175 quibusdam
2189 4094 2570 4157 constrictus
2618 4091 2795 4169 fuit,
2838 4113 3003 4175 quo-

680 4194 890 4256 minus
945 4190 1309 4254 omnimoda
1353 4208 1497 4254 cum
1558 4189 1859 4252 libertate
1895 4209 1995 4253 ac·
2023 4189 2240 4272 vigore
2283 4194 2524 4272 ageret.
2620 4186 3004 4253 Virtutibus
