<?xml version="1.0" encoding="UTF-8"?>
<!DOCTYPE html PUBLIC "-//W3C//DTD XHTML 1.0 Transitional//EN"
    "http://www.w3.org/TR/xhtml1/DTD/xhtml1-transitional.dtd">
<html xmlns="http://www.w3.org/1999/xhtml" xml:lang="en" lang="en">
 <head>
  <title>
</title>
<meta http-equiv="Content-Type" content="text/html;charset=utf-8" />
  <meta name='ocr-system' content='tesseract 3.04.00' />
  <meta name='ocr-capabilities' content='ocr_page ocr_carea ocr_par ocr_line ocrx_word'/>
</head>
<body>
  <div class='ocr_page' id='page_1' title='image "./dissertationess05junggoog_0199.png"; bbox 0 0 3281 5014; ppageno 0'>
   <div class='ocr_carea' id='block_1_1' title="bbox 1038 467 2610 529">
    <p class='ocr_par' dir='ltr' id='par_1_1' title="bbox 1038 467 2610 529">
     <span class='ocr_line' id='line_1_1' title="bbox 1038 467 2610 529; baseline 0.006 -10"><span class='ocrx_word' id='word_1_1' title='bbox 1038 467 1123 523; x_wconf 88' lang='lat' dir='ltr'>De</span> <span class='ocrx_word' id='word_1_2' title='bbox 1160 467 1313 522; x_wconf 85' lang='lat' dir='ltr'>lucta</span> <span class='ocrx_word' id='word_1_3' title='bbox 1348 468 1614 522; x_wconf 87' lang='lat' dir='ltr'>Ludovici</span> <span class='ocrx_word' id='word_1_4' title='bbox 1647 470 1867 524; x_wconf 87' lang='lat' dir='ltr'>Bavari.</span> <span class='ocrx_word' id='word_1_5' title='bbox 2510 476 2610 529; x_wconf 87' lang='lat'>193</span> 
     </span>
    </p>
   </div>
   <div class='ocr_carea' id='block_1_2' title="bbox 293 608 2608 1372">
    <p class='ocr_par' dir='ltr' id='par_1_2' title="bbox 293 608 2608 1372">
     <span class='ocr_line' id='line_1_2' title="bbox 294 608 2607 701; baseline 0.003 -29"><span class='ocrx_word' id='word_1_6' title='bbox 294 608 435 672; x_wconf 89' lang='lat' dir='ltr'>riali</span> <span class='ocrx_word' id='word_1_7' title='bbox 480 629 814 673; x_wconf 87' lang='lat' dir='ltr'>remo-vere</span> <span class='ocrx_word' id='word_1_8' title='bbox 859 625 1043 693; x_wconf 79' lang='lat' dir='ltr'>posse</span> <span class='ocrx_word' id='word_1_9' title='bbox 1089 610 1452 688; x_wconf 75' lang='lat' dir='ltr'>asserebat,</span> <span class='ocrx_word' id='word_1_10' title='bbox 1513 611 1840 695; x_wconf 78' lang='lat' dir='ltr'>principiis</span> <span class='ocrx_word' id='word_1_11' title='bbox 1898 613 2154 678; x_wconf 85' lang='lat' dir='ltr'>traditis</span> <span class='ocrx_word' id='word_1_12' title='bbox 2202 637 2274 680; x_wconf 89' lang='lat' dir='ltr'>ac</span> <span class='ocrx_word' id='word_1_13' title='bbox 2312 618 2460 701; x_wconf 87' lang='lat' dir='ltr'>jure</span> <span class='ocrx_word' id='word_1_14' title='bbox 2507 638 2607 681; x_wconf 92' lang='lat' dir='ltr'>re-</span> 
     </span>
     <span class='ocr_line' id='line_1_3' title="bbox 294 705 2608 798; baseline 0.003 -28"><span class='ocrx_word' id='word_1_15' title='bbox 294 706 495 788; x_wconf 79' lang='lat' dir='ltr'>ceptis</span> <span class='ocrx_word' id='word_1_16' title='bbox 542 705 877 770; x_wconf 76' lang='lat' dir='ltr'>institisse.</span> <span class='ocrx_word' id='word_1_17' title='bbox 972 705 1262 770; x_wconf 87' lang='lat' dir='ltr'>Examen</span> <span class='ocrx_word' id='word_1_18' title='bbox 1308 729 1346 770; x_wconf 89' lang='lat' dir='ltr'>a</span> <span class='ocrx_word' id='word_1_19' title='bbox 1391 707 1708 779; x_wconf 80' lang='lat' dir='ltr'>Pontifice</span> <span class='ocrx_word' id='word_1_20' title='bbox 1765 709 2235 776; x_wconf 83' lang='lat' dir='ltr'>instituendum</span> <span class='ocrx_word' id='word_1_21' title='bbox 2283 734 2358 777; x_wconf 89' lang='lat' dir='ltr'>eo</span> <span class='ocrx_word' id='word_1_22' title='bbox 2404 715 2608 798; x_wconf 83' lang='lat' dir='ltr'>magis</span> 
     </span>
     <span class='ocr_line' id='line_1_4' title="bbox 293 801 2607 889; baseline 0.003 -24"><span class='ocrx_word' id='word_1_23' title='bbox 293 802 723 867; x_wconf 88' lang='lat' dir='ltr'>necessarium</span> <span class='ocrx_word' id='word_1_24' title='bbox 784 805 955 879; x_wconf 89' lang='lat' dir='ltr'>erat,</span> <span class='ocrx_word' id='word_1_25' title='bbox 1022 801 1194 887; x_wconf 87' lang='lat' dir='ltr'>quod</span> <span class='ocrx_word' id='word_1_26' title='bbox 1254 825 1389 868; x_wconf 90' lang='lat' dir='ltr'>non</span> <span class='ocrx_word' id='word_1_27' title='bbox 1447 826 1591 869; x_wconf 88' lang='lat' dir='ltr'>raro</span> <span class='ocrx_word' id='word_1_28' title='bbox 1654 805 1968 889; x_wconf 86' lang='lat' dir='ltr'>principes</span> <span class='ocrx_word' id='word_1_29' title='bbox 2029 808 2333 873; x_wconf 86' lang='lat' dir='ltr'>electores</span> <span class='ocrx_word' id='word_1_30' title='bbox 2394 809 2607 873; x_wconf 90' lang='lat' dir='ltr'>minus</span> 
     </span>
     <span class='ocr_line' id='line_1_5' title="bbox 294 897 2606 985; baseline 0.004 -24"><span class='ocrx_word' id='word_1_31' title='bbox 294 897 640 963; x_wconf 89' lang='lat' dir='ltr'>secundum</span> <span class='ocrx_word' id='word_1_32' title='bbox 687 899 1074 983; x_wconf 87' lang='lat' dir='ltr'>dignitatem</span> <span class='ocrx_word' id='word_1_33' title='bbox 1121 921 1464 983; x_wconf 85' lang='lat' dir='ltr'>personae,</span> <span class='ocrx_word' id='word_1_34' title='bbox 1517 924 1711 985; x_wconf 90' lang='lat' dir='ltr'>quam</span> <span class='ocrx_word' id='word_1_35' title='bbox 1756 902 2105 967; x_wconf 90' lang='lat' dir='ltr'>secundum</span> <span class='ocrx_word' id='word_1_36' title='bbox 2151 927 2486 970; x_wconf 89' lang='lat' dir='ltr'>munerum</span> <span class='ocrx_word' id='word_1_37' title='bbox 2532 928 2606 971; x_wconf 87' lang='lat' dir='ltr'>ac</span> 
     </span>
     <span class='ocr_line' id='line_1_6' title="bbox 297 995 2603 1085; baseline 0.003 -27"><span class='ocrx_word' id='word_1_38' title='bbox 297 1016 705 1059; x_wconf 89' lang='lat' dir='ltr'>nummorum</span> <span class='ocrx_word' id='word_1_39' title='bbox 737 995 1184 1079; x_wconf 87' lang='lat' dir='ltr'>elargitionem</span> <span class='ocrx_word' id='word_1_40' title='bbox 1234 997 1349 1061; x_wconf 89' lang='lat' dir='ltr'>uni</span> <span class='ocrx_word' id='word_1_41' title='bbox 1394 1019 1547 1081; x_wconf 89' lang='lat' dir='ltr'>prae</span> <span class='ocrx_word' id='word_1_42' title='bbox 1592 999 1796 1063; x_wconf 85' lang='lat' dir='ltr'>altero</span> <span class='ocrx_word' id='word_1_43' title='bbox 1837 1000 2145 1085; x_wconf 83' lang='lat' dir='ltr'>suffragia</span> <span class='ocrx_word' id='word_1_44' title='bbox 2188 1023 2305 1065; x_wconf 86' lang='lat' dir='ltr'>sua</span> <span class='ocrx_word' id='word_1_45' title='bbox 2343 1002 2603 1067; x_wconf 82' lang='lat' dir='ltr'>dabant.</span> 
     </span>
     <span class='ocr_line' id='line_1_7' title="bbox 293 1090 2605 1181; baseline 0.003 -25"><span class='ocrx_word' id='word_1_46' title='bbox 293 1090 538 1156; x_wconf 84' lang='lat' dir='ltr'>Rerum</span> <span class='ocrx_word' id='word_1_47' title='bbox 609 1092 1011 1175; x_wconf 82' lang='lat' dir='ltr'>perturbatio</span> <span class='ocrx_word' id='word_1_48' title='bbox 1080 1092 1229 1158; x_wconf 90' lang='lat' dir='ltr'>inde</span> <span class='ocrx_word' id='word_1_49' title='bbox 1301 1094 1619 1177; x_wconf 84' lang='lat' dir='ltr'>originem</span> <span class='ocrx_word' id='word_1_50' title='bbox 1688 1094 1996 1175; x_wconf 87' lang='lat' dir='ltr'>habebat,</span> <span class='ocrx_word' id='word_1_51' title='bbox 2065 1097 2236 1181; x_wconf 88' lang='lat' dir='ltr'>quod</span> <span class='ocrx_word' id='word_1_52' title='bbox 2299 1098 2605 1163; x_wconf 84' lang='lat' dir='ltr'>electores</span> 
     </span>
     <span class='ocr_line' id='line_1_8' title="bbox 294 1187 2603 1278; baseline 0.003 -25"><span class='ocrx_word' id='word_1_53' title='bbox 294 1187 506 1253; x_wconf 86' lang='lat' dir='ltr'>officio</span> <span class='ocrx_word' id='word_1_54' title='bbox 550 1210 667 1253; x_wconf 90' lang='lat' dir='ltr'>suo</span> <span class='ocrx_word' id='word_1_55' title='bbox 714 1188 1094 1272; x_wconf 87' lang='lat' dir='ltr'>procurandi</span> <span class='ocrx_word' id='word_1_56' title='bbox 1152 1190 1653 1255; x_wconf 85' lang='lat' dir='ltr'>unanimitatem</span> <span class='ocrx_word' id='word_1_57' title='bbox 1700 1191 2067 1275; x_wconf 85' lang='lat' dir='ltr'>defuerant,</span> <span class='ocrx_word' id='word_1_58' title='bbox 2125 1195 2421 1278; x_wconf 89' lang='lat' dir='ltr'>quodque</span> <span class='ocrx_word' id='word_1_59' title='bbox 2470 1195 2603 1260; x_wconf 84' lang='lat' dir='ltr'>Lu-</span> 
     </span>
     <span class='ocr_line' id='line_1_9' title="bbox 293 1285 1768 1372; baseline 0.003 -23"><span class='ocrx_word' id='word_1_60' title='bbox 293 1285 550 1350; x_wconf 84' lang='lat' dir='ltr'>dovicus</span> <span class='ocrx_word' id='word_1_61' title='bbox 588 1287 740 1371; x_wconf 91' lang='lat' dir='ltr'>jura</span> <span class='ocrx_word' id='word_1_62' title='bbox 790 1285 1109 1352; x_wconf 87' lang='lat' dir='ltr'>Ecclesiae</span> <span class='ocrx_word' id='word_1_63' title='bbox 1152 1292 1370 1369; x_wconf 85' lang='lat' dir='ltr'>aperte</span> <span class='ocrx_word' id='word_1_64' title='bbox 1416 1287 1707 1353; x_wconf 84' lang='lat' dir='ltr'>violarat.</span> <span class='ocrx_word' id='word_1_65' title='bbox 1717 1285 1768 1372; x_wconf 85' lang='grc'>1)</span> 
     </span>
    </p>
   </div>
   <div class='ocr_carea' id='block_1_3' title="bbox 274 1433 2934 4040">
    <p class='ocr_par' dir='ltr' id='par_1_3' title="bbox 274 1433 2934 4040">
     <span class='ocr_line' id='line_1_10' title="bbox 466 1433 2934 1523; baseline 0.001 -26"><span class='ocrx_word' id='word_1_66' title='bbox 466 1435 571 1498; x_wconf 85' lang='grc'>46.</span> <span class='ocrx_word' id='word_1_67' title='bbox 636 1433 846 1509; x_wconf 84' lang='lat' dir='ltr'>Quum</span> <span class='ocrx_word' id='word_1_68' title='bbox 913 1433 1276 1499; x_wconf 88' lang='lat' dir='ltr'>Ludovicus</span> <span class='ocrx_word' id='word_1_69' title='bbox 1339 1435 1650 1501; x_wconf 89' lang='lat' dir='ltr'>terminos</span> <span class='ocrx_word' id='word_1_70' title='bbox 1713 1459 1751 1500; x_wconf 89' lang='lat' dir='ltr'>a</span> <span class='ocrx_word' id='word_1_71' title='bbox 1810 1436 2125 1503; x_wconf 89' lang='lat' dir='ltr'>Pontifice</span> <span class='ocrx_word' id='word_1_72' title='bbox 2182 1439 2306 1504; x_wconf 90' lang='lat' dir='ltr'>sibi</span> <span class='ocrx_word' id='word_1_73' title='bbox 2362 1441 2603 1523; x_wconf 87' lang='lat' dir='ltr'>positos</span> <span class='ocrx_word' id='word_1_74' title='bbox 2622 1448 2856 1501; x_wconf 76' lang='lat' dir='ltr'>Regnopri</span> <span class='ocrx_word' id='word_1_75' title='bbox 2820 1461 2934 1492; x_wconf 78' lang='lat' dir='ltr'>n-va</span> 
     </span>
     <span class='ocr_line' id='line_1_11' title="bbox 292 1513 2819 1620; baseline 0.004 -28"><span class='ocrx_word' id='word_1_76' title='bbox 292 1529 372 1593; x_wconf 87' lang='lat' dir='ltr'>ad</span> <span class='ocrx_word' id='word_1_77' title='bbox 432 1552 565 1594; x_wconf 90' lang='lat' dir='ltr'>rem</span> <span class='ocrx_word' id='word_1_78' title='bbox 626 1533 693 1596; x_wconf 91' lang='lat' dir='ltr'>in</span> <span class='ocrx_word' id='word_1_79' title='bbox 750 1530 993 1615; x_wconf 85' lang='lat' dir='ltr'>judicio</span> <span class='ocrx_word' id='word_1_80' title='bbox 1054 1531 1460 1596; x_wconf 87' lang='lat' dir='ltr'>tractandam</span> <span class='ocrx_word' id='word_1_81' title='bbox 1523 1539 1886 1615; x_wconf 89' lang='lat' dir='ltr'>sperneret,</span> <span class='ocrx_word' id='word_1_82' title='bbox 1960 1557 2074 1599; x_wconf 90' lang='lat' dir='ltr'>nec</span> <span class='ocrx_word' id='word_1_83' title='bbox 2133 1535 2380 1620; x_wconf 83' lang='lat' dir='ltr'>legatos</span> <span class='ocrx_word' id='word_1_84' title='bbox 2444 1536 2604 1602; x_wconf 88' lang='lat' dir='ltr'>Ave·</span> <span class='ocrx_word' id='word_1_85' title='bbox 2733 1513 2819 1552; x_wconf 60' lang='lat' dir='ltr'>tur</span> 
     </span>
     <span class='ocr_line' id='line_1_12' title="bbox 292 1626 2603 1739; baseline 0.003 -48"><span class='ocrx_word' id='word_1_86' title='bbox 292 1626 554 1693; x_wconf 90' lang='lat' dir='ltr'>nionem</span> <span class='ocrx_word' id='word_1_87' title='bbox 620 1629 943 1705; x_wconf 87' lang='lat' dir='ltr'>mitteret,</span> <span class='ocrx_word' id='word_1_88' title='bbox 1012 1632 1334 1739; x_wconf 76' lang='lat' dir='ltr'>postremo</span> <span class='ocrx_word' id='word_1_89' title='bbox 1390 1627 1677 1694; x_wconf 85' lang='lat' dir='ltr'>Joannes</span> <span class='ocrx_word' id='word_1_90' title='bbox 1739 1630 1840 1695; x_wconf 91' lang='lat' dir='ltr'>die</span> <span class='ocrx_word' id='word_1_91' title='bbox 1915 1630 2024 1696; x_wconf 89' lang='lat'>11⁰</span> <span class='ocrx_word' id='word_1_92' title='bbox 2084 1633 2243 1697; x_wconf 87' lang='lat' dir='ltr'>Julii</span> <span class='ocrx_word' id='word_1_93' title='bbox 2310 1656 2366 1697; x_wconf 89' lang='lat' dir='ltr'>a.</span> <span class='ocrx_word' id='word_1_94' title='bbox 2435 1636 2603 1698; x_wconf 85' lang='lat'>1324</span> 
     </span>
     <span class='ocr_line' id='line_1_13' title="bbox 291 1724 2602 1812; baseline 0.004 -25"><span class='ocrx_word' id='word_1_95' title='bbox 291 1724 553 1788; x_wconf 86' lang='lat' dir='ltr'>tertiam</span> <span class='ocrx_word' id='word_1_96' title='bbox 622 1726 1011 1789; x_wconf 86' lang='lat' dir='ltr'>sententiam</span> <span class='ocrx_word' id='word_1_97' title='bbox 1081 1725 1148 1788; x_wconf 90' lang='lat' dir='ltr'>in</span> <span class='ocrx_word' id='word_1_98' title='bbox 1215 1726 1421 1808; x_wconf 89' lang='lat' dir='ltr'>ipsum</span> <span class='ocrx_word' id='word_1_99' title='bbox 1491 1728 1952 1812; x_wconf 85' lang='lat' dir='ltr'>promulgavit,</span> <span class='ocrx_word' id='word_1_100' title='bbox 2024 1752 2152 1812; x_wconf 87' lang='lat' dir='ltr'>qua</span> <span class='ocrx_word' id='word_1_101' title='bbox 2220 1752 2361 1793; x_wconf 88' lang='lat' dir='ltr'>eum</span> <span class='ocrx_word' id='word_1_102' title='bbox 2425 1732 2602 1796; x_wconf 90' lang='lat' dir='ltr'>omni</span> 
     </span>
     <span class='ocr_line' id='line_1_14' title="bbox 284 1807 2602 1912; baseline 0.003 -27"><span class='ocrx_word' id='word_1_103' title='bbox 284 1822 431 1904; x_wconf 88' lang='lat' dir='ltr'>jure</span> <span class='ocrx_word' id='word_1_104' title='bbox 478 1821 558 1886; x_wconf 85' lang='lat' dir='ltr'>ad</span> <span class='ocrx_word' id='word_1_105' title='bbox 601 1843 872 1906; x_wconf 86' lang='lat' dir='ltr'>regnum</span> <span class='ocrx_word' id='word_1_106' title='bbox 921 1822 1132 1905; x_wconf 86' lang='lat' dir='ltr'>privat</span> <span class='ocrx_word' id='word_1_107' title='bbox 1171 1821 1275 1886; x_wconf 88' lang='lat' dir='ltr'>his</span> <span class='ocrx_word' id='word_1_108' title='bbox 1323 1824 1596 1888; x_wconf 88' lang='lat' dir='ltr'>verbis·</span> <span class='ocrx_word' id='word_1_109' title='bbox 1612 1822 1720 1888; x_wconf 90' lang='lat' dir='ltr'>De</span> <span class='ocrx_word' id='word_1_110' title='bbox 1759 1824 2053 1907; x_wconf 77' lang='lat' dir='ltr'>fratrum</span> <span class='ocrx_word' id='word_1_111' title='bbox 2099 1807 2393 1908; x_wconf 88' lang='lat' dir='ltr'>ipsorum</span> <span class='ocrx_word' id='word_1_112' title='bbox 2420 1816 2602 1912; x_wconf 86' lang='lat' dir='ltr'>(Car-</span> 
     </span>
     <span class='ocr_line' id='line_1_15' title="bbox 292 1911 2604 2005; baseline 0.003 -24"><span class='ocrx_word' id='word_1_113' title='bbox 292 1911 392 1981; x_wconf 65' lang='grc' dir='ltr'>(Γ</span> <span class='ocrx_word' id='word_1_114' title='bbox 360 1919 631 2001; x_wconf 87' lang='lat' dir='ltr'>nahum)</span> <span class='ocrx_word' id='word_1_115' title='bbox 687 1916 954 1983; x_wconf 88' lang='lat' dir='ltr'>consilio</span> <span class='ocrx_word' id='word_1_116' title='bbox 1008 1922 1434 1984; x_wconf 88' lang='lat' dir='ltr'>memoratum</span> <span class='ocrx_word' id='word_1_117' title='bbox 1481 1919 1774 1999; x_wconf 82' lang='lat' dir='ltr'>electum,</span> <span class='ocrx_word' id='word_1_118' title='bbox 1835 1920 1949 2003; x_wconf 79' lang='lat' dir='ltr'>qui</span> <span class='ocrx_word' id='word_1_119' title='bbox 1997 1927 2269 2005; x_wconf 86' lang='lat' dir='ltr'>propter</span> <span class='ocrx_word' id='word_1_120' title='bbox 2313 1943 2604 1988; x_wconf 81' lang='lat' dir='ltr'>excessus</span> 
     </span>
     <span class='ocr_line' id='line_1_16' title="bbox 291 2012 2600 2100; baseline 0.003 -23"><span class='ocrx_word' id='word_1_121' title='bbox 291 2012 607 2093; x_wconf 88' lang='lat' dir='ltr'>notorios,</span> <span class='ocrx_word' id='word_1_122' title='bbox 666 2019 1065 2097; x_wconf 89' lang='lat' dir='ltr'>contemptus</span> <span class='ocrx_word' id='word_1_123' title='bbox 1111 2036 1359 2097; x_wconf 80' lang='lat' dir='ltr'>quoque</span> <span class='ocrx_word' id='word_1_124' title='bbox 1414 2020 1476 2080; x_wconf 96' lang='lat' dir='ltr'>et</span> <span class='ocrx_word' id='word_1_125' title='bbox 1528 2016 1987 2100; x_wconf 86' lang='lat' dir='ltr'>superadditas</span> <span class='ocrx_word' id='word_1_126' title='bbox 2035 2017 2402 2084; x_wconf 87' lang='lat' dir='ltr'>obstinatas</span> <span class='ocrx_word' id='word_1_127' title='bbox 2457 2040 2600 2085; x_wconf 87' lang='lat' dir='ltr'>con-</span> 
     </span>
     <span class='ocr_line' id='line_1_17' title="bbox 293 2110 2604 2198; baseline 0.003 -24"><span class='ocrx_word' id='word_1_128' title='bbox 293 2110 616 2176; x_wconf 86' lang='lat' dir='ltr'>tumacias</span> <span class='ocrx_word' id='word_1_129' title='bbox 660 2112 1100 2194; x_wconf 83' lang='lat' dir='ltr'>supradictas,</span> <span class='ocrx_word' id='word_1_130' title='bbox 1160 2116 1296 2177; x_wconf 91' lang='lat' dir='ltr'>tam</span> <span class='ocrx_word' id='word_1_131' title='bbox 1339 2112 1413 2178; x_wconf 92' lang='lat' dir='ltr'>in</span> <span class='ocrx_word' id='word_1_132' title='bbox 1455 2134 1586 2178; x_wconf 92' lang='lat' dir='ltr'>non</span> <span class='ocrx_word' id='word_1_133' title='bbox 1643 2114 2067 2197; x_wconf 89' lang='lat' dir='ltr'>comparendo</span> <span class='ocrx_word' id='word_1_134' title='bbox 2113 2115 2240 2180; x_wconf 87' lang='lat' dir='ltr'>sibi</span> <span class='ocrx_word' id='word_1_135' title='bbox 2290 2115 2604 2198; x_wconf 76' lang='lat' dir='ltr'>praefixis</span> 
     </span>
     <span class='ocr_line' id='line_1_18' title="bbox 292 2206 2600 2295; baseline 0.003 -25"><span class='ocrx_word' id='word_1_136' title='bbox 292 2206 619 2288; x_wconf 87' lang='lat' dir='ltr'>terminis,</span> <span class='ocrx_word' id='word_1_137' title='bbox 682 2229 877 2290; x_wconf 78' lang='lat' dir='ltr'>quam</span> <span class='ocrx_word' id='word_1_138' title='bbox 929 2209 1003 2276; x_wconf 88' lang='lat' dir='ltr'>in</span> <span class='ocrx_word' id='word_1_139' title='bbox 1058 2229 1191 2275; x_wconf 90' lang='lat' dir='ltr'>non</span> <span class='ocrx_word' id='word_1_140' title='bbox 1235 2209 1533 2292; x_wconf 88' lang='lat' dir='ltr'>parendo</span> <span class='ocrx_word' id='word_1_141' title='bbox 1589 2210 1836 2275; x_wconf 87' lang='lat' dir='ltr'>nostris</span> <span class='ocrx_word' id='word_1_142' title='bbox 1888 2211 2295 2278; x_wconf 83' lang='lat' dir='ltr'>salutaribus</span> <span class='ocrx_word' id='word_1_143' title='bbox 2343 2233 2600 2295; x_wconf 90' lang='lat' dir='ltr'>praece-</span> 
     </span>
     <span class='ocr_line' id='line_1_19' title="bbox 287 2302 2604 2391; baseline 0.003 -23"><span class='ocrx_word' id='word_1_144' title='bbox 287 2302 422 2386; x_wconf 86' lang='lat' dir='ltr'>ptis</span> <span class='ocrx_word' id='word_1_145' title='bbox 467 2308 527 2369; x_wconf 90' lang='lat' dir='ltr'>et</span> <span class='ocrx_word' id='word_1_146' title='bbox 571 2304 867 2386; x_wconf 87' lang='lat' dir='ltr'>monitis,</span> <span class='ocrx_word' id='word_1_147' title='bbox 916 2357 929 2369; x_wconf 92' lang='lat'>.</span> <span class='ocrx_word' id='word_1_148' title='bbox 980 2359 992 2372; x_wconf 93' lang='lat'>.</span> <span class='ocrx_word' id='word_1_149' title='bbox 1043 2356 1057 2371; x_wconf 92' lang='lat'>.</span> <span class='ocrx_word' id='word_1_150' title='bbox 1116 2326 1313 2390; x_wconf 72' lang='lat' dir='ltr'>reyno</span> <span class='ocrx_word' id='word_1_151' title='bbox 1370 2310 1431 2370; x_wconf 92' lang='lat' dir='ltr'>et</span> <span class='ocrx_word' id='word_1_152' title='bbox 1486 2306 1762 2389; x_wconf 91' lang='lat' dir='ltr'>imperio</span> <span class='ocrx_word' id='word_1_153' title='bbox 1818 2307 2101 2373; x_wconf 76' lang='lat' dir='ltr'>reddidit</span> <span class='ocrx_word' id='word_1_154' title='bbox 2154 2308 2604 2391; x_wconf 82' lang='lat' dir='ltr'>multipliciter</span> 
     </span>
     <span class='ocr_line' id='line_1_20' title="bbox 292 2400 2606 2486; baseline 0.003 -21"><span class='ocrx_word' id='word_1_155' title='bbox 292 2420 357 2465; x_wconf 87' lang='lat' dir='ltr'>se</span> <span class='ocrx_word' id='word_1_156' title='bbox 400 2400 783 2483; x_wconf 62' lang='lat' dir='ltr'>indignum,</span> <span class='ocrx_word' id='word_1_157' title='bbox 847 2401 1086 2485; x_wconf 78' lang='lat' dir='ltr'>quique</span> <span class='ocrx_word' id='word_1_158' title='bbox 1119 2406 1392 2486; x_wconf 84' lang='lat' dir='ltr'>propter</span> <span class='ocrx_word' id='word_1_159' title='bbox 1435 2423 1620 2467; x_wconf 84' lang='lat' dir='ltr'>suam</span> <span class='ocrx_word' id='word_1_160' title='bbox 1659 2408 2038 2486; x_wconf 76' lang='lat' dir='ltr'>protervam</span> <span class='ocrx_word' id='word_1_161' title='bbox 2083 2404 2499 2471; x_wconf 73' lang='lat' dir='ltr'>ambitionem</span> <span class='ocrx_word' id='word_1_162' title='bbox 2544 2410 2606 2471; x_wconf 87' lang='lat' dir='ltr'>et</span> 
     </span>
     <span class='ocr_line' id='line_1_21' title="bbox 287 2496 2600 2608; baseline 0.003 -46.015"><span class='ocrx_word' id='word_1_163' title='bbox 287 2496 635 2608; x_wconf 80' lang='lat' dir='ltr'>superbam</span> <span class='ocrx_word' id='word_1_164' title='bbox 684 2499 1087 2583; x_wconf 81' lang='lat' dir='ltr'>proterviam</span> <span class='ocrx_word' id='word_1_165' title='bbox 1143 2521 1185 2566; x_wconf 90' lang='lat' dir='ltr'>a</span> <span class='ocrx_word' id='word_1_166' title='bbox 1241 2500 1382 2565; x_wconf 88' lang='lat' dir='ltr'>Deo</span> <span class='ocrx_word' id='word_1_167' title='bbox 1441 2520 1522 2565; x_wconf 89' lang='lat' dir='ltr'>ne</span> <span class='ocrx_word' id='word_1_168' title='bbox 1579 2505 1804 2585; x_wconf 71' lang='lat' dir='ltr'>reynet</span> <span class='ocrx_word' id='word_1_169' title='bbox 1861 2500 1956 2566; x_wconf 90' lang='lat' dir='ltr'>vel</span> <span class='ocrx_word' id='word_1_170' title='bbox 2013 2500 2283 2586; x_wconf 83' lang='lat' dir='ltr'>imperet</span> <span class='ocrx_word' id='word_1_171' title='bbox 2347 2509 2440 2568; x_wconf 89' lang='lat' dir='ltr'>est</span> <span class='ocrx_word' id='word_1_172' title='bbox 2488 2502 2600 2570; x_wconf 89' lang='lat' dir='ltr'>ab·</span> 
     </span>
     <span class='ocr_line' id='line_1_22' title="bbox 274 2595 2601 2684; baseline 0.003 -25"><span class='ocrx_word' id='word_1_173' title='bbox 274 2595 522 2678; x_wconf 83' lang='lat' dir='ltr'>jectus,</span> <span class='ocrx_word' id='word_1_174' title='bbox 576 2595 916 2680; x_wconf 80' lang='lat' dir='ltr'>ipsumque</span> <span class='ocrx_word' id='word_1_175' title='bbox 962 2597 1367 2663; x_wconf 86' lang='lat' dir='ltr'>Ludovicum</span> <span class='ocrx_word' id='word_1_176' title='bbox 1413 2597 1637 2662; x_wconf 87' lang='lat' dir='ltr'>ducem</span> <span class='ocrx_word' id='word_1_177' title='bbox 1683 2598 2022 2664; x_wconf 89' lang='lat' dir='ltr'>Bavariae</span> <span class='ocrx_word' id='word_1_178' title='bbox 2074 2598 2253 2665; x_wconf 91' lang='lat' dir='ltr'>omni</span> <span class='ocrx_word' id='word_1_179' title='bbox 2298 2600 2483 2684; x_wconf 79' lang='lat' dir='ltr'>jure,</span> <span class='ocrx_word' id='word_1_180' title='bbox 2541 2601 2601 2666; x_wconf 89' lang='lat' dir='ltr'>si</span> 
     </span>
     <span class='ocr_line' id='line_1_23' title="bbox 291 2692 2602 2781; baseline 0.003 -25"><span class='ocrx_word' id='word_1_181' title='bbox 291 2692 461 2774; x_wconf 77' lang='lat' dir='ltr'>quod</span> <span class='ocrx_word' id='word_1_182' title='bbox 526 2692 653 2758; x_wconf 87' lang='lat' dir='ltr'>sibi</span> <span class='ocrx_word' id='word_1_183' title='bbox 714 2715 794 2759; x_wconf 82' lang='lat' dir='ltr'>ex</span> <span class='ocrx_word' id='word_1_184' title='bbox 856 2694 1155 2759; x_wconf 80' lang='lat' dir='ltr'>electione</span> <span class='ocrx_word' id='word_1_185' title='bbox 1212 2694 1553 2776; x_wconf 85' lang='lat' dir='ltr'>praedicta</span> <span class='ocrx_word' id='word_1_186' title='bbox 1616 2700 1964 2778; x_wconf 85' lang='lat' dir='ltr'>competere</span> <span class='ocrx_word' id='word_1_187' title='bbox 2025 2717 2138 2763; x_wconf 88' lang='lat' dir='ltr'>seu</span> <span class='ocrx_word' id='word_1_188' title='bbox 2207 2697 2602 2781; x_wconf 87' lang='lat' dir='ltr'>competiisse</span> 
     </span>
     <span class='ocr_line' id='line_1_24' title="bbox 280 2791 2597 2874; baseline 0.003 -21"><span class='ocrx_word' id='word_1_189' title='bbox 280 2793 571 2872; x_wconf 83' lang='lat' dir='ltr'>poterat,</span> <span class='ocrx_word' id='word_1_190' title='bbox 640 2811 716 2856; x_wconf 87' lang='lat' dir='ltr'>ac</span> <span class='ocrx_word' id='word_1_191' title='bbox 776 2791 1062 2857; x_wconf 90' lang='lat' dir='ltr'>dominio</span> <span class='ocrx_word' id='word_1_192' title='bbox 1115 2791 1458 2874; x_wconf 85' lang='lat' dir='ltr'>privatum</span> <span class='ocrx_word' id='word_1_193' title='bbox 1531 2791 1998 2859; x_wconf 78' lang='lat' dir='ltr'>denuntiamus</span> <span class='ocrx_word' id='word_1_194' title='bbox 2058 2799 2118 2859; x_wconf 92' lang='lat' dir='ltr'>et</span> <span class='ocrx_word' id='word_1_195' title='bbox 2184 2794 2597 2867; x_wconf 80' lang='lat' dir='ltr'>ostendimus,</span> 
     </span>
     <span class='ocr_line' id='line_1_25' title="bbox 289 2885 2597 2972; baseline 0.003 -22"><span class='ocrx_word' id='word_1_196' title='bbox 289 2905 532 2968; x_wconf 78' lang='lat' dir='ltr'>nosque</span> <span class='ocrx_word' id='word_1_197' title='bbox 583 2885 803 2967; x_wconf 87' lang='lat' dir='ltr'>ipsum</span> <span class='ocrx_word' id='word_1_198' title='bbox 845 2889 1007 2971; x_wconf 71' lang='lat' dir='ltr'>Jure</span> <span class='ocrx_word' id='word_1_199' title='bbox 1050 2888 1362 2971; x_wconf 82' lang='lat' dir='ltr'>praefato</span> <span class='ocrx_word' id='word_1_200' title='bbox 1418 2888 1868 2955; x_wconf 77' lang='lat' dir='ltr'>sententiando</span> <span class='ocrx_word' id='word_1_201' title='bbox 1921 2889 2258 2972; x_wconf 81' lang='lat' dir='ltr'>privatum</span> <span class='ocrx_word' id='word_1_202' title='bbox 2314 2890 2597 2956; x_wconf 84' lang='lat' dir='ltr'>declara-</span> 
     </span>
     <span class='ocr_line' id='line_1_26' title="bbox 289 2983 2600 3071; baseline 0.003 -24"><span class='ocrx_word' id='word_1_203' title='bbox 289 3003 436 3048; x_wconf 86' lang='lat' dir='ltr'>mus</span> <span class='ocrx_word' id='word_1_204' title='bbox 472 2987 532 3047; x_wconf 90' lang='lat' dir='ltr'>et</span> <span class='ocrx_word' id='word_1_205' title='bbox 567 2983 931 3067; x_wconf 88' lang='lat' dir='ltr'>privamus.</span> <span class='ocrx_word' id='word_1_206' title='bbox 1021 2985 1333 3050; x_wconf 88' lang='lat' dir='ltr'>Prohibet</span> <span class='ocrx_word' id='word_1_207' title='bbox 1379 2987 1709 3065; x_wconf 73' lang='lat' dir='ltr'>omnibu8,</span> <span class='ocrx_word' id='word_1_208' title='bbox 1769 2990 2113 3071; x_wconf 86' lang='lat' dir='ltr'>quominus</span> <span class='ocrx_word' id='word_1_209' title='bbox 2157 2987 2482 3053; x_wconf 88' lang='lat' dir='ltr'>Ludovico</span> <span class='ocrx_word' id='word_1_210' title='bbox 2529 2998 2600 3053; x_wconf 89' lang='lat' dir='ltr'>ut</span> 
     </span>
     <span class='ocr_line' id='line_1_27' title="bbox 289 3079 2596 3165; baseline 0.003 -22"><span class='ocrx_word' id='word_1_211' title='bbox 289 3079 672 3165; x_wconf 82' lang='lat' dir='ltr'>Imperatori</span> <span class='ocrx_word' id='word_1_212' title='bbox 729 3082 1054 3148; x_wconf 87' lang='lat' dir='ltr'>obediant.</span> <span class='ocrx_word' id='word_1_213' title='bbox 1149 3081 1241 3145; x_wconf 86' lang='lat' dir='ltr'>Et</span> <span class='ocrx_word' id='word_1_214' title='bbox 1294 3080 1662 3164; x_wconf 81' lang='lat' dir='ltr'>specialiter</span> <span class='ocrx_word' id='word_1_215' title='bbox 1714 3082 2042 3148; x_wconf 86' lang='lat' dir='ltr'>universis</span> <span class='ocrx_word' id='word_1_216' title='bbox 2095 3083 2327 3149; x_wconf 86' lang='lat' dir='ltr'>incolis</span> <span class='ocrx_word' id='word_1_217' title='bbox 2378 3089 2439 3149; x_wconf 91' lang='lat' dir='ltr'>et</span> <span class='ocrx_word' id='word_1_218' title='bbox 2483 3084 2596 3151; x_wconf 84' lang='lat' dir='ltr'>ha·</span> 
     </span>
     <span class='ocr_line' id='line_1_28' title="bbox 293 3174 2607 3264; baseline 0.003 -25"><span class='ocrx_word' id='word_1_219' title='bbox 293 3174 682 3243; x_wconf 84' lang='lat' dir='ltr'>bitatoribus</span> <span class='ocrx_word' id='word_1_220' title='bbox 737 3178 1104 3244; x_wconf 88' lang='lat' dir='ltr'>eorumdem</span> <span class='ocrx_word' id='word_1_221' title='bbox 1163 3177 1352 3261; x_wconf 71' lang='lat' dir='ltr'>reqni</span> <span class='ocrx_word' id='word_1_222' title='bbox 1412 3181 1474 3242; x_wconf 91' lang='lat' dir='ltr'>et</span> <span class='ocrx_word' id='word_1_223' title='bbox 1530 3177 1800 3264; x_wconf 82' lang='lat' dir='ltr'>imperii</span> <span class='ocrx_word' id='word_1_224' title='bbox 1859 3179 2048 3244; x_wconf 86' lang='lat' dir='ltr'>Rom.</span> <span class='ocrx_word' id='word_1_225' title='bbox 2112 3179 2479 3246; x_wconf 84' lang='lat' dir='ltr'>inhibemus</span> <span class='ocrx_word' id='word_1_226' title='bbox 2537 3174 2607 3246; x_wconf 89' lang='lat' dir='ltr'>et</span> 
     </span>
     <span class='ocr_line' id='line_1_29' title="bbox 292 3267 2598 3359; baseline 0.003 -23"><span class='ocrx_word' id='word_1_227' title='bbox 292 3273 681 3340; x_wconf 87' lang='lat' dir='ltr'>mandamus</span> <span class='ocrx_word' id='word_1_228' title='bbox 739 3295 1064 3358; x_wconf 77' lang='lat' dir='ltr'>expresse,</span> <span class='ocrx_word' id='word_1_229' title='bbox 1126 3267 1208 3340; x_wconf 68' lang='lat' dir='ltr'>ne</span> <span class='ocrx_word' id='word_1_230' title='bbox 1263 3273 1463 3339; x_wconf 88' lang='lat' dir='ltr'>eidem</span> <span class='ocrx_word' id='word_1_231' title='bbox 1516 3274 1848 3339; x_wconf 87' lang='lat' dir='ltr'>Ludovico</span> <span class='ocrx_word' id='word_1_232' title='bbox 1879 3296 2098 3358; x_wconf 75' lang='lat' dir='ltr'>..super</span> <span class='ocrx_word' id='word_1_233' title='bbox 2152 3276 2240 3342; x_wconf 90' lang='lat' dir='ltr'>iis</span> <span class='ocrx_word' id='word_1_234' title='bbox 2295 3297 2459 3359; x_wconf 79' lang='lat' dir='ltr'>quae</span> <span class='ocrx_word' id='word_1_235' title='bbox 2512 3277 2598 3343; x_wconf 95' lang='lat' dir='ltr'>ad</span> 
     </span>
     <span class='ocr_line' id='line_1_30' title="bbox 289 3369 2599 3457; baseline 0.002 -23"><span class='ocrx_word' id='word_1_236' title='bbox 289 3369 925 3437; x_wconf 87' lang='lat' dir='ltr'>administrationem</span> <span class='ocrx_word' id='word_1_237' title='bbox 992 3371 1182 3455; x_wconf 71' lang='lat' dir='ltr'>reyni</span> <span class='ocrx_word' id='word_1_238' title='bbox 1256 3375 1319 3435; x_wconf 89' lang='lat' dir='ltr'>et</span> <span class='ocrx_word' id='word_1_239' title='bbox 1386 3370 1652 3453; x_wconf 88' lang='lat' dir='ltr'>imperii</span> <span class='ocrx_word' id='word_1_240' title='bbox 1726 3373 2184 3455; x_wconf 83' lang='lat' dir='ltr'>praefatorum</span> <span class='ocrx_word' id='word_1_241' title='bbox 2261 3373 2599 3457; x_wconf 87' lang='lat' dir='ltr'>pertinent</span> 
     </span>
     <span class='ocr_line' id='line_1_31' title="bbox 290 3467 2596 3550; baseline 0.001 -18"><span class='ocrx_word' id='word_1_242' title='bbox 290 3487 542 3550; x_wconf 78' lang='lat' dir='ltr'>quoquo</span> <span class='ocrx_word' id='word_1_243' title='bbox 588 3469 771 3533; x_wconf 90' lang='lat' dir='ltr'>modo</span> <span class='ocrx_word' id='word_1_244' title='bbox 819 3467 1165 3548; x_wconf 86' lang='lat' dir='ltr'>assistant,</span> <span class='ocrx_word' id='word_1_245' title='bbox 1201 3471 1490 3550; x_wconf 88' lang='lat' dir='ltr'>pareant</span> <span class='ocrx_word' id='word_1_246' title='bbox 1536 3487 1650 3532; x_wconf 91' lang='lat' dir='ltr'>seu</span> <span class='ocrx_word' id='word_1_247' title='bbox 1692 3467 2068 3544; x_wconf 85' lang='lat' dir='ltr'>intendant,</span> <span class='ocrx_word' id='word_1_248' title='bbox 2117 3521 2130 3533; x_wconf 90' lang='lat'>.</span> <span class='ocrx_word' id='word_1_249' title='bbox 2181 3522 2193 3534; x_wconf 94' lang='lat'>.</span> <span class='ocrx_word' id='word_1_250' title='bbox 2241 3520 2254 3535; x_wconf 92' lang='lat'>.</span> <span class='ocrx_word' id='word_1_251' title='bbox 2303 3491 2383 3535; x_wconf 90' lang='lat' dir='ltr'>ne</span> <span class='ocrx_word' id='word_1_252' title='bbox 2428 3470 2596 3535; x_wconf 88' lang='lat' dir='ltr'>dicto</span> 
     </span>
     <span class='ocr_line' id='line_1_32' title="bbox 290 3562 2593 3649; baseline 0.001 -21"><span class='ocrx_word' id='word_1_253' title='bbox 290 3563 621 3630; x_wconf 85' lang='lat' dir='ltr'>Ludovico</span> <span class='ocrx_word' id='word_1_254' title='bbox 682 3566 756 3630; x_wconf 89' lang='lat' dir='ltr'>de</span> <span class='ocrx_word' id='word_1_255' title='bbox 815 3564 1176 3631; x_wconf 85' lang='lat' dir='ltr'>redditibus</span> <span class='ocrx_word' id='word_1_256' title='bbox 1229 3564 1326 3628; x_wconf 90' lang='lat' dir='ltr'>vel</span> <span class='ocrx_word' id='word_1_257' title='bbox 1372 3562 1861 3643; x_wconf 87' lang='lat' dir='ltr'>obventionibus</span> <span class='ocrx_word' id='word_1_258' title='bbox 1915 3566 2047 3631; x_wconf 90' lang='lat' dir='ltr'>sive</span> <span class='ocrx_word' id='word_1_259' title='bbox 2091 3565 2367 3649; x_wconf 82' lang='lat' dir='ltr'>juribus</span> <span class='ocrx_word' id='word_1_260' title='bbox 2410 3585 2593 3649; x_wconf 71' lang='lat' dir='ltr'>roya-</span> 
     </span>
     <span class='ocr_line' id='line_1_33' title="bbox 291 3659 2593 3746; baseline 0.001 -21"><span class='ocrx_word' id='word_1_261' title='bbox 291 3659 461 3727; x_wconf 90' lang='lat' dir='ltr'>libus</span> <span class='ocrx_word' id='word_1_262' title='bbox 518 3663 974 3746; x_wconf 87' lang='lat' dir='ltr'>respondeant,</span> <span class='ocrx_word' id='word_1_263' title='bbox 1046 3661 1142 3726; x_wconf 89' lang='lat' dir='ltr'>vel</span> <span class='ocrx_word' id='word_1_264' title='bbox 1194 3661 1397 3727; x_wconf 88' lang='lat' dir='ltr'>aliam</span> <span class='ocrx_word' id='word_1_265' title='bbox 1454 3660 1821 3744; x_wconf 84' lang='lat' dir='ltr'>impendere</span> <span class='ocrx_word' id='word_1_266' title='bbox 1875 3662 1991 3729; x_wconf 83' lang='lat' dir='ltr'>sub</span> <span class='ocrx_word' id='word_1_267' title='bbox 2046 3683 2440 3746; x_wconf 80' lang='lat' dir='ltr'>quocumque</span> <span class='ocrx_word' id='word_1_268' title='bbox 2495 3684 2593 3728; x_wconf 90' lang='lat' dir='ltr'>ve-</span> 
     </span>
     <span class='ocr_line' id='line_1_34' title="bbox 291 3756 2592 3845; baseline 0.001 -23"><span class='ocrx_word' id='word_1_269' title='bbox 291 3756 531 3824; x_wconf 87' lang='lat' dir='ltr'>lamine</span> <span class='ocrx_word' id='word_1_270' title='bbox 573 3759 1086 3844; x_wconf 82' lang='lat' dir='ltr'>satisfactionem</span> <span class='ocrx_word' id='word_1_271' title='bbox 1130 3762 1463 3824; x_wconf 87' lang='lat' dir='ltr'>attentent.</span> <span class='ocrx_word' id='word_1_272' title='bbox 1557 3761 1660 3824; x_wconf 83' lang='lat' dir='ltr'>Ab</span> <span class='ocrx_word' id='word_1_273' title='bbox 1704 3761 2098 3844; x_wconf 83' lang='lat' dir='ltr'>obligatione</span> <span class='ocrx_word' id='word_1_274' title='bbox 2145 3766 2345 3845; x_wconf 88' lang='lat' dir='ltr'>omni,</span> <span class='ocrx_word' id='word_1_275' title='bbox 2399 3762 2592 3826; x_wconf 86' lang='lat' dir='ltr'>etiam</span> 
     </span>
     <span class='ocr_line' id='line_1_35' title="bbox 279 3857 2594 3941; baseline 0.002 -23"><span class='ocrx_word' id='word_1_276' title='bbox 279 3857 656 3941; x_wconf 87' lang='lat' dir='ltr'>juramento</span> <span class='ocrx_word' id='word_1_277' title='bbox 718 3859 997 3935; x_wconf 83' lang='lat' dir='ltr'>firmata,</span> <span class='ocrx_word' id='word_1_278' title='bbox 1057 3857 1266 3941; x_wconf 89' lang='lat' dir='ltr'>quoad</span> <span class='ocrx_word' id='word_1_279' title='bbox 1324 3857 1480 3922; x_wconf 89' lang='lat' dir='ltr'>haec</span> <span class='ocrx_word' id='word_1_280' title='bbox 1536 3857 1679 3922; x_wconf 90' lang='lat' dir='ltr'>illos</span> <span class='ocrx_word' id='word_1_281' title='bbox 1738 3859 2026 3924; x_wconf 90' lang='lat' dir='ltr'>subditos</span> <span class='ocrx_word' id='word_1_282' title='bbox 2081 3860 2299 3935; x_wconf 83' lang='lat' dir='ltr'>solvit,</span> <span class='ocrx_word' id='word_1_283' title='bbox 2362 3865 2429 3923; x_wconf 89' lang='lat' dir='ltr'>et</span> <span class='ocrx_word' id='word_1_284' title='bbox 2484 3881 2594 3923; x_wconf 86' lang='lat' dir='ltr'>ex-</span> 
     </span>
     <span class='ocr_line' id='line_1_36' title="bbox 287 3954 2595 4040; baseline 0.001 -23"><span class='ocrx_word' id='word_1_285' title='bbox 287 3955 887 4020; x_wconf 86' lang='lat' dir='ltr'>communicationis</span> <span class='ocrx_word' id='word_1_286' title='bbox 953 3959 1149 4037; x_wconf 89' lang='lat' dir='ltr'>atque</span> <span class='ocrx_word' id='word_1_287' title='bbox 1217 3954 1541 4020; x_wconf 89' lang='lat' dir='ltr'>interdicti</span> <span class='ocrx_word' id='word_1_288' title='bbox 1613 3977 1882 4038; x_wconf 86' lang='lat' dir='ltr'>poenam</span> <span class='ocrx_word' id='word_1_289' title='bbox 1949 3955 2026 4020; x_wconf 92' lang='lat' dir='ltr'>iis</span> <span class='ocrx_word' id='word_1_290' title='bbox 2095 3957 2204 4040; x_wconf 89' lang='lat' dir='ltr'>qui</span> <span class='ocrx_word' id='word_1_291' title='bbox 2274 3956 2595 4021; x_wconf 89' lang='lat' dir='ltr'>Ludovico</span> 
     </span>
    </p>
   </div>
   <div class='ocr_carea' id='block_1_4' title="bbox 2647 3810 2729 3871">
    <p class='ocr_par' dir='ltr' id='par_1_4' title="bbox 2647 3810 2729 3871">
     <span class='ocr_line' id='line_1_37' title="bbox 2647 3810 2729 3871; baseline 0 -55"><span class='ocrx_word' id='word_1_292' title='bbox 2647 3814 2688 3871; x_wconf 30' lang='grc' dir='ltr'>ἦ</span> <span class='ocrx_word' id='word_1_293' title='bbox 2724 3810 2729 3816; x_wconf 83' lang='grc'><strong><em>,</em></strong></span> 
     </span>
    </p>
   </div>
   <div class='ocr_carea' id='block_1_5' title="bbox 451 4121 706 4127">
    <p class='ocr_par' dir='ltr' id='par_1_5' title="bbox 451 4121 706 4127">
     <span class='ocr_line' id='line_1_38' title="bbox 451 4121 706 4127; baseline 0 0"><span class='ocrx_word' id='word_1_294' title='bbox 451 4121 706 4127; x_wconf 95' lang='lat' dir='ltr'> </span> 
     </span>
    </p>
   </div>
   <div class='ocr_carea' id='block_1_6' title="bbox 468 4204 2384 4347">
    <p class='ocr_par' dir='ltr' id='par_1_6' title="bbox 468 4204 2384 4347">
     <span class='ocr_line' id='line_1_39' title="bbox 468 4204 2384 4323; baseline 0.006 -66"><span class='ocrx_word' id='word_1_295' title='bbox 468 4204 511 4269; x_wconf 90' lang='lat'>¹)</span> <span class='ocrx_word' id='word_1_296' title='bbox 547 4204 611 4258; x_wconf 88' lang='lat' dir='ltr'>V.</span> <span class='ocrx_word' id='word_1_297' title='bbox 649 4206 917 4274; x_wconf 83' lang='lat' dir='ltr'>Raynald.</span> <span class='ocrx_word' id='word_1_298' title='bbox 956 4223 1003 4261; x_wconf 85' lang='lat' dir='ltr'>a.</span> <span class='ocrx_word' id='word_1_299' title='bbox 1045 4210 1197 4261; x_wconf 81' lang='lat'>1324.</span> <span class='ocrx_word' id='word_1_300' title='bbox 1238 4225 1291 4262; x_wconf 87' lang='lat' dir='ltr'>n.</span> <span class='ocrx_word' id='word_1_301' title='bbox 1333 4212 1413 4264; x_wconf 88' lang='lat'>17.</span> <span class='ocrx_word' id='word_1_302' title='bbox 2356 4292 2384 4323; x_wconf 32' lang='grc' dir='ltr'>,Β</span> 
     </span>
     <span class='ocr_line' id='line_1_40' title="bbox 2291 4296 2355 4347; baseline 0 0"><span class='ocrx_word' id='word_1_303' title='bbox 2291 4296 2355 4347; x_wconf 83' lang='grc'>13</span> 
     </span>
    </p>
   </div>
  </div>
 </body>
</html>
