3281 5014
349 1672 520 1714 Textns
547 1671 598 1713 de

381 1733 580 1786 primatu.

652 419 756 470 382
931 417 1153 471 XXXV.
1191 418 1274 472 De
1312 418 1513 471 Concil.
1554 418 1862 474 Basileensi
1900 436 1964 475 ac
2000 423 2066 476 de
2104 423 2319 490 Synodo
2356 423 2694 479 Florentina.

652 561 791 643 ejus
839 582 875 622 a
920 558 1234 625 Pontifice
1282 561 1520 643 recepti
1568 560 1815 624 fuerint
1861 568 2056 646 atque
2104 564 2371 648 dapibus
2426 567 2492 630 in
2542 568 2680 650 ejus
2727 566 2966 649 palatio

649 656 871 721 refecti
933 657 1100 732 sint,
1160 656 1235 719 de
1298 657 1675 739 quibusdam
1739 659 1986 723 scribit:
2062 659 2154 724 At
2209 659 2314 726 illi
2372 660 2486 743 qui
2537 681 2706 744 prae
2763 661 2965 726 nimis

650 755 846 817 cauta
909 751 1120 817 animi
1182 751 1535 817 timiditate
1590 752 1811 819 omnia
1866 755 2164 838 apposita
2220 756 2660 840 refuyiebant,
2724 778 2805 823 ne
2869 779 2966 822 ve·

648 852 890 914 nenata
957 849 1377 930 deylutirent,
1454 849 1741 914 eumdem
1809 856 2136 933 aspectam
2200 874 2356 937 erya
2415 854 2694 937 papicas
2767 855 2965 938 dapes

649 950 985 1010 aeternum
1032 946 1468 1012 retinuerunt.
1550 946 1863 1026 Quamvis
1909 947 2083 1013 enim
2130 970 2316 1033 saepe
2351 951 2813 1034 patriarcham
2859 949 2961 1016 de-

648 1042 878 1108 ducere
922 1041 1008 1107 ad
1058 1041 1328 1108 Curiam
1366 1043 1674 1126 papalem
1729 1065 1849 1126 pro
1899 1044 2047 1110 boni
2100 1047 2302 1112 moris
2355 1053 2416 1112 et
2460 1047 2662 1130 officii
2707 1048 2964 1114 ratione

649 1139 1083 1219 assueverint,
1144 1159 1484 1220 nunquam
1548 1144 1763 1204 tamen
1823 1140 1920 1206 vel
1973 1142 2207 1207 micam
2262 1164 2464 1210 unam
2524 1144 2825 1211 dentibus
2884 1165 2964 1208 ex

651 1236 828 1303 omni
871 1236 1111 1317 fructu
1173 1236 1371 1301 allato
1434 1236 1827 1319 continyere,
1889 1238 1984 1302 vel
2045 1259 2248 1305 unam
2302 1240 2636 1324 yattulam
2698 1239 2962 1307 bibendo

651 1334 854 1400 libare
898 1333 1359 1399 sustinuerunt
1402 1336 1486 1418 (p.
1543 1333 1715 1417 144).
1808 1334 2030 1412 Patet,
2082 1340 2247 1403 tales
2302 1337 2590 1404 homines
2637 1339 2707 1403 in
2755 1340 2962 1404 omni-

650 1433 768 1495 bus
812 1432 1240 1497 conviciorum
1288 1433 1571 1515 potuisse
1615 1433 1910 1498 invenire
1955 1434 2382 1511 occasionem,
2436 1435 2716 1519 adeoque
2765 1437 2959 1500 etiam

652 1529 855 1593 Marci
886 1528 1197 1613 Ephesini
1245 1529 1535 1612 querelas
1574 1529 1955 1613 singillatim
1988 1532 2356 1596 examinare
2401 1532 2795 1615 superfluum
2844 1538 2959 1598 est.

826 1664 928 1726 51.
987 1660 1108 1726 Sed
1154 1661 1282 1724 alia
1329 1660 1653 1724 accusatio
1699 1660 1969 1724 affertur
2010 1662 2091 1725 ab
2137 1662 2512 1727 adversariis
2559 1663 2962 1728 auctoritatis

651 1760 1040 1843 pontificiae,
1089 1757 1297 1841 quoad
1345 1761 1596 1821 textum
1646 1758 1923 1821 latinum
1972 1759 2049 1822 de
2095 1759 2411 1845 primatu,
2460 1761 2559 1823 uti
2604 1782 2781 1824 nunc
2826 1760 2960 1823 vnl-

647 1862 840 1941 gatus
887 1861 1122 1920 exstat.
1215 1855 1563 1937 Praecipue
1611 1860 1900 1937 tempore
1948 1853 2214 1919 Concilii
2248 1856 2550 1920 Vaticani
2601 1857 2761 1920 varii
2806 1856 2960 1920 scri-

647 1958 861 2064 ptores
923 1956 1368 2025 asseruerunt,
1441 1950 1954 2014 falsificationem
2016 1953 2483 2035 impudentem
2520 1952 2756 2017 factam
2819 1975 2961 2016 esse

646 2051 715 2112 in
762 2052 945 2112 textu
994 2048 1197 2112 latino
1243 2048 1503 2112 decreti.
1594 2046 1839 2112 Graeco
1885 2050 2097 2113 textui
2143 2051 2296 2113 καθ’
2347 2052 2421 2113 ὃν
2463 2050 2701 2132 τρόπον
2742 2050 2849 2112 καὶ
2894 2046 2962 2113 ἓν

644 2154 770 2217 τοῖς
825 2153 1193 2229 πρακτικοῖς
1247 2152 1376 2208 τῶν
1438 2148 1900 2225 οικουμενίκων
1957 2147 2249 2210 συνόδων
2308 2146 2415 2209 καὶ
2469 2148 2535 2210 ἒν
2590 2153 2717 2216 τοῖς
2773 2149 2962 2229 ἱεροῖς

645 2247 865 2308 κάνοσι
899 2245 1399 2327 διαλαμβάνεται,
1432 2242 1840 2325 respondisse
1871 2242 2047 2305 hunc
2077 2247 2330 2308 textum
2368 2242 2666 2306 latinum:
2718 2243 2959 2323 „Quem

646 2341 721 2406 ad
789 2341 1046 2405 modum
1111 2339 1362 2423 (melius
1425 2341 1640 2422 ajunt:
1715 2341 1939 2423 „juxta
2000 2361 2143 2404 eum
2204 2339 2462 2403 modum
2524 2337 2707 2424 qni“)
2767 2342 2830 2402 et
2888 2341 2960 2403 in

644 2440 840 2524 gestis
887 2437 1439 2503 oecumenicorum
1474 2435 1901 2501 conciliorum
1954 2439 2012 2499 et
2053 2436 2121 2499 in
2167 2438 2361 2500 sacris
2407 2437 2761 2501 canonibus
2807 2457 2959 2500 con·

644 2539 916 2602 tinetur.
926 2539 956 2569 “
1054 2534 1329 2600 Graecos
1388 2534 1687 2598 videlicet
1731 2534 2004 2599 voluisse
2060 2535 2295 2599 limites
2355 2541 2420 2600 et
2467 2536 2725 2645 regulas
2782 2538 2960 2617 pote·

643 2635 828 2699 statis
884 2633 1250 2716 pontificiae
1304 2631 1616 2708 indicare,
1681 2630 1751 2693 in
1808 2632 2233 2696 oecumenicis
2290 2631 2590 2696 Conciliis
2645 2635 2713 2694 et
2769 2652 2958 2696 cano·

642 2731 833 2795 nibus
879 2728 1361 2793 determinatos.
1444 2726 1649 2805 Prius,
1702 2727 2074 2806 advertunt,
2122 2733 2374 2792 textum
2420 2749 2720 2813 graecum
2766 2729 2957 2811 hujus

641 2828 763 2893 loci
826 2813 1189 2893 confectum
1267 2845 1433 2900 esse,
1505 2823 1656 2887 dein
1711 2825 2070 2889 versionem
2138 2826 2439 2901 latinam,
2509 2825 2576 2888 in
2647 2846 2773 2907 qua
2822 2846 2952 2888 non

641 2924 857 3002 etiam,
903 2924 1012 2988 sed
1058 2926 1120 2986 et
1164 2922 1540 2985 habebatur.
1634 2919 1760 2984 Sed
1807 2922 2083 3003 primum
2130 2921 2458 2986 Abraham
2509 2921 2836 2986 Cretensis
2885 2921 2956 2985 in

642 3045 759 3088 sua
804 3020 1097 3085 Romana
1145 3018 1414 3083 Concilii
1474 3017 1754 3082 editione
1798 3018 1936 3082 loco
1991 3019 2162 3083 illius
2209 3020 2270 3081 et
2313 3019 2527 3101 posuit
2571 3015 2794 3095 etiam,
2854 3021 2955 3080 at-

644 3141 770 3230 que
808 3117 958 3182 inde
1005 3116 1163 3181 illud
1204 3113 1430 3193 etiam,
1490 3115 1782 3198 quamvis
1841 3115 2179 3198 palpabilis
2235 3116 2320 3179 sit
2373 3114 2768 3194 falsificatio‚
2816 3115 2954 3198 jam

644 3218 713 3281 in
777 3236 1001 3279 omnes
1058 3197 1486 3277 Concihorum
1543 3210 1859 3275 editiones
1914 3212 2232 3295 librosque
2289 3211 2681 3296 dogmaticos
2740 3214 2956 3274 trans-

642 3314 779 3379 ivit.
871 3311 1111 3376 Sensus
1168 3314 1381 3374 autem
1440 3308 1632 3391 plane
1680 3311 1964 3372 mutatus
2019 3315 2145 3385 est,
2204 3330 2276 3373 ac
2332 3309 2385 3372 si
2439 3307 2734 3372 videlicet
2787 3306 2958 3371 dice-

643 3415 854 3483 retur,
908 3411 979 3473 in
1027 3407 1328 3472 Conciliis
1382 3410 1447 3470 et
1505 3404 1858 3469 canonibus
1904 3406 2224 3470 contineri
2269 3406 2463 3469 etiam
2521 3404 2955 3469 confirmatio-

642 3531 792 3573 nem
838 3507 1012 3572 illius
1059 3506 1390 3588 primatus,
1464 3500 1644 3576 Quod
1683 3501 1820 3584 jam
1852 3502 2311 3567 animadvertit
2359 3502 2588 3566 Petrus
2623 3502 2701 3565 de
2734 3500 2954 3564 Marca

642 3604 1022 3690 (Concordia
1069 3599 1322 3667 Sacerd.
1373 3605 1439 3662 et
1485 3596 1647 3681 Imp.
1689 3598 1837 3681 III.,
1898 3599 1962 3678 8)
2020 3598 2119 3662 his
2164 3599 2401 3663 verbis:
2460 3595 2665 3662 Verba
2714 3614 2955 3679 yraeca

639 3704 713 3770 in
760 3703 1008 3769 sincero
1069 3718 1264 3763 sensu
1310 3696 1639 3777 acceptata
1695 3693 1954 3759 modum
2010 3693 2317 3760 excercitio
2364 3691 2706 3776 potestatis
2748 3691 2951 3774 impo-

641 3805 815 3869 nunt
858 3799 917 3864 ei
961 3795 1255 3872 similem,
1303 3811 1489 3874 quem
1519 3789 1779 3855 ecclesia
1816 3790 2164 3856 Gallicana
2198 3794 2435 3857 tuetur.
2512 3790 2606 3855 At
2635 3809 2668 3854 e
2698 3791 2952 3853 contex-

642 3906 749 3968 tus
797 3895 992 3963 latini
1037 3892 1393 3977 depravata
1433 3886 1697 3952 lectione
1742 3886 2031 3967 eruitur,
2082 3887 2344 3971 plenam
2395 3906 2526 3951 esse
2572 3885 2794 3967 Papae
2834 3905 2952 3966 po-

642 4000 954 4071 testatem,
999 3991 1192 4073 idque
1225 3983 1503 4072 probari
1547 3983 1713 4050 actis
1761 3982 2197 4051 Conciliorum
2245 3989 2306 4050 et
2350 3980 2782 4066 canonibus.¹)

820 4169 865 4236 1)
901 4168 968 4221 V.
1005 4166 1180 4221 Janus
1215 4183 1266 4234 p.
1306 4165 1410 4217 345
1448 4147 1564 4231 sqq·
1603 4169 1662 4217 et
1700 4161 1905 4216 Civilta
1941 4167 2075 4217 catt.
2114 4177 2218 4216 ser.
2247 4159 2371 4214 VH.
2409 4176 2462 4215 v.
2501 4161 2549 4212 9.
2585 4174 2639 4225 p.
2678 4158 2799 4210 395.
