3281 5014
281 819 542 873 Explicatio.

590 433 659 486 56
1159 430 1332 484 XXX.
1375 430 1455 485 De
1492 427 1826 484 Pontificatu
1864 427 2133 483 Bonifatii
2161 429 2315 483 VIII.

586 573 801 637 ritatis
862 572 1067 636 civilis
1131 575 1419 655 potestas
1478 573 1564 636 sit
1621 571 1701 634 ad
1760 571 2218 653 protectionem
2280 575 2347 636 et
2398 571 2477 635 ad
2533 571 2901 655 dispositio-

589 690 733 734 nem
781 668 1120 734 Ecclesiae.
2005 669 2022 678 ’“

767 804 870 870 60.
931 801 1221 885 Exprimi
1278 800 1560 877 videtur,
1626 800 1825 884 quod,
1884 822 2083 885 quum
2141 800 2423 866 Ecclesia
2482 804 2568 867 sit
2623 802 2900 868 societas

576 899 887 983 perfecta,
936 899 1014 964 ad
1062 899 1200 982 ejus
1237 898 1346 982 jus
1379 896 1574 961 etiam
1605 897 1950 979 pertineat,
1998 902 2074 961 ut
2117 897 2186 961 in
2220 897 2443 962 ordine
2475 899 2646 963 civili
2690 920 2896 983 quan-

585 994 723 1063 tum
768 999 1015 1081 spectat
1062 994 1141 1059 ad
1189 995 1527 1078 sphaeram
1581 994 2042 1077 legislativam,
2093 993 2497 1079 judiciariam
2547 1000 2613 1059 et
2669 1017 2894 1060 execu-

585 1095 816 1171 tivam,
880 1097 946 1157 et
1001 1094 1323 1176 quatenus
1380 1112 1512 1154 non
1560 1092 1779 1174 agitur
1833 1090 1910 1155 de
1956 1090 2148 1154 rebus
2194 1109 2365 1154 mere
2410 1091 2725 1170 civilibus,
2785 1091 2895 1155 sed

586 1196 903 1275 quatenus
954 1210 1065 1253 eae
1123 1188 1513 1272 contingunt
1571 1186 1963 1271 spiritualia,
2028 1208 2128 1251 res
2184 1187 2277 1251 ita
2339 1186 2681 1271 dispositae
2741 1188 2895 1263 sint,

590 1295 662 1349 ut
707 1285 1065 1350 inserviant
1110 1284 1222 1347 fini
1272 1282 1593 1348 Ecclesiae
1643 1305 1805 1367 quae
1852 1288 1949 1347 est
1995 1285 2168 1348 salus
2213 1282 2513 1363 fidelium,
2565 1306 2693 1348 non
2744 1306 2896 1349 vero

586 1383 735 1447 huic
790 1381 905 1446 fini
966 1386 1394 1466 opponantur.
1485 1380 1560 1445 Id
1619 1380 1876 1465 quidem
1924 1377 2207 1444 Ecclesia
2257 1403 2391 1444 non
2447 1380 2601 1444 facit
2656 1381 2895 1447 directe

589 1486 654 1544 et
695 1477 1089 1553 immediate,
1144 1477 1253 1541 sed
1296 1477 1437 1559 ipsa
1480 1477 1542 1540 id
1590 1477 1849 1561 exigere
1894 1479 2108 1559 potest
2153 1477 2233 1540 ab
2278 1478 2661 1541 auctoritate
2706 1478 2898 1558 civili,

590 1599 627 1640 a
694 1576 952 1660 regibus
1019 1578 1214 1656 atque
1283 1573 1707 1656 principibu83
1777 1595 1849 1637 ac
1911 1574 1965 1637 si
2034 1574 2153 1657 ipsi
2217 1574 2608 1638 contrarium
2667 1580 2895 1659 agunt,

589 1672 984 1738 intervenire
1038 1674 1252 1753 potest
1298 1668 1585 1734 Ecclesia
1629 1667 1886 1734 ratione
1921 1668 2171 1750 peccati
2225 1675 2290 1734 et
2346 1691 2452 1734 eos
2498 1671 2786 1754 judicare
2830 1678 2895 1736 et

589 1774 895 1835 coercere.
997 1766 1100 1831 Ita
1156 1768 1441 1850 pertinet
1500 1766 1581 1831 ad
1642 1788 1780 1830 eam
1840 1768 2033 1830 etiam
2094 1766 2369 1851 quodam
2427 1788 2617 1831 sensu
2675 1775 2894 1832 aucto-

590 1868 751 1930 ritas
797 1865 1182 1948 temporalis,
1232 1868 1298 1926 et
1345 1885 1420 1927 ea
1464 1863 1716 1927 ratione
1763 1862 1958 1927 habet
1993 1862 2277 1947 gladium
2322 1864 2714 1929 materialem
2762 1887 2896 1930 non

591 1962 671 2027 ad
717 1983 932 2038 usum,
1000 1959 1111 2023 sed
1169 1959 1243 2023 ad
1302 1963 1533 2023 nutum
1599 1964 1667 2023 et
1728 1960 2134 2041 patientiam3
2207 1960 2413 2041 brevi,
2479 1960 2727 2045 gladius
2788 1962 2897 2026 ille

591 2058 937 2122 materialis
984 2061 1083 2120 est
1129 2061 1417 2139 potestas
1473 2055 1787 2120 indirecta
1831 2054 2154 2121 Ecclesiae
2208 2057 2277 2120 in
2323 2058 2729 2141 temporalia,
2786 2077 2895 2122 ra·

590 2152 763 2218 tione
798 2151 1066 2235 peccati,
1114 2154 1214 2217 vel
1262 2153 1516 2217 ratione
1561 2151 1794 2216 salutis
1835 2149 2195 2234 fidelium.²)

766 2288 867 2352 61.
924 2284 1401 2350 consideranda
1453 2284 1556 2348 hic
1611 2285 1804 2347 etiam
1862 2289 2017 2348 sunt
2073 2306 2240 2369 quae
2294 2285 2469 2350 brevi
2527 2291 2681 2350 ante
2727 2286 2897 2352 Con·

435 2362 464 2390 η
490 2360 540 2390 '⁹'
587 2384 949 2448 stitutionis
1005 2382 1349 2446 editionem
1405 2380 1473 2444 in
1524 2378 1921 2445 Consistorio
1968 2380 2325 2464 Cardinalis
2372 2380 2747 2453 Portuensis
2794 2406 2897 2448 co-

587 2503 722 2545 ram
770 2479 1000 2565 legatis
1048 2477 1295 2542 Galliae
1350 2476 1621 2541 dixerat.
1718 2475 2074 2554 „Dominus
2128 2483 2349 2543 noster
2394 2500 2680 2544 summus
2727 2480 2898 2545 Pon·

590 2578 770 2653 tifex,
819 2578 929 2653 ait,
977 2575 1174 2639 habet
1218 2574 1686 2657 plenitudinem
1734 2577 2073 2658 potestatis
2107 2577 2174 2639 in
2223 2576 2682 2659 spiritualibus,
2726 2577 2897 2642 unde

586 2696 702 2758 pro
746 2674 1042 2737 libertate
1087 2670 1405 2736 Ecclesiae
1453 2679 1520 2735 et
1565 2694 1681 2753 pro
1726 2673 1864 2754 ipso
1911 2693 2030 2756 ego
2079 2680 2145 2736 et
2189 2694 2411 2736 omnes
2457 2672 2689 2739 fratres
2732 2676 2893 2738 sacri

586 2770 859 2854 collegii
919 2767 1295 2832 auderemus
1356 2772 1422 2831 et
1481 2769 1793 2833 vellemus
1853 2791 2171 2851 exponere
2229 2791 2494 2852 corpora
2550 2778 2773 2835 nostra
2829 2777 2895 2835 et

587 2869 780 2933 vitam
831 2871 1137 2931 nostram.
1204 2862 1373 2929 Item
1417 2865 1683 2947 planum
1716 2871 1833 2943 est,
1881 2865 2050 2948 quod
2098 2866 2316 2930 nullus
2360 2866 2553 2932 debet
2596 2890 2892 2933 revocare

589 2966 653 3027 in
714 2963 1009 3039 dubium,
1068 2963 1221 3045 quin
1282 2962 1481 3043 possit
1533 2962 1822 3044 judicare
1879 2961 1956 3025 de
2011 2962 2186 3025 omni
2241 2965 2581 3045 temporali
2642 2965 2897 3028 ratione

584 3061 844 3143 peccati.
953 3056 1276 3140 Scriptum
1331 3061 1460 3122 est:
1535 3055 1718 3121 Fecit
1780 3057 1964 3121 Deus
2023 3056 2150 3121 duo
2209 3056 2573 3123 luminaria
2632 3080 2892 3143 maqmz,

585 3154 913 3220 luminare
972 3154 1218 3236 majus,
1282 3157 1358 3217 ut
1408 3157 1737 3235 praeesset
1794 3152 1953 3232 diei,
2015 3158 2075 3217 et
2121 3153 2449 3219 luminare
2508 3155 2758 3236 minus,
2818 3162 2896 3220 ut

574 3255 903 3334 praeesset
946 3250 1136 3315 nocti.
1226 3250 1397 3315 Sunt
1442 3251 1613 3315 enim
1662 3251 1824 3315 duae
1864 3252 2372 3335 jurisdictiones,
2428 3254 2780 3336 spiritualis
2829 3260 2896 3318 et

585 3349 970 3432 temporalis.
1039 3347 1560 3413 Jurisdictionem
1592 3349 1986 3430 spiritualem
2023 3349 2459 3432 principaliter
2487 3349 2682 3414 habet
2719 3373 2896 3414 sum-

586 3467 724 3510 mus
772 3445 1100 3523 Pontifex,
1155 3452 1217 3509 et
1263 3445 1377 3508 illa
1423 3444 1550 3507 fuit
1596 3444 1836 3508 tradita
1884 3469 1921 3508 a
1969 3444 2223 3510 Christo
2271 3445 2465 3510 Petro
2514 3453 2579 3510 et
2625 3450 2892 3511 summis

592 3542 1007 3608 Pontificibus
1039 3541 1507 3607 successoribus
1549 3542 1716 3623 ejus:
1758 3541 2271 3626 jurisdictionem
2314 3542 2728 3628 temporalem
2776 3543 2893 3607 ha-

585 3639 746 3703 bent
772 3638 1132 3723 Imperator
1177 3644 1246 3702 et
1292 3638 1402 3701 alii
1447 3658 1648 3721 reges,
1695 3643 1917 3702 tamen
1963 3638 2041 3701 de
2086 3639 2261 3702 omni
2311 3639 2649 3722 temporali
2695 3638 2895 3703 habet

582 3758 963 3822 cognoscere
993 3757 1278 3801 summus
1306 3734 1615 3799 Pontifex
1663 3739 1728 3799 et
1764 3735 2057 3819 judicare
2088 3736 2341 3800 ratione
2375 3736 2634 3818 peccati.
2704 3734 2893 3799 Unde

582 3835 753 3911 dico,
833 3833 1005 3917 quod
1064 3831 1429 3917 jurisdictio
1505 3832 1878 3913 temporalis
1957 3835 2169 3915 potest
2232 3832 2620 3897 considerari
2700 3838 2894 3915 prout

763 4006 800 4069 ¹)
838 4007 923 4059 Ad
960 4021 1075 4060 rem
1114 4005 1279 4060 etiam
1319 4004 1763 4069 Turrecremata,
1814 4003 2031 4058 Summa
2077 4005 2143 4059 de
2179 4004 2429 4059 Ecclesia
2466 4005 2526 4058 L.
2565 4005 2638 4059 ΙΙ.
2678 4022 2722 4058 c.
2767 4007 2893 4058 114:

589 4086 922 4154 „Romanum
949 4083 1272 4138 Pontificem
1305 4083 1506 4137 habere
1537 4081 1976 4151 jurisdictionem
2008 4083 2066 4136 in
2102 4083 2494 4151 temporalibus
2525 4099 2593 4138 ex
2619 4100 2680 4138 eo
2710 4094 2897 4138 osten·

584 4166 752 4231 ditur,
791 4165 932 4232 quod
970 4169 1255 4230 utrumque
1292 4161 1539 4231 gladium
1575 4162 1777 4217 habere
1815 4161 2209 4231 dignoscitur.“
