3281 5014
646 479 755 530 410
1041 477 1298 530 XXXVI.
1333 477 1418 531 De
1454 484 1607 530 statu
1644 476 1929 533 Ecclesiae
1964 488 2231 545 vergente
2267 492 2410 531 saec.
2447 476 2569 528 XV.

564 619 923 697 vae„Annos
981 641 1098 683 sex
1157 630 1224 682 et
1281 619 1521 703 viginti
1577 628 1803 699 natus,
1860 641 2063 703 quum
2121 618 2341 681 darem
2392 619 2527 701 juri
2579 618 2754 682 civili
2812 641 2959 702 ope-

647 738 820 791 ram,
884 724 1111 780 exorto
1181 716 1352 779 bello
1419 717 1699 799 patriam
1764 722 1833 779 et
1892 714 2177 779 studium
2240 722 2498 778 coactus
2556 738 2696 777 sum
2758 717 2962 779 relin-

646 833 874 896 quere,
928 813 1164 878 acoessi
1216 818 1439 876 tamen
1493 813 1741 895 grande
1794 812 1955 876 illud
1996 811 2369 875 Basileense
2415 810 2802 887 Concilium,
2856 814 2961 875 in-

649 909 922 993 venique
988 911 1265 993 gratiam
1331 910 1402 973 in
1471 910 1669 973 oeulis
1732 914 2012 992 patrum.
2118 907 2342 972 Scriba
2400 909 2471 970 in
2533 906 2795 990 Synodo
2862 909 2961 972 fui

647 1014 713 1070 et
771 1007 1140 1070 litterarum
1201 1006 1645 1079 abbreviator,
1714 1012 1781 1069 et
1837 1027 2005 1069 unus
2062 1006 2141 1069 de
2197 1004 2531 1068 duodecim
2590 1006 2776 1080 viris,
2845 1007 2956 1091 qui

647 1103 1066 1186 magistratus
1120 1102 1253 1166 illic
1306 1103 1495 1186 quasi
1545 1102 1874 1166 censorius
1928 1102 2363 1165 videbatur..
2477 1101 2628 1167 ,In
2686 1101 2959 1185 deputa-

647 1200 825 1263 tione
871 1199 1016 1262 fidei
1059 1199 1131 1263 in
1189 1221 1322 1283 qua
1367 1222 1541 1263 eram
1595 1200 1945 1281 inscriptus
2000 1220 2192 1281 saepe
2238 1150 2556 1281 praoeedi;
2612 1200 2788 1263 inter
2830 1199 2957 1263 col·

643 1298 881 1359 latores
954 1317 1211 1379 quoque
1284 1296 1738 1360 beneficiorum
1813 1296 1912 1358 bis
1982 1317 2129 1358 sum
2203 1296 2469 1376 electus3
2546 1296 2800 1378 legatus
2873 1296 2961 1359 ab

643 1394 785 1476 ipso
844 1390 1132 1455 Concilio
1184 1392 1261 1456 ad
1327 1394 1687 1476 complures
1746 1393 2068 1475 principes
2131 1393 2379 1455 missus.
2486 1391 2647 1456 Cum
2704 1393 2959 1475 pontifi·

642 1496 856 1553 catum
919 1490 1245 1553 Amadeus
1306 1489 1434 1552 dux
1498 1487 1863 1553 Sabaudiae
1929 1491 2317 1572 suscepisset
2380 1487 2563 1552 Felix
2627 1512 2960 1573 nuncupa·

643 1593 783 1661 tus,
839 1588 908 1650 in
952 1586 1369 1650 secretarium
1411 1608 1556 1650 sum
1606 1586 1691 1648 ab
1735 1607 1812 1648 eo
1857 1586 2127 1658 accitus,
2186 1607 2305 1649 nec
2344 1585 2455 1649 diu
2499 1596 2643 1668 post
2691 1594 2957 1651 vocatus

644 1684 723 1747 ad
769 1682 1160 1747 Fridericum
1206 1682 1672 1766 Imperatorem
1728 1683 2153 1765 protonotarii
2209 1682 2491 1746 officium
2550 1683 2635 1746 ab
2690 1705 2765 1747 eo
2811 1706 2954 1746 sum

641 1780 914 1862 adeptus
990 1781 1106 1853 (sic
1174 1778 1484 1843 Germani
1563 1781 1977 1843 secretarium
2044 1780 2423 1863 appellant).
2543 1779 2714 1843 Dum
2788 1780 2956 1864 lega-

641 1879 855 1940 tiones
914 1876 1206 1940 Caesaris
1261 1877 1449 1950 obeo,
1514 1877 1883 1939 universam
1939 1876 2139 1939 ferme
2197 1874 2614 1939 Germaniam
2672 1876 2953 1939 circuivi.

648 1972 1066 2037 Dissidebant
1119 1973 1491 2037 Theutones
1543 1995 1689 2037 cum
1744 1973 2047 2058 Eugenio
2100 1971 2274 2035 Max.
2322 1970 2540 2045 Pont.;
2595 1994 2807 2056 neque
2856 1972 2952 2035 illi

643 2091 854 2153 neque
930 2068 1127 2133 Felici
1203 2069 1577 2133 obedientes
1662 2071 1990 2133 nenti-ales
2064 2070 2485 2133 vocabantur.
2602 2068 2955 2134 Concordia

640 2166 930 2249 pluribus
1002 2166 1426 2230 conventibus
1500 2167 1754 2250 agitata
1827 2172 1961 2241 est,
2038 2166 2275 2251 quibus
2342 2166 2620 2249 jubente
2685 2164 2954 2230 Caesare

640 2283 888 2345 semper
932 2263 1222 2326 interfui.
1314 2262 1425 2325 Bis
1466 2285 1610 2326 cum
1665 2263 1964 2327 tractatis
2006 2263 2179 2345 pacis
2235 2262 2314 2325 ad
2361 2262 2726 2346 Eugenium
2769 2262 2949 2343 veni;

639 2360 833 2423 tertio
879 2359 1167 2423 nationis
1212 2359 1386 2423 illius
1435 2360 1846 2442 Apostolicae
1879 2357 2028 2423 Sedi
2075 2359 2506 2423 obedientiam
2551 2360 2762 2424 attuli.
2838 2357 2950 2423 Se·

639 2456 1020 2521 cretariatus
1083 2462 1150 2520 et
1213 2456 1708 2521 subdiaconatus
1765 2455 2077 2521 honorem
2139 2456 2223 2522 ab
2280 2455 2603 2541 Eugenio,
2673 2462 2739 2520 et
2803 2477 2948 2521 mox

640 2554 752 2618 illo
811 2553 1118 2618 defuncto
1170 2576 1210 2616 a
1264 2551 1530 2616 Nicolao
1585 2555 1866 2637 suscepi,
1928 2557 2111 2638 cujus
2173 2555 2493 2617 conclavis
2548 2576 2692 2618 cum
2753 2554 2950 2636 elige·

639 2659 822 2714 retur
876 2671 1020 2713 cum
1077 2651 1347 2712 caeteris
1401 2649 1763 2733 principum
1807 2651 2038 2732 legatis
2085 2651 2410 2716 custodiae
2465 2652 2731 2733 praefui.
2825 2649 2949 2713 La-

639 2767 822 2829 psum
879 2755 978 2809 est
1032 2751 1256 2828 postea
1305 2746 1497 2808 breve
1552 2752 1836 2830 tempus,
1897 2749 1966 2810 in
2029 2770 2157 2832 quo
2213 2769 2315 2809 me
2363 2745 2670 2811 Nicolaus
2714 2746 2947 2831 Terge-

639 2844 851 2907 stinae
901 2842 1202 2906 ecclesiae
1249 2842 1409 2907 nihil
1441 2844 1574 2906 tale
1621 2848 1977 2907 merentem
2009 2845 2319 2927 praefecit
2366 2847 2750 2927 episcopum,
2797 2866 2948 2927 qua·

639 2939 1065 3021 driennioque
1131 2939 1366 3002 abinde
1428 2939 1692 3004 decurso
1751 2938 2057 3004 Senensis
2119 2942 2298 3004 urbis
2364 2942 2806 3024 pontificatum
2870 2939 2948 3003 ad

644 3059 741 3100 me
796 3034 1090 3100 detulit-⁴
1186 3034 1484 3100 Divinam
1545 3037 2047 3101 misericordiam
2101 3043 2166 3100 et
2221 3038 2693 3121 providentiam
2750 3036 2948 3100 extol-

639 3134 780 3197 lens
840 3132 990 3196 dein
1053 3133 1325 3197 ulterius
1387 3133 1721 3208 describit,
1785 3133 2104 3217 quomodo
2163 3157 2315 3216 prae
2376 3135 2519 3198 aliis
2578 3133 2949 3197 melioribus

641 3230 826 3293 bonis
872 3237 940 3292 et
983 3228 1336 3294 honoribus
1383 3232 1746 3295 cumulatus
1794 3231 2011 3295 fuerit.
2077 3230 2138 3293 A
2186 3229 2440 3294 Calixto
2484 3229 2606 3294 111.
2656 3252 2730 3293 eo
2775 3249 2946 3293 anno

643 3327 810 3390 1456
876 3328 1069 3391 etiam
1133 3326 1492 3390 Cardinalis
1555 3328 1794 3404 factus,
1870 3336 1935 3391 et
1999 3327 2147 3392 dein
2210 3331 2361 3411 post
2420 3327 2750 3390 biennium
2812 3326 2949 3408 ejus

638 3424 880 3486 electus
924 3428 1019 3486 est
1064 3444 1404 3487 successor.

817 3520 916 3583 13.
991 3519 1196 3595 Quum
1278 3520 1533 3583 Aeneas
1603 3520 1861 3605 Sylvius
1929 3545 2044 3605 per
2114 3521 2491 3586 decennium
2559 3516 2946 3603 praecedens

635 3638 886 3681 summa
948 3617 1014 3681 in
1084 3615 1433 3679 Ecclesiam
1500 3621 1730 3682 merita
1792 3619 1912 3682 sibi
1976 3620 2362 3702 collegisset,
2428 3621 2694 3702 ejusque
2756 3637 2950 3699 opera

637 3713 899 3797 negotia
968 3713 1347 3777 difficillima
1415 3713 1494 3776 ad
1545 3711 1818 3779 'felicem
1885 3717 2080 3779 finem
2149 3715 2455 3799 perducta
2521 3718 2768 3787 essent,
2842 3734 2945 3775 su-

635 3830 854 3892 premo
903 3809 1330 3875 Pontificatus
1376 3833 1644 3875 munere
1690 3811 1921 3895 dignus
1968 3812 2342 3875 habebatur.
2416 3810 2504 3874 Iis
2549 3810 2755 3887 annis,
2804 3808 2947 3891 qui-

633 3907 750 3970 bus
799 3912 869 3969 ut
927 3906 1125 3971 laicus
1169 3908 1364 3970 variis
1421 3909 1791 3972 muneribus
1850 3908 2112 3974 functus
2167 3915 2335 3985 erat,
2393 3907 2754 3970 liberiorem
2812 3905 2946 3987 qui·

579 3991 776 4067 Idem
838 4000 1107 4066 duxerat
1167 4004 1397 4080 vitam,
1462 4005 1869 4113 moribusque
1934 4005 2285 4068 levioribus
2338 4004 2508 4067 illius
2564 3991 2797 4067 aetatis
2853 4001 2946 4064 in·

601 4099 927 4183 vdulgens,
975 4099 1055 4162 ab
1101 4097 1578 4164 incontinentia
1607 4101 1781 4165 haud
1810 4103 2233 4178 abstinuerat,
2281 4101 2376 4163 uti
2425 4100 2709 4183 epistolis
2754 4097 2948 4162 variis

632 4197 825 4260 nimis
890 4196 1082 4259 etiam
1147 4201 1366 4279 aperte
1428 4198 1648 4262 tradit.
1755 4198 1876 4262 Sed
1940 4196 2476 4280 quemadmodum
2542 4219 2580 4260 a
2641 4195 2945 4259 schisma·
