3281 5014
1139 424 1221 477 De
1261 422 1503 476 Concilio
1538 421 1863 476 Basileensi.
2553 422 2656 471 349

346 565 574 645 minis,
636 583 830 646 quam
887 563 961 627 de
1017 568 1224 628 mente
1245 620 1246 623 ,
1269 562 1547 627 Domini
1592 561 1884 646 Euqenii
1935 560 2418 639 emanaverint,·
2479 580 2655 637 nam,

347 668 424 728 ut
449 662 701 745 fertur,
727 660 1051 725 ⁴dominus
1093 659 1394 724 Andreas
1436 659 1710 725 Venetus
1754 658 2031 725 dominii
2077 658 2457 723 Venetorum
2503 661 2659 721 tunc

348 763 600 830 orator,
658 763 717 823 et
772 756 981 838 aliqui
1036 757 1284 823 domini
1334 756 1719 822 Cardinales
1775 761 1931 822 tunc
1980 754 2157 837 apud
2204 755 2395 819 Dom.
2443 753 2657 836 Euqe-

346 856 535 921 nium
594 859 1022 938 praesentes,
1076 853 1371 919 timentes
1411 853 1722 935 futurum
1781 873 2092 935 maqnum
2132 851 2525 917 scandalum
2584 849 2660 914 in

349 952 674 1035 Ecclesia,
746 950 986 1015 minati
1048 954 1205 1014 sunt
1260 950 1568 1032 praefato
1627 950 1820 1015 Dom.
1892 948 2222 1032 Euqeni0‚
2293 946 2460 1029 quod
2526 945 2661 1034 nisi

351 1048 562 1114 bullas
620 1047 773 1112 illas
832 1046 1246 1111 adhaesionis
1307 1045 1694 1125 concederet,
1763 1046 1981 1129 ipsum
2040 1044 2248 1109 solum
2306 1042 2661 1107 recedentes

349 1145 807 1226 relinquerent.
923 1142 1100 1208 Unde
1162 1143 1463 1225 praefato
1526 1142 1814 1207 Domino
1880 1142 1954 1206 in
2024 1141 2176 1205 lecto
2240 1138 2660 1218 decumbente,

339 1241 638 1325 praefati
700 1240 949 1305 domini
1009 1240 1396 1320 referuntur
1457 1239 1667 1305 bullas
1722 1238 1875 1303 illas
1937 1237 2159 1302 taliter
2214 1235 2496 1319 qualiter
2551 1257 2661 1300 ex-

337 1337 662 1422 pedivisse
722 1342 782 1401 et
841 1337 1091 1401 misisse
1144 1335 1558 1416 Basileam.1)
1651 1337 1915 1400 Illorum
1981 1342 2338 1419 temporum
2402 1335 2663 1398 circum·

347 1437 628 1500 stantiae
676 1457 824 1498 vera
873 1457 1006 1498 esse
1054 1435 1359 1512 suadent,
1417 1457 1581 1517 quae
1627 1434 1723 1496 de
1755 1435 1815 1497 vi
1857 1432 2150 1517 Eugenio
2196 1433 2379 1496 illata
2425 1430 2660 1494 Turre-

346 1537 628 1596 cremata
689 1532 907 1594 refert.
1017 1531 1084 1594 Si
1149 1532 1320 1595 enim
1386 1530 1855 1606 consideretur,
1927 1528 2202 1593 schisma
2251 1530 2396 1611 jam
2458 1549 2663 1609 paene

348 1628 695 1694 conflatum
740 1628 968 1703 fuisse,
1030 1649 1265 1711 eosque
1320 1629 1514 1691 etiam
1571 1628 1685 1712 qui
1731 1625 2022 1710 Eugenio
2080 1625 2515 1689 adhaerebant
2560 1622 2663 1686 de-

345 1725 691 1790 fectionem
740 1727 1015 1789 minatos
1066 1746 1226 1802 esse,
1274 1726 1328 1788 si
1370 1723 1851 1789 Basileensibus
1899 1744 2030 1786 non
2078 1722 2443 1805 annuisset3
2492 1720 2663 1785 domi

346 1822 629 1906 forisque
676 1844 852 1885 arma
899 1823 1335 1904 perstrepisse,
1387 1821 1657 1886 Romam
1705 1820 1775 1883 in
1807 1819 2069 1883 alterius
2102 1818 2411 1887 ditionem
2457 1821 2665 1881 trans-

349 1919 526 1996 iisse,
582 1918 902 2001 principes
959 1940 1182 1982 omnes
1232 1917 1526 2003 Eugenio
1582 1917 1870 1981 infensos
1917 1916 2142 1993 fuisse,
2202 1915 2257 1979 si
2304 1913 2663 1999 Sigismun-

348 2014 466 2078 dus
510 2012 871 2098 Imperator
915 2015 1293 2097 excipiatur,
1340 2016 1449 2098 qui
1494 2014 1697 2078 adhuc
1741 2013 2157 2077 adhaerebat:
2209 2034 2429 2076 omnes
2477 2012 2664 2075 facile

340 2112 746 2196 judicabunt,
791 2112 1051 2175 nonnisi
1099 2113 1481 2196 gravissimo
1529 2116 1706 2176 metu
1747 2115 2043 2194 urgente,
2086 2108 2446 2193 Eugenium
2496 2108 2666 2190 quod
2709 2123 2713 2128 ·

349 2213 544 2272 antea
588 2214 937 2292 negaverat
985 2207 1459 2272 Basileensibus
1505 2208 1908 2272 concessisse.

530 2360 628 2422 15.
696 2358 767 2420 2⁰
826 2357 1107 2422 Decreta
1164 2357 1626 2422 Basileensium
1694 2360 1761 2421 in
1830 2358 1966 2440 ipsa
2026 2356 2146 2419 hac
2200 2354 2389 2418 Bulla
2452 2353 2991 2455 nU1{a·„¹‚)1e⁰ss{{⁸0¹<³,{‘

346 2459 537 2519 tenus
594 2434 1089 2533 confirmantur,
1148 2456 1258 2520 sed
1315 2459 1571 2519 tantum
1627 2452 1964 2542 celebratio
1998 2453 2318 2538 Concilii3
2380 2455 2453 2514 ut
2509 2468 2660 2515 veio
2747 2477 2930 2519 firmata.

349 2547 1040 2628 ᾶθᾶέἷῖι“”ῗαῖθῐέῂὲ,
1071 2547 1388 2635 posterior
1455 2531 1833 2635 approbatio
1908 2550 2235 2628 Pontificis
2303 2549 2663 2612 necessaria

347 2651 598 2715 fuisset.
721 2649 872 2731 Ipse
945 2648 1322 2730 EuqeniuS,
1402 2650 1624 2714 scribit
1694 2649 2208 2721 Turrecremata‚
2288 2643 2665 2710 Florentiae

348 2746 423 2810 in
483 2745 922 2828 disputatione
974 2745 1268 2828 publica,
1339 2745 1414 2809 de
1480 2765 1611 2826 qua
1679 2766 1798 2810 nos
1864 2744 1935 2809 in
2001 2741 2364 2808 minoribus
2432 2740 2662 2805 consti-

349 2842 481 2906 tuti
526 2841 1093 2925 respondebamus,
1154 2842 1472 2924 alleqante
1529 2841 1601 2906 in
1660 2841 1954 2924 favorem
2002 2838 2483 2905 Basileensium
2530 2836 2662 2901 Ro-

349 2959 545 3003 mano
608 2933 866 3003 domino
923 2939 1198 3004 Juliano
1262 2938 1337 3002 de
1402 2937 1808 3017 Caesarinis,
1863 2935 2322 3020 praesentibus
2384 2932 2666 2998 dominis

355 3034 822 3101 Cardinalibus
853 3036 1287 3117 pluribusque
1332 3035 1486 3100 aliis
1523 3035 1847 3117 praelatis
1904 3039 1964 3098 et
2009 3031 2398 3115 officialibus
2444 3030 2665 3095 curiae

350 3132 437 3197 ad
482 3136 940 3215 arqumentum
988 3132 1062 3197 de
1106 3131 1482 3215 hujusmodi
1538 3132 1732 3196 bullis
1776 3131 2108 3213 respondit
2152 3129 2282 3193 ita:
2338 3127 2476 3192 Nos
2510 3126 2662 3208 qui-

349 3230 492 3298 dem
568 3229 719 3294 bene
786 3250 1205 3312 proqressum
1279 3227 1552 3293 Consilii
1628 3227 2163 3311 approbavimus,
2239 3224 2519 3289 volentes
2590 3228 2664 3287 ut

340 3327 713 3409 procederet
772 3330 849 3390 ut
909 3326 1264 3409 inceperat,
1326 3347 1459 3390 non
1522 3330 1737 3389 tamen
1799 3323 2302 3407 approbavimus
2362 3321 2502 3403 ejus
2561 3319 2661 3384 de-

351 3427 539 3492 creta.
632 3422 725 3487 Et
768 3422 840 3487 in
890 3423 1006 3487 hoc
1050 3421 1526 3504 sapientissime
1567 3422 1762 3504 fecit,·
1813 3421 1957 3503 quis
2013 3419 2186 3483 enim
2230 3418 2364 3482 nisi
2414 3417 2664 3498 impru-

350 3518 770 3584 dentissimus
819 3519 1128 3606 princeps
1187 3518 1577 3602 approbaret
1636 3518 1887 3582 decreta
1949 3536 2114 3598 quae
2174 3534 2514 3595 nunquam
2569 3511 2683 3575 υἱέ

350 3614 549 3680 disset
594 3621 712 3680 aut
760 3636 922 3698 quae
957 3616 1156 3699 prius
1204 3637 1334 3680 non
1383 3614 1837 3693 examinasset,
1886 3613 1944 3678 si
1991 3612 2150 3694 quid
2186 3611 2257 3675 in
2307 3610 2399 3674 eis
2443 3608 2666 3673 minus

348 3716 617 3790 rectum,
664 3712 885 3778 minus
929 3733 1154 3777 verum
1202 3716 1319 3776 aut
1362 3711 1585 3776 minus
1632 3710 1974 3793 expediens
2020 3704 2508 3773 contineretur?
2555 3758 2567 3770 .
2603 3756 2615 3768 .
2648 3754 2660 3767 .

351 3808 704 3874 Praeterea
762 3809 930 3891 quod
974 3809 1164 3873 Dom.
1213 3808 1557 3891 Euqenius
1619 3806 2036 3890 approbando
2088 3824 2462 3887 processum
2512 3800 2664 3867 Con-

350 3905 489 3971 cilii
542 3927 676 3971 non
734 3905 1189 3990 approbaverit
1235 3905 1484 3969 decreta
1531 3904 1747 3984 illius,
1804 3903 2036 3967 exinde
2092 3901 2437 3984 manifeste
2492 3897 2662 3964 colli-

531 4163 571 4228 1)
611 4161 719 4215 cfr.
758 4161 1024 4228 Raynald.
1065 4178 1112 4216 a.
1156 4164 1307 4215 1334.
1348 4178 1398 4215 n.
1436 4162 1485 4214 2.
