3281 5014
1157 427 1372 482 Electio
1411 427 1620 483 Urbani
1658 430 1755 483 VI.
2504 429 2610 481 241

306 565 597 633 Clemens
660 567 827 649 VII„
893 575 957 634 et
995 591 1141 634 cum
1199 570 1269 633 in
1314 568 1510 634 Italia
1555 570 1781 652 pedem
1827 592 2015 634 suum
2062 571 2256 655 figere
2297 591 2429 634 non
2472 591 2612 653 pos·

302 659 469 742 se't‘,””
488 663 695 732 altero
751 659 924 732 anno
986 667 1156 730 1379
1221 668 1289 731 in
1356 664 1635 731 Galliam
1706 667 2092 751 properavit,
2154 673 2221 731 et
2281 666 2617 731 Avenione

303 762 519 827 sedem
562 784 739 827 suam
788 763 1145 829 constituit.

485 912 541 976 7.
590 911 1010 977 Manifestum
1075 916 1364 997 profecto
1435 918 1553 992 est,
1621 919 1697 978 ut
1750 910 2151 997 dijudicetur,
2215 912 2355 998 quis
2421 913 2620 977 fuerit

302 1008 632 1093 legitimus
680 1008 1007 1088 Pontifex,
1080 1011 1383 1076 Urbanus
1429 1011 1543 1076 VI.
1589 1034 1672 1075 an
1722 1009 2017 1076 Clemens
2063 1009 2230 1084 VII„
2298 1009 2617 1074 cardinem

306 1106 704 1189 quaestionis
781 1106 849 1171 in
927 1128 1001 1171 eo
1089 1109 1361 1185 versari,
1450 1113 1670 1172 utrum
1750 1107 2043 1191 legitima
2119 1105 2318 1170 fuerit
2391 1106 2619 1170 electio

307 1201 577 1281 Urbani,
637 1225 717 1266 an
767 1225 920 1267 vero
969 1206 1089 1269 sub
1138 1204 1257 1269 tali
1312 1210 1490 1270 metu
1549 1211 1615 1270 et
1670 1205 1733 1268 vi
1795 1204 2041 1280 effecta,
2102 1208 2176 1268 ut
2238 1204 2384 1267 inde
2444 1204 2623 1267 valor

306 1301 501 1384 ipsius
571 1297 846 1364 corruat.
942 1299 1138 1365 Nullo
1207 1302 1378 1365 enim
1449 1303 1576 1366 alio
1645 1302 1804 1366 vitio
1863 1301 2031 1366 hanc
2095 1301 2469 1366 electionem
2533 1301 2621 1364 af·

306 1397 542 1461 fectam
610 1418 777 1475 esse,
841 1397 1236 1463 adversarios
1284 1397 1535 1463 Urbani
1579 1397 1694 1463 VI.
1737 1397 2088 1462 affirmasse
2149 1402 2433 1476 constat,
2497 1398 2622 1461 nisi

2654 915 2940 958 Discutienda

2710 978 2879 1021 electio.

308 1493 480 1576 quod
535 1515 669 1558 non
727 1494 950 1570 libera,
1014 1495 1122 1559 sed
1186 1504 1430 1559 terrore
1494 1495 1779 1559 immisso
1841 1495 2070 1559 vitiata
2136 1493 2351 1558 fuerit.
2442 1493 2623 1569 Quod
2708 1494 2711 1496 ’

306 1592 361 1656 si
426 1590 720 1674 legitima
783 1590 912 1654 fuit
980 1592 1237 1669 electio,
1319 1591 1894 1675 pseudopontifices
1962 1590 2230 1656 fuerunt
2298 1590 2623 1655 Robertus

307 1709 417 1751 seu
467 1685 761 1751 Clemens
823 1686 988 1770 VII„-
1043 1695 1111 1752 et
1175 1690 1287 1773 qui
1348 1688 1404 1752 ei
1465 1688 1770 1753 successit
1818 1686 2053 1752 Petrus
2115 1687 2192 1751 de
2238 1686 2431 1751 Luna
2489 1687 2622 1749 sive

307 1782 694 1848 Benedictus
763 1781 970 1862 XIII.‚
1029 1786 1162 1849 veri
1231 1789 1445 1849 autem
1508 1784 1753 1849 Christi
1826 1783 2068 1849 Vicarii
2137 1805 2210 1847 ac
2277 1783 2623 1848 Pontifices

310 1880 423 1964 qui
489 1879 733 1944 Romae
793 1882 1170 1946 resederunt
1238 1880 1539 1946 Urbanus
1594 1881 1730 1958 VL,
1798 1879 2168 1946 Bonifatius
2222 1880 2358 1956 ΙΧ.,
2421 1879 2622 1944 Inno-

308 1978 563 2042 centius
632 1975 811 2051 VII.‚
880 1976 1228 2062 Gregorius
1295 1975 1447 2042 XII.
1548 1977 1849 2042 Jamvero
1918 1983 2369 2053 monumenta,
2458 1998 2625 2060 quae

312 2073 562 2138 Urbani
635 2074 1012 2139 electionem
1075 2076 1453 2158 respiciunt,
1526 2096 1673 2139 eum
1743 2075 2027 2158 legitime
2095 2075 2366 2139 electum
2428 2074 2625 2138 fuisse

309 2175 487 2235 certo
551 2170 1025 2252 demonstrant,
1094 2171 1286 2255 idque
1354 2172 1468 2236 illo
1537 2193 1791 2256 quoque
1859 2176 2146 2255 tempore
2204 2190 2328 2260 pes
2393 2190 2460 2233 se
2527 2170 2623 2234 fa-

312 2268 431 2331 cile
491 2267 776 2349 dignosci
837 2269 1067 2351 potuit.
1157 2267 1281 2334 Sed
1342 2270 1411 2332 in
1475 2267 1748 2333 schisma
1812 2269 1949 2352 jam
2013 2261 2401 2333 commotum
2466 2267 2625 2331 talia

310 2365 708 2447 irrepserunt
783 2365 1126 2451 adjuncta,
1205 2375 1314 2442 ut,
1397 2364 1630 2448 quibus
1719 2386 1867 2428 vera
1939 2364 2139 2429 totius
2214 2365 2369 2429 facti
2445 2365 2625 2448 origo

282 2455 539 2545 'ignota
600 2467 739 2526 erat
803 2466 918 2526 aut
980 2461 1057 2527 de
1131 2462 1451 2527 industria
1525 2461 1690 2527 falso
1755 2461 2104 2545 descripta,
2175 2463 2245 2528 in
2321 2483 2622 2547 magnam

312 2558 766 2623 obscuritatem
813 2558 1060 2624 inducti
1109 2561 1262 2624 sint.
1314 2595 1395 2606 —
1443 2558 1634 2623 Modo
1690 2561 1828 2642 jam
1889 2581 1964 2623 ea
2020 2581 2186 2642 quae
2240 2559 2321 2624 ad
2367 2560 2625 2624 electio-

315 2676 462 2718 nem
526 2652 778 2719 Urbani
849 2662 916 2720 et
987 2662 1200 2722 ortum
1275 2656 1633 2720 schismatis
1703 2661 1999 2738 spectant
2069 2657 2426 2722 accuratius
2497 2656 2624 2720 dis-

312 2753 647 2830 cutiemuS,
712 2760 787 2816 ut-
851 2757 1252 2837 argumenta,
1314 2753 1547 2838 quibus
1592 2753 1922 2817 sententia
1974 2758 2195 2819 nostra
2239 2754 2495 2831 nititur,
2550 2753 2621 2816 in

313 2848 485 2912 clara
531 2849 673 2913 luce
720 2847 1130 2934 ponamus&

313 3073 427 3111 rem
465 3056 629 3111 electi
667 3057 939 3124 pontificis
976 3058 1058 3111 ita
1094 3056 1383 3112 describit:
1427 3057 1532 3126 „Le
1576 3057 1811 3112 schisme
1850 3056 1988 3111 etait
2026 3061 2349 3124 consomme‚
2397 3068 2454 3113 et
2490 3075 2629 3125 pour

314 3136 367 3190 le
407 3137 669 3197 soutenir,
719 3137 759 3190 il
795 3136 917 3190 faut
953 3148 1155 3191 avouer
1204 3152 1307 3203 que
1347 3136 1427 3191 les
1468 3136 1762 3190 cardinaux
1810 3137 2032 3190 avaient
2080 3136 2186 3190 fait
2231 3153 2303 3190 un
2353 3139 2626 3193 excellent

317 3215 477 3269 choix
514 3231 581 3270 en
620 3216 866 3269 donnant
902 3216 958 3269 la
992 3217 1137 3270 tiare
1176 3220 1209 3268 a
1245 3215 1454 3270 Robert
1500 3216 1566 3270 (16
1604 3215 1842 3270 Geneve.
1914 3216 2118 3270 C’etait
2166 3233 2238 3270 un
2283 3232 2626 3286 personnage

315 3294 616 3363 distingue,
664 3294 754 3360 qui
794 3294 1058 3362 comptait
1104 3295 1240 3347 dans
1288 3310 1350 3348 sa
1393 3292 1604 3347 famille
1649 3310 1755 3348 une
1799 3294 2139 3347 illustration
2189 3296 2479 3362 ancienne,
2529 3297 2628 3351 des

316 3374 578 3428 alliances
617 3389 750 3428 avec
786 3374 842 3427 la
878 3373 1102 3442 plupart
1139 3374 1234 3428 des
1271 3373 1512 3428 maisons
1550 3374 1765 3440 royales
1801 3375 1868 3428 de
1905 3374 2178 3442 l’Europe,
2228 3383 2285 3429 et
2321 3376 2516 3442 auquel
2554 3391 2625 3429 on

316 3469 385 3507 nc
422 3453 649 3520 pouvait
685 3457 962 3507 contester
993 3453 1075 3506 les
1111 3453 1338 3516 taleme,
1375 3452 1604 3518 l’esprit,
1644 3451 1921 3520 beaucoup
1961 3455 2027 3507 de
2057 3469 2294 3522 courage
2318 3454 2624 3521 personnel,

316 3538 377 3586 et
426 3548 532 3586 une
577 3532 974 3600 magnanimite
1033 3532 1099 3586 de
1154 3534 1432 3586 caractere
1482 3530 1572 3597 qui
1618 3531 1694 3584 lui
1750 3531 2043 3586 donnaient
2099 3533 2195 3587 des
2249 3532 2449 3587 allures
2506 3548 2629 3586 sou-

316 3611 582 3666 veraineS.
656 3611 796 3664 Mais
845 3612 1032 3666 c’etait
1087 3628 1159 3664 un
1220 3612 1402 3680 prelat
1458 3610 1617 3664 d'une
1675 3611 1885 3678 grande
1942 3610 2231 3677 ambition‚
2294 3612 2362 3665 de
2410 3627 2627 3666 moeurs

318 3690 628 3756 seculiercS,
670 3690 965 3756 passionne
1004 3706 1144 3757 pour
1188 3691 1239 3744 16
1276 3690 1437 3751 feste,
1485 3689 1753 3757 prodigue
1807 3689 1942 3742 dans
1992 3706 2079 3744 ses
2127 3690 2411 3755 depenses,
2450 3691 2627 3759 leger,

317 3786 424 3838 peu
471 3769 724 3836 applique
770 3786 877 3822 aux
925 3768 1164 3831 affaireS,
1227 3775 1282 3824 et
1342 3770 1500 3823 d’une
1557 3771 1863 3823 renommee
1922 3784 2025 3836 peu
2083 3769 2218 3823 faite
2264 3785 2400 3835 pour
2444 3769 2498 3823 le
2541 3786 2627 3825 re-

317 3848 664 3902 commander
700 3864 806 3901 aux
842 3850 1072 3916 regards
1110 3849 1175 3902 de
1213 3849 1473 3916 l’opinion
1508 3847 1790 3915 publique3
1838 3864 1931 3901 car
1977 3848 2166 3902 c’etait
2211 3849 2288 3902 lui
2336 3850 2425 3915 qui
2473 3850 2629 3904 avait

315 3927 499 3981 vendu
545 3926 789 3991 Verceil,
852 3932 908 3981 et
964 3929 1205 3981 ordonne
1263 3929 1315 3982 16
1372 3944 1464 3981 sac
1511 3927 1577 3981 de
1630 3926 1886 3980 Cesene.“
1963 3927 2110 3981 Hist.
2162 3928 2229 3981 de
2275 3929 2331 3981 la
2377 3929 2627 3997 Papaute

314 4006 558 4074 pendant
593 4007 645 4060 le
684 4006 841 4059 XIV⁰
865 4005 1050 4069 siecle,
1088 4006 1151 4060 T.
1192 4007 1296 4062 ΙΙΙ.
1334 4007 1392 4060 L.
1431 4007 1587 4060 XIII.

500 4085 541 4151 1)
578 4085 937 4152 Praecipuum
988 4085 1363 4139 documentum
1410 4082 1600 4139 contra
1644 4085 1889 4138 valorem
1942 4085 2230 4139 electionis
2269 4085 2473 4140 Urbani
2514 4092 2622 4141 est:

317 4164 633 4218 Declaratio
672 4164 1043 4218 Cardinalium
1090 4166 1355 4219 adversus
1393 4164 1865 4218 Bartholomaeum
1919 4165 2383 4232 archiepiscopum
2420 4167 2626 4221 Baren-

2313 4266 2410 4321 16*
