<?xml version="1.0" encoding="UTF-8"?>
<!DOCTYPE html PUBLIC "-//W3C//DTD XHTML 1.0 Transitional//EN"
    "http://www.w3.org/TR/xhtml1/DTD/xhtml1-transitional.dtd">
<html xmlns="http://www.w3.org/1999/xhtml" xml:lang="en" lang="en">
 <head>
  <title>
</title>
<meta http-equiv="Content-Type" content="text/html;charset=utf-8" />
  <meta name='ocr-system' content='tesseract 3.04.00' />
  <meta name='ocr-capabilities' content='ocr_page ocr_carea ocr_par ocr_line ocrx_word'/>
</head>
<body>
  <div class='ocr_page' id='page_1' title='image "./dissertationess05junggoog_0130.png"; bbox 0 0 3281 5014; ppageno 0'>
   <div class='ocr_carea' id='block_1_1' title="bbox 635 435 2485 505">
    <p class='ocr_par' dir='ltr' id='par_1_1' title="bbox 635 435 2485 505">
     <span class='ocr_line' id='line_1_1' title="bbox 635 435 2485 505; baseline 0.001 -16"><span class='ocrx_word' id='word_1_1' title='bbox 635 439 737 490; x_wconf 81' lang='lat'><strong>124</strong></span> <span class='ocrx_word' id='word_1_2' title='bbox 1085 436 1284 491; x_wconf 89' lang='lat' dir='ltr'><strong>XXXI.</strong></span> <span class='ocrx_word' id='word_1_3' title='bbox 1323 438 1405 491; x_wconf 89' lang='lat' dir='ltr'><strong>De</strong></span> <span class='ocrx_word' id='word_1_4' title='bbox 1444 436 1743 492; x_wconf 84' lang='lat' dir='ltr'><strong>abolitione</strong></span> <span class='ocrx_word' id='word_1_5' title='bbox 1782 435 2000 490; x_wconf 79' lang='lat' dir='ltr'><strong>Ordinis</strong></span> <span class='ocrx_word' id='word_1_6' title='bbox 2037 436 2485 505; x_wconf 80' lang='lat' dir='ltr'><strong>Templariorum.</strong></span> 
     </span>
    </p>
   </div>
   <div class='ocr_carea' id='block_1_2' title="bbox 628 577 3030 2495">
    <p class='ocr_par' dir='ltr' id='par_1_2' title="bbox 628 577 3030 2495">
     <span class='ocr_line' id='line_1_2' title="bbox 632 577 2942 666; baseline 0.002 -25"><span class='ocrx_word' id='word_1_7' title='bbox 632 582 874 662; x_wconf 86' lang='lat' dir='ltr'><strong>septem</strong></span> <span class='ocrx_word' id='word_1_8' title='bbox 921 601 1126 646; x_wconf 86' lang='lat' dir='ltr'><strong>annos</strong></span> <span class='ocrx_word' id='word_1_9' title='bbox 1168 582 1500 666; x_wconf 72' lang='lat' dir='ltr'>jejunaret</span> <span class='ocrx_word' id='word_1_10' title='bbox 1544 584 1761 643; x_wconf 90' lang='lat' dir='ltr'><strong>sextas</strong></span> <span class='ocrx_word' id='word_1_11' title='bbox 1817 577 2005 642; x_wconf 86' lang='lat' dir='ltr'><strong>ferias</strong></span> <span class='ocrx_word' id='word_1_12' title='bbox 2052 578 2123 642; x_wconf 89' lang='lat' dir='ltr'><strong>in</strong></span> <span class='ocrx_word' id='word_1_13' title='bbox 2171 601 2337 662; x_wconf 91' lang='lat' dir='ltr'><strong>pane</strong></span> <span class='ocrx_word' id='word_1_14' title='bbox 2392 583 2460 644; x_wconf 89' lang='lat' dir='ltr'><strong>et</strong></span> <span class='ocrx_word' id='word_1_15' title='bbox 2512 600 2696 663; x_wconf 88' lang='lat' dir='ltr'><strong>aqua.</strong></span> <span class='ocrx_word' id='word_1_16' title='bbox 2787 578 2942 645; x_wconf 86' lang='lat' dir='ltr'><strong>Fuit</strong></span> 
     </span>
     <span class='ocr_line' id='line_1_3' title="bbox 636 675 2942 761; baseline 0.002 -25"><span class='ocrx_word' id='word_1_17' title='bbox 636 679 856 739; x_wconf 88' lang='lat' dir='ltr'><strong>tamen</strong></span> <span class='ocrx_word' id='word_1_18' title='bbox 901 675 1113 740; x_wconf 88' lang='lat' dir='ltr'><strong>dictus</strong></span> <span class='ocrx_word' id='word_1_19' title='bbox 1160 678 1493 761; x_wconf 90' lang='lat' dir='ltr'><strong>episcopus</strong></span> <span class='ocrx_word' id='word_1_20' title='bbox 1540 676 1819 739; x_wconf 90' lang='lat' dir='ltr'><strong>multum</strong></span> <span class='ocrx_word' id='word_1_21' title='bbox 1866 675 2262 757; x_wconf 88' lang='lat' dir='ltr'><strong>stupefactus</strong></span> <span class='ocrx_word' id='word_1_22' title='bbox 2309 676 2528 741; x_wconf 84' lang='lat' dir='ltr'><strong>audita</strong></span> <span class='ocrx_word' id='word_1_23' title='bbox 2572 676 2743 741; x_wconf 87' lang='lat' dir='ltr'><strong>dicta</strong></span> <span class='ocrx_word' id='word_1_24' title='bbox 2789 698 2942 741; x_wconf 89' lang='lat' dir='ltr'><strong>con-</strong></span> 
     </span>
     <span class='ocr_line' id='line_1_4' title="bbox 633 771 2941 858; baseline 0.001 -23"><span class='ocrx_word' id='word_1_25' title='bbox 633 771 940 848; x_wconf 83' lang='lat' dir='ltr'><strong>fessione,</strong></span> <span class='ocrx_word' id='word_1_26' title='bbox 1003 778 1078 837; x_wconf 89' lang='lat' dir='ltr'><strong>ut</strong></span> <span class='ocrx_word' id='word_1_27' title='bbox 1134 773 1330 857; x_wconf 85' lang='lat' dir='ltr'><strong>dixit,</strong></span> <span class='ocrx_word' id='word_1_28' title='bbox 1399 795 1544 837; x_wconf 90' lang='lat' dir='ltr'><strong>eum</strong></span> <span class='ocrx_word' id='word_1_29' title='bbox 1592 771 1867 835; x_wconf 89' lang='lat' dir='ltr'><strong>multum</strong></span> <span class='ocrx_word' id='word_1_30' title='bbox 1924 772 2436 854; x_wconf 77' lang='lat' dir='ltr'><strong>reprehendenS,</strong></span> <span class='ocrx_word' id='word_1_31' title='bbox 2503 773 2655 858; x_wconf 88' lang='lat' dir='ltr'><strong>quia</strong></span> <span class='ocrx_word' id='word_1_32' title='bbox 2702 776 2941 838; x_wconf 87' lang='lat' dir='ltr'><strong>fecerat</strong></span> 
     </span>
     <span class='ocr_line' id='line_1_5' title="bbox 630 867 2941 953; baseline 0.002 -22"><span class='ocrx_word' id='word_1_33' title='bbox 630 868 1015 951; x_wconf 88' lang='lat' dir='ltr'><strong>supradicta,</strong></span> <span class='ocrx_word' id='word_1_34' title='bbox 1087 874 1152 934; x_wconf 91' lang='lat' dir='ltr'><strong>et</strong></span> <span class='ocrx_word' id='word_1_35' title='bbox 1214 870 1400 934; x_wconf 91' lang='lat' dir='ltr'><strong>stetit</strong></span> <span class='ocrx_word' id='word_1_36' title='bbox 1465 869 1673 933; x_wconf 90' lang='lat' dir='ltr'><strong>dictus</strong></span> <span class='ocrx_word' id='word_1_37' title='bbox 1741 867 2070 951; x_wconf 90' lang='lat' dir='ltr'><strong>episcopus</strong></span> <span class='ocrx_word' id='word_1_38' title='bbox 2134 890 2247 952; x_wconf 89' lang='lat' dir='ltr'><strong>per</strong></span> <span class='ocrx_word' id='word_1_39' title='bbox 2311 890 2613 953; x_wconf 84' lang='lat' dir='ltr'><strong>magnam</strong></span> <span class='ocrx_word' id='word_1_40' title='bbox 2675 891 2941 953; x_wconf 89' lang='lat' dir='ltr'><strong>pausam</strong></span> 
     </span>
     <span class='ocr_line' id='line_1_6' title="bbox 630 964 2940 1049; baseline 0 -21"><span class='ocrx_word' id='word_1_41' title='bbox 630 973 972 1048; x_wconf 89' lang='lat' dir='ltr'><strong>antequam</strong></span> <span class='ocrx_word' id='word_1_42' title='bbox 1048 967 1408 1031; x_wconf 85' lang='lat' dir='ltr'><strong>absolveret</strong></span> <span class='ocrx_word' id='word_1_43' title='bbox 1486 987 1626 1029; x_wconf 88' lang='lat' dir='ltr'><strong>eum</strong></span> <span class='ocrx_word' id='word_1_44' title='bbox 1708 969 1773 1028; x_wconf 89' lang='lat' dir='ltr'><strong>et</strong></span> <span class='ocrx_word' id='word_1_45' title='bbox 1846 964 2204 1047; x_wconf 86' lang='lat' dir='ltr'><strong>imponeret</strong></span> <span class='ocrx_word' id='word_1_46' title='bbox 2275 965 2396 1030; x_wconf 87' lang='lat' dir='ltr'><strong>sibi</strong></span> <span class='ocrx_word' id='word_1_47' title='bbox 2470 966 2940 1049; x_wconf 87' lang='lat' dir='ltr'><strong>poenitentiam</strong></span> 
     </span>
     <span class='ocr_line' id='line_1_7' title="bbox 630 1060 2941 1147; baseline 0 -23"><span class='ocrx_word' id='word_1_48' title='bbox 630 1061 1039 1143; x_wconf 71' lang='lat' dir='ltr'><strong>praedictam.</strong></span> <span class='ocrx_word' id='word_1_49' title='bbox 1146 1062 1550 1147; x_wconf 77' lang='lat' dir='ltr'><strong>RequisituS,</strong></span> <span class='ocrx_word' id='word_1_50' title='bbox 1607 1062 1678 1125; x_wconf 92' lang='lat' dir='ltr'><strong>in</strong></span> <span class='ocrx_word' id='word_1_51' title='bbox 1734 1083 1863 1144; x_wconf 92' lang='lat' dir='ltr'><strong>quo</strong></span> <span class='ocrx_word' id='word_1_52' title='bbox 1914 1061 2054 1125; x_wconf 92' lang='lat' dir='ltr'><strong>loco</strong></span> <span class='ocrx_word' id='word_1_53' title='bbox 2110 1060 2317 1126; x_wconf 89' lang='lat' dir='ltr'><strong>dictus</strong></span> <span class='ocrx_word' id='word_1_54' title='bbox 2375 1062 2703 1146; x_wconf 84' lang='lat' dir='ltr'><strong>episcopus</strong></span> <span class='ocrx_word' id='word_1_55' title='bbox 2761 1061 2941 1125; x_wconf 89' lang='lat' dir='ltr'><strong>audi-</strong></span> 
     </span>
     <span class='ocr_line' id='line_1_8' title="bbox 630 1158 2936 1243; baseline 0.003 -22"><span class='ocrx_word' id='word_1_56' title='bbox 630 1161 812 1222; x_wconf 87' lang='lat' dir='ltr'><strong>verat</strong></span> <span class='ocrx_word' id='word_1_57' title='bbox 874 1160 1012 1243; x_wconf 87' lang='lat' dir='ltr'><strong>ejus</strong></span> <span class='ocrx_word' id='word_1_58' title='bbox 1082 1159 1553 1225; x_wconf 83' lang='lat' dir='ltr'><strong>confessionem</strong></span> <span class='ocrx_word' id='word_1_59' title='bbox 1622 1163 1688 1223; x_wconf 90' lang='lat' dir='ltr'><strong>et</strong></span> <span class='ocrx_word' id='word_1_60' title='bbox 1747 1158 1981 1241; x_wconf 88' lang='lat' dir='ltr'><strong>quibus</strong></span> <span class='ocrx_word' id='word_1_61' title='bbox 2043 1159 2523 1241; x_wconf 87' lang='lat' dir='ltr'><strong>praesentibus,</strong></span> <span class='ocrx_word' id='word_1_62' title='bbox 2590 1158 2936 1241; x_wconf 68' lang='lat' dir='ltr'><strong>respondit,</strong></span> 
     </span>
     <span class='ocr_line' id='line_1_9' title="bbox 628 1252 3030 1339; baseline 0 -22"><span class='ocrx_word' id='word_1_63' title='bbox 628 1253 798 1338; x_wconf 86' lang='lat' dir='ltr'><strong>quod</strong></span> <span class='ocrx_word' id='word_1_64' title='bbox 870 1256 937 1318; x_wconf 92' lang='lat' dir='ltr'><strong>in</strong></span> <span class='ocrx_word' id='word_1_65' title='bbox 1000 1256 1245 1339; x_wconf 89' lang='lat' dir='ltr'><strong>capella</strong></span> <span class='ocrx_word' id='word_1_66' title='bbox 1313 1256 1690 1339; x_wconf 87' lang='lat' dir='ltr'><strong>episcopalis</strong></span> <span class='ocrx_word' id='word_1_67' title='bbox 1756 1254 1981 1318; x_wconf 90' lang='lat' dir='ltr'><strong>domus</strong></span> <span class='ocrx_word' id='word_1_68' title='bbox 2053 1259 2314 1319; x_wconf 83' lang='lat' dir='ltr'><strong>vocatae</strong></span> <span class='ocrx_word' id='word_1_69' title='bbox 2380 1255 2456 1319; x_wconf 91' lang='lat' dir='ltr'><strong>de</strong></span> <span class='ocrx_word' id='word_1_70' title='bbox 2524 1252 2747 1339; x_wconf 87' lang='lat' dir='ltr'><strong>Burgo</strong></span> <span class='ocrx_word' id='word_1_71' title='bbox 2814 1255 2941 1321; x_wconf 87' lang='lat' dir='ltr'><strong>fuit</strong></span> <span class='ocrx_word' id='word_1_72' title='bbox 3007 1322 3030 1329; x_wconf 56' lang='lat'><strong>,</strong></span> 
     </span>
     <span class='ocr_line' id='line_1_10' title="bbox 631 1350 2939 1435; baseline 0 -21"><span class='ocrx_word' id='word_1_73' title='bbox 631 1350 956 1415; x_wconf 88' lang='lat' dir='ltr'><strong>confessus</strong></span> <span class='ocrx_word' id='word_1_74' title='bbox 1002 1351 1206 1415; x_wconf 89' lang='lat' dir='ltr'><strong>eidem</strong></span> <span class='ocrx_word' id='word_1_75' title='bbox 1254 1352 1569 1435; x_wconf 75' lang='lat' dir='ltr'><strong>episcope,</strong></span> <span class='ocrx_word' id='word_1_76' title='bbox 1612 1350 1982 1415; x_wconf 87' lang='lat' dir='ltr'><strong>videntibus</strong></span> <span class='ocrx_word' id='word_1_77' title='bbox 2015 1350 2321 1435; x_wconf 87' lang='lat' dir='ltr'><strong>Hugueto</strong></span> <span class='ocrx_word' id='word_1_78' title='bbox 2367 1352 2444 1415; x_wconf 90' lang='lat' dir='ltr'><strong>de</strong></span> <span class='ocrx_word' id='word_1_79' title='bbox 2486 1350 2695 1416; x_wconf 86' lang='lat' dir='ltr'><strong>Bures</strong></span> <span class='ocrx_word' id='word_1_80' title='bbox 2740 1352 2939 1416; x_wconf 82' lang='lat' dir='ltr'><strong>fratre</strong></span> 
     </span>
     <span class='ocr_line' id='line_1_11' title="bbox 632 1446 2939 1532; baseline 0.001 -21"><span class='ocrx_word' id='word_1_81' title='bbox 632 1448 914 1532; x_wconf 87' lang='lat' dir='ltr'><strong>ejusdem</strong></span> <span class='ocrx_word' id='word_1_82' title='bbox 987 1449 1174 1513; x_wconf 89' lang='lat' dir='ltr'><strong>testis</strong></span> <span class='ocrx_word' id='word_1_83' title='bbox 1240 1471 1416 1513; x_wconf 90' lang='lat' dir='ltr'><strong>nunc</strong></span> <span class='ocrx_word' id='word_1_84' title='bbox 1484 1449 1825 1523; x_wconf 83' lang='lat' dir='ltr'><strong>defunctO,</strong></span> <span class='ocrx_word' id='word_1_85' title='bbox 1894 1446 2288 1532; x_wconf 86' lang='lat' dir='ltr'><strong>camerlingo</strong></span> <span class='ocrx_word' id='word_1_86' title='bbox 2357 1452 2514 1513; x_wconf 89' lang='lat' dir='ltr'><strong>tunc</strong></span> <span class='ocrx_word' id='word_1_87' title='bbox 2583 1448 2737 1513; x_wconf 88' lang='lat' dir='ltr'><strong>dicti</strong></span> <span class='ocrx_word' id='word_1_88' title='bbox 2806 1449 2939 1532; x_wconf 89' lang='lat' dir='ltr'><strong>epi-</strong></span> 
     </span>
     <span class='ocr_line' id='line_1_12' title="bbox 629 1544 2940 1629; baseline -0 -20"><span class='ocrx_word' id='word_1_89' title='bbox 629 1545 832 1629; x_wconf 87' lang='lat' dir='ltr'><strong>scopi,</strong></span> <span class='ocrx_word' id='word_1_90' title='bbox 902 1546 1011 1629; x_wconf 89' lang='lat' dir='ltr'><strong>qui</strong></span> <span class='ocrx_word' id='word_1_91' title='bbox 1076 1546 1289 1629; x_wconf 89' lang='lat' dir='ltr'><strong>ipsum</strong></span> <span class='ocrx_word' id='word_1_92' title='bbox 1358 1545 1723 1609; x_wconf 79' lang='lat' dir='ltr'><strong>introduxit</strong></span> <span class='ocrx_word' id='word_1_93' title='bbox 1789 1545 1858 1608; x_wconf 91' lang='lat' dir='ltr'><strong>in</strong></span> <span class='ocrx_word' id='word_1_94' title='bbox 1919 1545 2170 1628; x_wconf 89' lang='lat' dir='ltr'><strong>capella</strong></span> <span class='ocrx_word' id='word_1_95' title='bbox 2230 1545 2615 1627; x_wconf 84' lang='lat' dir='ltr'><strong>praedicta.“</strong></span> <span class='ocrx_word' id='word_1_96' title='bbox 2715 1544 2940 1609; x_wconf 89' lang='lat' dir='ltr'><strong>Eidem</strong></span> 
     </span>
     <span class='ocr_line' id='line_1_13' title="bbox 633 1640 2940 1726; baseline -0 -21"><span class='ocrx_word' id='word_1_97' title='bbox 633 1640 1002 1725; x_wconf 86' lang='lat' dir='ltr'><strong>presbytero</strong></span> <span class='ocrx_word' id='word_1_98' title='bbox 1063 1642 1402 1726; x_wconf 85' lang='lat' dir='ltr'><strong>templario</strong></span> <span class='ocrx_word' id='word_1_99' title='bbox 1463 1642 1660 1706; x_wconf 86' lang='lat' dir='ltr'><strong>etiam</strong></span> <span class='ocrx_word' id='word_1_100' title='bbox 1721 1640 1962 1704; x_wconf 90' lang='lat' dir='ltr'><strong>dictum</strong></span> <span class='ocrx_word' id='word_1_101' title='bbox 2021 1640 2176 1718; x_wconf 87' lang='lat' dir='ltr'><strong>fuit,</strong></span> <span class='ocrx_word' id='word_1_102' title='bbox 2239 1645 2311 1705; x_wconf 91' lang='lat' dir='ltr'><strong>ut</strong></span> <span class='ocrx_word' id='word_1_103' title='bbox 2371 1642 2701 1706; x_wconf 89' lang='lat' dir='ltr'><strong>omitteret</strong></span> <span class='ocrx_word' id='word_1_104' title='bbox 2748 1641 2940 1705; x_wconf 84' lang='lat' dir='ltr'><strong>verba</strong></span> 
     </span>
     <span class='ocr_line' id='line_1_14' title="bbox 631 1737 2939 1822; baseline 0 -23"><span class='ocrx_word' id='word_1_105' title='bbox 631 1739 1154 1816; x_wconf 78' lang='lat' dir='ltr'><strong>consecrationiS,</strong></span> <span class='ocrx_word' id='word_1_106' title='bbox 1217 1738 1386 1822; x_wconf 90' lang='lat' dir='ltr'><strong>quod</strong></span> <span class='ocrx_word' id='word_1_107' title='bbox 1446 1745 1665 1802; x_wconf 89' lang='lat' dir='ltr'><strong>tamen</strong></span> <span class='ocrx_word' id='word_1_108' title='bbox 1726 1759 1792 1802; x_wconf 88' lang='lat' dir='ltr'><strong>se</strong></span> <span class='ocrx_word' id='word_1_109' title='bbox 1855 1760 1990 1802; x_wconf 91' lang='lat' dir='ltr'><strong>non</strong></span> <span class='ocrx_word' id='word_1_110' title='bbox 2049 1738 2268 1803; x_wconf 89' lang='lat' dir='ltr'><strong>fecisse</strong></span> <span class='ocrx_word' id='word_1_111' title='bbox 2325 1739 2571 1802; x_wconf 88' lang='lat' dir='ltr'><strong>asserit.</strong></span> <span class='ocrx_word' id='word_1_112' title='bbox 2664 1737 2781 1814; x_wconf 89' lang='lat' dir='ltr'><strong>„In</strong></span> <span class='ocrx_word' id='word_1_113' title='bbox 2840 1759 2939 1801; x_wconf 92' lang='lat' dir='ltr'><strong>re-</strong></span> 
     </span>
     <span class='ocr_line' id='line_1_15' title="bbox 631 1833 2939 1918; baseline 0 -21"><span class='ocrx_word' id='word_1_114' title='bbox 631 1835 923 1918; x_wconf 87' lang='lat' dir='ltr'><strong>ceptione</strong></span> <span class='ocrx_word' id='word_1_115' title='bbox 991 1857 1109 1900; x_wconf 87' lang='lat' dir='ltr'><strong>sua</strong></span> <span class='ocrx_word' id='word_1_116' title='bbox 1189 1858 1323 1901; x_wconf 90' lang='lat' dir='ltr'><strong>non</strong></span> <span class='ocrx_word' id='word_1_117' title='bbox 1393 1835 1664 1899; x_wconf 81' lang='lat' dir='ltr'><strong>fuerunt</strong></span> <span class='ocrx_word' id='word_1_118' title='bbox 1740 1834 1865 1898; x_wconf 90' lang='lat' dir='ltr'><strong>nisi</strong></span> <span class='ocrx_word' id='word_1_119' title='bbox 1935 1837 2168 1899; x_wconf 82' lang='lat' dir='ltr'><strong>fratres</strong></span> <span class='ocrx_word' id='word_1_120' title='bbox 2237 1834 2436 1918; x_wconf 90' lang='lat' dir='ltr'><strong>ipsius</strong></span> <span class='ocrx_word' id='word_1_121' title='bbox 2504 1833 2791 1912; x_wconf 82' lang='lat' dir='ltr'><strong>Ordinis,</strong></span> <span class='ocrx_word' id='word_1_122' title='bbox 2875 1839 2939 1899; x_wconf 87' lang='lat' dir='ltr'><strong>et</strong></span> 
     </span>
     <span class='ocr_line' id='line_1_16' title="bbox 629 1930 2941 2015; baseline 0 -21"><span class='ocrx_word' id='word_1_123' title='bbox 629 1935 853 2015; x_wconf 86' lang='lat' dir='ltr'><strong>portae</strong></span> <span class='ocrx_word' id='word_1_124' title='bbox 899 1932 1167 1995; x_wconf 84' lang='lat' dir='ltr'><strong>fuerunt</strong></span> <span class='ocrx_word' id='word_1_125' title='bbox 1211 1932 1492 2007; x_wconf 89' lang='lat' dir='ltr'><strong>clausae,</strong></span> <span class='ocrx_word' id='word_1_126' title='bbox 1555 1936 1619 1995; x_wconf 92' lang='lat' dir='ltr'><strong>et</strong></span> <span class='ocrx_word' id='word_1_127' title='bbox 1666 1930 1924 2013; x_wconf 90' lang='lat' dir='ltr'><strong>quidam</strong></span> <span class='ocrx_word' id='word_1_128' title='bbox 1970 1931 2331 2014; x_wconf 82' lang='lat' dir='ltr'><strong>presbyter,</strong></span> <span class='ocrx_word' id='word_1_129' title='bbox 2379 1938 2639 1996; x_wconf 88' lang='lat' dir='ltr'><strong>curatus</strong></span> <span class='ocrx_word' id='word_1_130' title='bbox 2684 1937 2759 1995; x_wconf 89' lang='lat' dir='ltr'><strong>ut</strong></span> <span class='ocrx_word' id='word_1_131' title='bbox 2803 1953 2941 1996; x_wconf 91' lang='lat' dir='ltr'><strong>cre·</strong></span> 
     </span>
     <span class='ocr_line' id='line_1_17' title="bbox 631 2026 2938 2112; baseline 0.001 -21"><span class='ocrx_word' id='word_1_132' title='bbox 631 2028 820 2092; x_wconf 87' lang='lat' dir='ltr'><strong>debat</strong></span> <span class='ocrx_word' id='word_1_133' title='bbox 883 2029 1180 2093; x_wconf 90' lang='lat' dir='ltr'><strong>ecclesiae</strong></span> <span class='ocrx_word' id='word_1_134' title='bbox 1254 2030 1331 2093; x_wconf 91' lang='lat' dir='ltr'><strong>de</strong></span> <span class='ocrx_word' id='word_1_135' title='bbox 1409 2027 1613 2111; x_wconf 83' lang='lat' dir='ltr'><strong>Noylt</strong></span> <span class='ocrx_word' id='word_1_136' title='bbox 1677 2026 2110 2111; x_wconf 86' lang='lat' dir='ltr'><strong>Lingonensis</strong></span> <span class='ocrx_word' id='word_1_137' title='bbox 2180 2028 2482 2091; x_wconf 89' lang='lat' dir='ltr'><strong>dioecesis</strong></span> <span class='ocrx_word' id='word_1_138' title='bbox 2548 2028 2938 2112; x_wconf 89' lang='lat' dir='ltr'><strong>impropera-</strong></span> 
     </span>
     <span class='ocr_line' id='line_1_18' title="bbox 632 2124 2936 2209; baseline 0.001 -22"><span class='ocrx_word' id='word_1_139' title='bbox 632 2124 729 2188; x_wconf 84' lang='lat' dir='ltr'><strong>vit</strong></span> <span class='ocrx_word' id='word_1_140' title='bbox 771 2124 893 2208; x_wconf 90' lang='lat' dir='ltr'><strong>ipsi</strong></span> <span class='ocrx_word' id='word_1_141' title='bbox 938 2126 1092 2189; x_wconf 88' lang='lat' dir='ltr'><strong>testi</strong></span> <span class='ocrx_word' id='word_1_142' title='bbox 1137 2129 1285 2209; x_wconf 90' lang='lat' dir='ltr'><strong>post</strong></span> <span class='ocrx_word' id='word_1_143' title='bbox 1329 2126 1766 2208; x_wconf 85' lang='lat' dir='ltr'><strong>receptionem</strong></span> <span class='ocrx_word' id='word_1_144' title='bbox 1812 2146 2022 2202; x_wconf 87' lang='lat' dir='ltr'><strong>suam,</strong></span> <span class='ocrx_word' id='word_1_145' title='bbox 2078 2125 2229 2188; x_wconf 89' lang='lat' dir='ltr'><strong>dum</strong></span> <span class='ocrx_word' id='word_1_146' title='bbox 2275 2125 2521 2189; x_wconf 82' lang='lat' dir='ltr'><strong>biberet</strong></span> <span class='ocrx_word' id='word_1_147' title='bbox 2577 2125 2714 2209; x_wconf 90' lang='lat' dir='ltr'><strong>ipse</strong></span> <span class='ocrx_word' id='word_1_148' title='bbox 2751 2126 2936 2189; x_wconf 88' lang='lat' dir='ltr'><strong>testis</strong></span> 
     </span>
     <span class='ocr_line' id='line_1_19' title="bbox 630 2220 2939 2305; baseline 0 -21"><span class='ocrx_word' id='word_1_149' title='bbox 630 2222 700 2284; x_wconf 93' lang='lat' dir='ltr'><strong>in</strong></span> <span class='ocrx_word' id='word_1_150' title='bbox 748 2222 932 2285; x_wconf 89' lang='lat' dir='ltr'><strong>domo</strong></span> <span class='ocrx_word' id='word_1_151' title='bbox 984 2221 1267 2304; x_wconf 82' lang='lat' dir='ltr'><strong>ejusdem</strong></span> <span class='ocrx_word' id='word_1_152' title='bbox 1314 2220 1701 2304; x_wconf 80' lang='lat' dir='ltr'><strong>presbyteri,</strong></span> <span class='ocrx_word' id='word_1_153' title='bbox 1762 2220 1933 2304; x_wconf 92' lang='lat' dir='ltr'><strong>quod</strong></span> <span class='ocrx_word' id='word_1_154' title='bbox 1985 2221 2156 2285; x_wconf 88' lang='lat' dir='ltr'><strong>mala</strong></span> <span class='ocrx_word' id='word_1_155' title='bbox 2210 2221 2483 2305; x_wconf 89' lang='lat' dir='ltr'><strong>suspicio</strong></span> <span class='ocrx_word' id='word_1_156' title='bbox 2529 2225 2666 2285; x_wconf 89' lang='lat' dir='ltr'><strong>erat</strong></span> <span class='ocrx_word' id='word_1_157' title='bbox 2712 2226 2939 2285; x_wconf 84' lang='lat' dir='ltr'><strong>contra</strong></span> 
     </span>
     <span class='ocr_line' id='line_1_20' title="bbox 633 2316 2940 2402; baseline 0 -20"><span class='ocrx_word' id='word_1_158' title='bbox 633 2316 969 2395; x_wconf 91' lang='lat' dir='ltr'><strong>Ordinem,</strong></span> <span class='ocrx_word' id='word_1_159' title='bbox 1033 2319 1184 2402; x_wconf 89' lang='lat' dir='ltr'><strong>quia</strong></span> <span class='ocrx_word' id='word_1_160' title='bbox 1228 2317 1553 2383; x_wconf 81' lang='lat' dir='ltr'><strong>faciebant</strong></span> <span class='ocrx_word' id='word_1_161' title='bbox 1599 2317 2036 2383; x_wconf 86' lang='lat' dir='ltr'><strong>clandestinas</strong></span> <span class='ocrx_word' id='word_1_162' title='bbox 2092 2319 2483 2402; x_wconf 84' lang='lat' dir='ltr'><strong>receptiones</strong></span> <span class='ocrx_word' id='word_1_163' title='bbox 2530 2323 2596 2382; x_wconf 90' lang='lat' dir='ltr'><strong>et</strong></span> <span class='ocrx_word' id='word_1_164' title='bbox 2659 2318 2940 2401; x_wconf 87' lang='lat' dir='ltr'><strong>capitula</strong></span> 
     </span>
     <span class='ocr_line' id='line_1_21' title="bbox 632 2412 985 2495; baseline 0.003 -17"><span class='ocrx_word' id='word_1_165' title='bbox 632 2418 913 2479; x_wconf 83' lang='lat' dir='ltr'><strong>eorum.“</strong></span> <span class='ocrx_word' id='word_1_166' title='bbox 937 2412 985 2495; x_wconf 85' lang='lat'><strong>¹)</strong></span> 
     </span>
    </p>
   </div>
   <div class='ocr_carea' id='block_1_3' title="bbox 628 2561 2938 4001">
    <p class='ocr_par' dir='ltr' id='par_1_3' title="bbox 628 2561 2938 4001">
     <span class='ocr_line' id='line_1_22' title="bbox 807 2561 2937 2629; baseline 0 -2"><span class='ocrx_word' id='word_1_167' title='bbox 807 2563 908 2627; x_wconf 85' lang='lat'><strong>42.</strong></span> <span class='ocrx_word' id='word_1_168' title='bbox 973 2562 1200 2628; x_wconf 82' lang='lat' dir='ltr'><strong>Frater</strong></span> <span class='ocrx_word' id='word_1_169' title='bbox 1266 2562 1618 2628; x_wconf 90' lang='lat' dir='ltr'><strong>Garnerius</strong></span> <span class='ocrx_word' id='word_1_170' title='bbox 1684 2562 1761 2627; x_wconf 90' lang='lat' dir='ltr'><strong>de</strong></span> <span class='ocrx_word' id='word_1_171' title='bbox 1807 2562 2048 2627; x_wconf 90' lang='lat' dir='ltr'><strong>Venesi</strong></span> <span class='ocrx_word' id='word_1_172' title='bbox 2111 2564 2397 2628; x_wconf 81' lang='lat' dir='ltr'><strong>serviens</strong></span> <span class='ocrx_word' id='word_1_173' title='bbox 2460 2564 2762 2629; x_wconf 91' lang='lat' dir='ltr'><strong>dioecesis</strong></span> <span class='ocrx_word' id='word_1_174' title='bbox 2826 2561 2937 2628; x_wconf 84' lang='lat' dir='ltr'><strong>Se-</strong></span> 
     </span>
     <span class='ocr_line' id='line_1_23' title="bbox 635 2660 2938 2744; baseline 0 -21"><span class='ocrx_word' id='word_1_175' title='bbox 635 2660 960 2737; x_wconf 84' lang='lat' dir='ltr'><strong>nonensiS,</strong></span> <span class='ocrx_word' id='word_1_176' title='bbox 1007 2660 1243 2724; x_wconf 89' lang='lat' dir='ltr'><strong>aetatis</strong></span> <span class='ocrx_word' id='word_1_177' title='bbox 1292 2661 1376 2723; x_wconf 84' lang='lat'><strong>50</strong></span> <span class='ocrx_word' id='word_1_178' title='bbox 1423 2681 1760 2737; x_wconf 92' lang='lat' dir='ltr'><strong>annorum,</strong></span> <span class='ocrx_word' id='word_1_179' title='bbox 1808 2660 2168 2743; x_wconf 91' lang='lat' dir='ltr'><strong>respondit,</strong></span> <span class='ocrx_word' id='word_1_180' title='bbox 2212 2683 2320 2740; x_wconf 90' lang='lat' dir='ltr'><strong>„se</strong></span> <span class='ocrx_word' id='word_1_181' title='bbox 2365 2660 2565 2726; x_wconf 89' lang='lat' dir='ltr'><strong>fuisse</strong></span> <span class='ocrx_word' id='word_1_182' title='bbox 2611 2664 2938 2744; x_wconf 90' lang='lat' dir='ltr'><strong>receptum</strong></span> 
     </span>
     <span class='ocr_line' id='line_1_24' title="bbox 634 2754 2938 2841; baseline 0 -21"><span class='ocrx_word' id='word_1_183' title='bbox 634 2780 672 2820; x_wconf 86' lang='lat' dir='ltr'><strong>a</strong></span> <span class='ocrx_word' id='word_1_184' title='bbox 734 2756 934 2820; x_wconf 88' lang='lat' dir='ltr'><strong>fratre</strong></span> <span class='ocrx_word' id='word_1_185' title='bbox 1001 2757 1241 2821; x_wconf 89' lang='lat' dir='ltr'><strong>Anrico</strong></span> <span class='ocrx_word' id='word_1_186' title='bbox 1304 2756 1381 2820; x_wconf 90' lang='lat' dir='ltr'><strong>de</strong></span> <span class='ocrx_word' id='word_1_187' title='bbox 1431 2754 1677 2839; x_wconf 87' lang='lat' dir='ltr'><strong>Supino</strong></span> <span class='ocrx_word' id='word_1_188' title='bbox 1738 2760 2150 2840; x_wconf 89' lang='lat' dir='ltr'><strong>praeceptore</strong></span> <span class='ocrx_word' id='word_1_189' title='bbox 2213 2757 2487 2822; x_wconf 87' lang='lat' dir='ltr'><strong>ballivae</strong></span> <span class='ocrx_word' id='word_1_190' title='bbox 2546 2757 2797 2841; x_wconf 89' lang='lat' dir='ltr'><strong>Templi</strong></span> <span class='ocrx_word' id='word_1_191' title='bbox 2860 2756 2938 2821; x_wconf 90' lang='lat' dir='ltr'><strong>de</strong></span> 
     </span>
     <span class='ocr_line' id='line_1_25' title="bbox 634 2851 2938 2938; baseline -0.001 -19"><span class='ocrx_word' id='word_1_192' title='bbox 634 2853 966 2919; x_wconf 82' lang='lat' dir='ltr'><strong>Coloribus</strong></span> <span class='ocrx_word' id='word_1_193' title='bbox 1028 2858 1184 2918; x_wconf 90' lang='lat' dir='ltr'><strong>ante</strong></span> <span class='ocrx_word' id='word_1_194' title='bbox 1252 2855 1330 2916; x_wconf 87' lang='lat'><strong>15</strong></span> <span class='ocrx_word' id='word_1_195' title='bbox 1387 2853 1486 2917; x_wconf 83' lang='lat' dir='ltr'><strong>vel</strong></span> <span class='ocrx_word' id='word_1_196' title='bbox 1549 2854 1628 2916; x_wconf 88' lang='lat'><strong>16</strong></span> <span class='ocrx_word' id='word_1_197' title='bbox 1689 2874 1911 2916; x_wconf 88' lang='lat' dir='ltr'><strong>annos.</strong></span> <span class='ocrx_word' id='word_1_198' title='bbox 2002 2851 2161 2918; x_wconf 87' lang='lat' dir='ltr'><strong>Post</strong></span> <span class='ocrx_word' id='word_1_199' title='bbox 2207 2861 2429 2918; x_wconf 84' lang='lat' dir='ltr'><strong>votum</strong></span> <span class='ocrx_word' id='word_1_200' title='bbox 2488 2860 2555 2919; x_wconf 85' lang='lat' dir='ltr'><strong>et</strong></span> <span class='ocrx_word' id='word_1_201' title='bbox 2604 2856 2938 2938; x_wconf 89' lang='lat' dir='ltr'><strong>juramen·</strong></span> 
     </span>
     <span class='ocr_line' id='line_1_26' title="bbox 631 2950 2935 3035; baseline -0 -20"><span class='ocrx_word' id='word_1_202' title='bbox 631 2957 800 3025; x_wconf 90' lang='lat' dir='ltr'><strong>tum,</strong></span> <span class='ocrx_word' id='word_1_203' title='bbox 859 2951 1187 3033; x_wconf 87' lang='lat' dir='ltr'><strong>praecepit</strong></span> <span class='ocrx_word' id='word_1_204' title='bbox 1241 2951 1299 3015; x_wconf 91' lang='lat' dir='ltr'><strong>ei</strong></span> <span class='ocrx_word' id='word_1_205' title='bbox 1356 2950 1525 3034; x_wconf 91' lang='lat' dir='ltr'><strong>quod</strong></span> <span class='ocrx_word' id='word_1_206' title='bbox 1583 2953 1844 3033; x_wconf 90' lang='lat' dir='ltr'><strong>spueret</strong></span> <span class='ocrx_word' id='word_1_207' title='bbox 1899 2971 2090 3033; x_wconf 91' lang='lat' dir='ltr'><strong>super</strong></span> <span class='ocrx_word' id='word_1_208' title='bbox 2134 2950 2479 3035; x_wconf 87' lang='lat' dir='ltr'><strong>imaginem</strong></span> <span class='ocrx_word' id='word_1_209' title='bbox 2522 2950 2821 3016; x_wconf 84' lang='lat' dir='ltr'><strong>Crucifixi</strong></span> <span class='ocrx_word' id='word_1_210' title='bbox 2868 2950 2935 3014; x_wconf 93' lang='lat' dir='ltr'><strong>in</strong></span> 
     </span>
     <span class='ocr_line' id='line_1_27' title="bbox 631 3045 2937 3129; baseline 0.002 -20"><span class='ocrx_word' id='word_1_211' title='bbox 631 3047 795 3117; x_wconf 81' lang='lat' dir='ltr'><strong>libro</strong></span> <span class='ocrx_word' id='word_1_212' title='bbox 860 3048 1279 3129; x_wconf 84' lang='lat' dir='ltr'><strong>existentem,</strong></span> <span class='ocrx_word' id='word_1_213' title='bbox 1341 3047 1416 3109; x_wconf 91' lang='lat' dir='ltr'><strong>de</strong></span> <span class='ocrx_word' id='word_1_214' title='bbox 1481 3067 1607 3128; x_wconf 92' lang='lat' dir='ltr'><strong>quo</strong></span> <span class='ocrx_word' id='word_1_215' title='bbox 1675 3045 1840 3109; x_wconf 88' lang='lat' dir='ltr'><strong>idem</strong></span> <span class='ocrx_word' id='word_1_216' title='bbox 1906 3047 2090 3111; x_wconf 86' lang='lat' dir='ltr'><strong>testis</strong></span> <span class='ocrx_word' id='word_1_217' title='bbox 2146 3049 2414 3112; x_wconf 88' lang='lat' dir='ltr'><strong>multum</strong></span> <span class='ocrx_word' id='word_1_218' title='bbox 2477 3051 2551 3112; x_wconf 89' lang='lat' dir='ltr'><strong>ut</strong></span> <span class='ocrx_word' id='word_1_219' title='bbox 2604 3047 2767 3112; x_wconf 86' lang='lat' dir='ltr'><strong>dixit</strong></span> <span class='ocrx_word' id='word_1_220' title='bbox 2824 3046 2937 3113; x_wconf 92' lang='lat' dir='ltr'><strong>do·</strong></span> 
     </span>
     <span class='ocr_line' id='line_1_28' title="bbox 631 3142 2937 3227; baseline 0 -21"><span class='ocrx_word' id='word_1_221' title='bbox 631 3144 781 3226; x_wconf 82' lang='lat' dir='ltr'><strong>luit3</strong></span> <span class='ocrx_word' id='word_1_222' title='bbox 831 3144 1004 3226; x_wconf 89' lang='lat' dir='ltr'><strong>spuit</strong></span> <span class='ocrx_word' id='word_1_223' title='bbox 1051 3148 1269 3207; x_wconf 88' lang='lat' dir='ltr'><strong>tamen</strong></span> <span class='ocrx_word' id='word_1_224' title='bbox 1306 3143 1501 3227; x_wconf 88' lang='lat' dir='ltr'><strong>juxta</strong></span> <span class='ocrx_word' id='word_1_225' title='bbox 1547 3142 1895 3224; x_wconf 88' lang='lat' dir='ltr'><strong>imaginem</strong></span> <span class='ocrx_word' id='word_1_226' title='bbox 1943 3149 2009 3206; x_wconf 86' lang='lat' dir='ltr'><strong>et</strong></span> <span class='ocrx_word' id='word_1_227' title='bbox 2056 3165 2187 3207; x_wconf 91' lang='lat' dir='ltr'><strong>non</strong></span> <span class='ocrx_word' id='word_1_228' title='bbox 2232 3165 2444 3226; x_wconf 90' lang='lat' dir='ltr'><strong>supra,</strong></span> <span class='ocrx_word' id='word_1_229' title='bbox 2492 3144 2645 3227; x_wconf 89' lang='lat' dir='ltr'><strong>quia</strong></span> <span class='ocrx_word' id='word_1_230' title='bbox 2688 3143 2937 3207; x_wconf 88' lang='lat' dir='ltr'><strong>dixerat</strong></span> 
     </span>
     <span class='ocr_line' id='line_1_29' title="bbox 629 3237 2935 3325; baseline -0.001 -20"><span class='ocrx_word' id='word_1_231' title='bbox 629 3241 781 3318; x_wconf 87' lang='lat' dir='ltr'><strong>sibi,</strong></span> <span class='ocrx_word' id='word_1_232' title='bbox 841 3241 1007 3325; x_wconf 90' lang='lat' dir='ltr'><strong>quod</strong></span> <span class='ocrx_word' id='word_1_233' title='bbox 1062 3240 1235 3304; x_wconf 90' lang='lat' dir='ltr'><strong>istud</strong></span> <span class='ocrx_word' id='word_1_234' title='bbox 1291 3243 1430 3303; x_wconf 90' lang='lat' dir='ltr'><strong>erat</strong></span> <span class='ocrx_word' id='word_1_235' title='bbox 1486 3238 1563 3303; x_wconf 90' lang='lat' dir='ltr'><strong>de</strong></span> <span class='ocrx_word' id='word_1_236' title='bbox 1617 3238 1873 3322; x_wconf 89' lang='lat' dir='ltr'><strong>punctis</strong></span> <span class='ocrx_word' id='word_1_237' title='bbox 1922 3237 2199 3304; x_wconf 78' lang='lat' dir='ltr'><strong>Ordinis,</strong></span> <span class='ocrx_word' id='word_1_238' title='bbox 2291 3240 2705 3305; x_wconf 88' lang='lat' dir='ltr'><strong>Postmodum</strong></span> <span class='ocrx_word' id='word_1_239' title='bbox 2768 3240 2935 3304; x_wconf 90' lang='lat' dir='ltr'><strong>idem</strong></span> 
     </span>
     <span class='ocr_line' id='line_1_30' title="bbox 633 3335 2935 3422; baseline -0.001 -20"><span class='ocrx_word' id='word_1_240' title='bbox 633 3345 1001 3421; x_wconf 87' lang='lat' dir='ltr'><strong>praeceptor</strong></span> <span class='ocrx_word' id='word_1_241' title='bbox 1056 3335 1382 3421; x_wconf 85' lang='lat' dir='ltr'><strong>praecepit</strong></span> <span class='ocrx_word' id='word_1_242' title='bbox 1429 3337 1517 3411; x_wconf 91' lang='lat' dir='ltr'><strong>ei,</strong></span> <span class='ocrx_word' id='word_1_243' title='bbox 1580 3343 1654 3398; x_wconf 92' lang='lat' dir='ltr'><strong>ut</strong></span> <span class='ocrx_word' id='word_1_244' title='bbox 1709 3335 1900 3412; x_wconf 86' lang='lat' dir='ltr'><strong>dixit,</strong></span> <span class='ocrx_word' id='word_1_245' title='bbox 1961 3336 2130 3420; x_wconf 90' lang='lat' dir='ltr'><strong>quod</strong></span> <span class='ocrx_word' id='word_1_246' title='bbox 2177 3337 2528 3422; x_wconf 85' lang='lat' dir='ltr'><strong>abnegaret</strong></span> <span class='ocrx_word' id='word_1_247' title='bbox 2575 3337 2806 3415; x_wconf 87' lang='lat' dir='ltr'><strong>Deum,</strong></span> <span class='ocrx_word' id='word_1_248' title='bbox 2869 3343 2935 3400; x_wconf 85' lang='lat' dir='ltr'><strong>et</strong></span> 
     </span>
     <span class='ocr_line' id='line_1_31' title="bbox 630 3431 2933 3518; baseline -0.001 -20"><span class='ocrx_word' id='word_1_249' title='bbox 630 3456 775 3499; x_wconf 92' lang='lat' dir='ltr'><strong>cum</strong></span> <span class='ocrx_word' id='word_1_250' title='bbox 835 3435 970 3518; x_wconf 90' lang='lat' dir='ltr'><strong>ipse</strong></span> <span class='ocrx_word' id='word_1_251' title='bbox 1035 3435 1217 3497; x_wconf 83' lang='lat' dir='ltr'><strong>testis</strong></span> <span class='ocrx_word' id='word_1_252' title='bbox 1280 3431 1356 3495; x_wconf 92' lang='lat' dir='ltr'><strong>de</strong></span> <span class='ocrx_word' id='word_1_253' title='bbox 1420 3432 1540 3496; x_wconf 92' lang='lat' dir='ltr'><strong>hoc</strong></span> <span class='ocrx_word' id='word_1_254' title='bbox 1602 3432 1823 3496; x_wconf 88' lang='lat' dir='ltr'><strong>dolens</strong></span> <span class='ocrx_word' id='word_1_255' title='bbox 1886 3434 2069 3516; x_wconf 90' lang='lat' dir='ltr'><strong>quasi</strong></span> <span class='ocrx_word' id='word_1_256' title='bbox 2126 3434 2582 3510; x_wconf 81' lang='lat' dir='ltr'><strong>reluctaretur,</strong></span> <span class='ocrx_word' id='word_1_257' title='bbox 2652 3434 2815 3498; x_wconf 89' lang='lat' dir='ltr'><strong>dixit</strong></span> <span class='ocrx_word' id='word_1_258' title='bbox 2877 3434 2933 3497; x_wconf 93' lang='lat' dir='ltr'><strong>ei</strong></span> 
     </span>
     <span class='ocr_line' id='line_1_32' title="bbox 631 3526 2935 3614; baseline 0 -19"><span class='ocrx_word' id='word_1_259' title='bbox 631 3530 840 3595; x_wconf 90' lang='lat' dir='ltr'><strong>dictus</strong></span> <span class='ocrx_word' id='word_1_260' title='bbox 886 3539 1199 3613; x_wconf 85' lang='lat' dir='ltr'><strong>receptor:</strong></span> <span class='ocrx_word' id='word_1_261' title='bbox 1262 3526 1363 3592; x_wconf 88' lang='lat' dir='ltr'><strong>Ne</strong></span> <span class='ocrx_word' id='word_1_262' title='bbox 1408 3530 1667 3602; x_wconf 80' lang='lat' dir='ltr'><strong>timeaS,</strong></span> <span class='ocrx_word' id='word_1_263' title='bbox 1727 3534 1983 3611; x_wconf 89' lang='lat' dir='ltr'><strong>oportet</strong></span> <span class='ocrx_word' id='word_1_264' title='bbox 2037 3534 2101 3593; x_wconf 91' lang='lat' dir='ltr'><strong>te</strong></span> <span class='ocrx_word' id='word_1_265' title='bbox 2161 3530 2399 3612; x_wconf 86' lang='lat' dir='ltr'><strong>facere,</strong></span> <span class='ocrx_word' id='word_1_266' title='bbox 2456 3531 2610 3614; x_wconf 90' lang='lat' dir='ltr'><strong>quia</strong></span> <span class='ocrx_word' id='word_1_267' title='bbox 2661 3531 2782 3595; x_wconf 92' lang='lat' dir='ltr'><strong>hoc</strong></span> <span class='ocrx_word' id='word_1_268' title='bbox 2839 3536 2935 3595; x_wconf 87' lang='lat' dir='ltr'><strong>est</strong></span> 
     </span>
     <span class='ocr_line' id='line_1_33' title="bbox 629 3625 2936 3710; baseline 0 -19"><span class='ocrx_word' id='word_1_269' title='bbox 629 3632 1033 3710; x_wconf 90' lang='lat' dir='ltr'><strong>praeceptum</strong></span> <span class='ocrx_word' id='word_1_270' title='bbox 1064 3626 1323 3691; x_wconf 82' lang='lat' dir='ltr'><strong>ordinis,</strong></span> <span class='ocrx_word' id='word_1_271' title='bbox 1401 3625 1488 3689; x_wconf 89' lang='lat' dir='ltr'><strong>Et</strong></span> <span class='ocrx_word' id='word_1_272' title='bbox 1533 3630 1692 3690; x_wconf 86' lang='lat' dir='ltr'><strong>tunc</strong></span> <span class='ocrx_word' id='word_1_273' title='bbox 1740 3625 2089 3710; x_wconf 84' lang='lat' dir='ltr'><strong>abnegavit</strong></span> <span class='ocrx_word' id='word_1_274' title='bbox 2129 3648 2256 3703; x_wconf 86' lang='lat' dir='ltr'><strong>ore,</strong></span> <span class='ocrx_word' id='word_1_275' title='bbox 2304 3649 2438 3691; x_wconf 89' lang='lat' dir='ltr'><strong>non</strong></span> <span class='ocrx_word' id='word_1_276' title='bbox 2482 3631 2701 3691; x_wconf 89' lang='lat' dir='ltr'><strong>tamen</strong></span> <span class='ocrx_word' id='word_1_277' title='bbox 2749 3627 2936 3693; x_wconf 90' lang='lat' dir='ltr'><strong>corde</strong></span> 
     </span>
     <span class='ocr_line' id='line_1_34' title="bbox 631 3721 2934 3807; baseline 0 -21"><span class='ocrx_word' id='word_1_278' title='bbox 631 3728 706 3787; x_wconf 90' lang='lat' dir='ltr'><strong>ut</strong></span> <span class='ocrx_word' id='word_1_279' title='bbox 772 3723 953 3787; x_wconf 89' lang='lat' dir='ltr'><strong>dixit.</strong></span> <span class='ocrx_word' id='word_1_280' title='bbox 1060 3722 1301 3799; x_wconf 85' lang='lat' dir='ltr'><strong>Quibus</strong></span> <span class='ocrx_word' id='word_1_281' title='bbox 1367 3723 1639 3806; x_wconf 89' lang='lat' dir='ltr'><strong>peractis</strong></span> <span class='ocrx_word' id='word_1_282' title='bbox 1704 3721 1781 3785; x_wconf 89' lang='lat' dir='ltr'><strong>ad</strong></span> <span class='ocrx_word' id='word_1_283' title='bbox 1851 3731 2261 3805; x_wconf 88' lang='lat' dir='ltr'><strong>praeceptum</strong></span> <span class='ocrx_word' id='word_1_284' title='bbox 2328 3723 2525 3806; x_wconf 88' lang='lat' dir='ltr'><strong>ipsius</strong></span> <span class='ocrx_word' id='word_1_285' title='bbox 2591 3725 2934 3807; x_wconf 80' lang='lat' dir='ltr'><strong>receptoria</strong></span> 
     </span>
     <span class='ocr_line' id='line_1_35' title="bbox 634 3817 2935 3885; baseline 0 -1"><span class='ocrx_word' id='word_1_286' title='bbox 634 3819 759 3884; x_wconf 85' lang='lat' dir='ltr'><strong>fuit</strong></span> <span class='ocrx_word' id='word_1_287' title='bbox 805 3842 949 3883; x_wconf 92' lang='lat' dir='ltr'><strong>eum</strong></span> <span class='ocrx_word' id='word_1_288' title='bbox 1008 3820 1327 3884; x_wconf 89' lang='lat' dir='ltr'><strong>osculatus</strong></span> <span class='ocrx_word' id='word_1_289' title='bbox 1383 3819 1451 3882; x_wconf 89' lang='lat' dir='ltr'><strong>in</strong></span> <span class='ocrx_word' id='word_1_290' title='bbox 1508 3839 1698 3882; x_wconf 90' lang='lat' dir='ltr'><strong>carne</strong></span> <span class='ocrx_word' id='word_1_291' title='bbox 1762 3819 1935 3882; x_wconf 88' lang='lat' dir='ltr'><strong>nuda</strong></span> <span class='ocrx_word' id='word_1_292' title='bbox 1990 3817 2158 3882; x_wconf 92' lang='lat' dir='ltr'><strong>dorsi</strong></span> <span class='ocrx_word' id='word_1_293' title='bbox 2215 3820 2314 3883; x_wconf 90' lang='lat' dir='ltr'><strong>sui</strong></span> <span class='ocrx_word' id='word_1_294' title='bbox 2371 3821 2545 3884; x_wconf 88' lang='lat' dir='ltr'><strong>inter</strong></span> <span class='ocrx_word' id='word_1_295' title='bbox 2597 3842 2822 3885; x_wconf 88' lang='lat' dir='ltr'><strong>zonam</strong></span> <span class='ocrx_word' id='word_1_296' title='bbox 2869 3824 2935 3885; x_wconf 91' lang='lat' dir='ltr'><strong>et</strong></span> 
     </span>
     <span class='ocr_line' id='line_1_36' title="bbox 628 3913 2932 4001; baseline 0.001 -22"><span class='ocrx_word' id='word_1_297' title='bbox 628 3916 912 4001; x_wconf 85' lang='lat' dir='ltr'><strong>brogale.</strong></span> <span class='ocrx_word' id='word_1_298' title='bbox 1002 3915 1089 3979; x_wconf 89' lang='lat' dir='ltr'><strong>Et</strong></span> <span class='ocrx_word' id='word_1_299' title='bbox 1149 3914 1575 3999; x_wconf 87' lang='lat' dir='ltr'><strong>discooperuit</strong></span> <span class='ocrx_word' id='word_1_300' title='bbox 1633 3934 1702 3977; x_wconf 86' lang='lat' dir='ltr'><strong>se</strong></span> <span class='ocrx_word' id='word_1_301' title='bbox 1760 3913 1967 3978; x_wconf 88' lang='lat' dir='ltr'><strong>dictus</strong></span> <span class='ocrx_word' id='word_1_302' title='bbox 2026 3922 2314 3999; x_wconf 87' lang='lat' dir='ltr'><strong>receptor</strong></span> <span class='ocrx_word' id='word_1_303' title='bbox 2372 3917 2554 4000; x_wconf 89' lang='lat' dir='ltr'><strong>quasi</strong></span> <span class='ocrx_word' id='word_1_304' title='bbox 2610 3939 2688 3980; x_wconf 90' lang='lat' dir='ltr'><strong>ex</strong></span> <span class='ocrx_word' id='word_1_305' title='bbox 2750 3921 2932 4001; x_wconf 90' lang='lat' dir='ltr'><strong>parte</strong></span> 
     </span>
    </p>
   </div>
   <div class='ocr_carea' id='block_1_4' title="bbox 629 4082 1052 4090">
    <p class='ocr_par' dir='ltr' id='par_1_4' title="bbox 629 4082 1052 4090">
     <span class='ocr_line' id='line_1_37' title="bbox 629 4082 1052 4090; baseline 0 924"><span class='ocrx_word' id='word_1_306' title='bbox 629 4082 1052 4090; x_wconf 95' lang='lat' dir='ltr'><strong> </strong></span> 
     </span>
    </p>
   </div>
   <div class='ocr_carea' id='block_1_5' title="bbox 810 4165 1699 4232">
    <p class='ocr_par' dir='ltr' id='par_1_5' title="bbox 810 4165 1699 4232">
     <span class='ocr_line' id='line_1_38' title="bbox 810 4165 1699 4232; baseline -0.001 -15"><span class='ocrx_word' id='word_1_307' title='bbox 810 4165 852 4231; x_wconf 81' lang='lat'><strong>²)</strong></span> <span class='ocrx_word' id='word_1_308' title='bbox 889 4165 1086 4219; x_wconf 79' lang='lat' dir='ltr'><strong>Proces</strong></span> <span class='ocrx_word' id='word_1_309' title='bbox 1125 4171 1228 4219; x_wconf 91' lang='lat' dir='ltr'><strong>etc.</strong></span> <span class='ocrx_word' id='word_1_310' title='bbox 1267 4166 1310 4219; x_wconf 92' lang='lat' dir='ltr'><strong>I.</strong></span> <span class='ocrx_word' id='word_1_311' title='bbox 1354 4181 1406 4231; x_wconf 89' lang='lat' dir='ltr'><strong>p.</strong></span> <span class='ocrx_word' id='word_1_312' title='bbox 1443 4167 1546 4217; x_wconf 85' lang='lat'><strong>297</strong></span> <span class='ocrx_word' id='word_1_313' title='bbox 1585 4180 1699 4232; x_wconf 86' lang='lat' dir='ltr'><strong>sqq.</strong></span> 
     </span>
    </p>
   </div>
  </div>
 </body>
</html>
