3281 5014
1144 405 1225 460 Dc
1264 404 1628 461 exstinctione
1668 402 1994 458 schismatis.
2634 402 2739 456 295

428 548 623 614 navit.
713 547 1009 615 Sessione
1064 548 1398 613 undecima
1440 546 1728 612 Joannes
1783 545 2161 630 pontificatu
2208 544 2531 628 depositus
2590 543 2734 608 fuit.
2797 554 3027 628 Deposipfo

425 645 505 711 In
567 644 820 711 decreto
888 644 1301 730 depositionis
1362 641 1624 708 dicitur:
1696 640 2124 708 Sacrosancta
2179 643 2506 728 ‚qeneralis
2570 642 2734 725 Syn·
2811 618 2838 660 ³
2842 630 3008 662 ”””””””

427 739 586 807 oclus
650 738 1166 807 Constantiensis
1222 740 1296 806 in
1359 737 1619 824 Spiritu
1683 738 1927 805 Sancta
1989 739 2268 823 leqitime
2329 746 2734 826 conqreyata,

428 836 859 904 universalem
917 836 1273 903 Ecclesiam
1347 840 1876 921 repraesentans,
1947 837 2242 904 invocato
2309 836 2564 905 Christi
2622 861 2734 906 no-

426 933 617 1014 mine,
661 933 868 1000 solum
918 934 1133 1000 Deum
1169 953 1338 1018 prae
1382 932 1584 1000 oculis
1629 932 1889 1014 habens,
1943 933 2104 999 visis
2147 933 2452 1001 articulis
2496 935 2568 1002 in
2614 935 2735 1002 hac

425 1049 623 1097 causa
684 1035 910 1097 contra
969 1031 1130 1098 dom.
1192 1031 1515 1098 ‚Ioannem
1569 1029 1844 1096 XXIII.
1902 1030 2209 1112 formatis
2274 1036 2334 1097 et
2389 1032 2621 1099 oblatis
2675 1038 2736 1099 et

412 1126 917 1211 probationibus
962 1127 1327 1194 eorumdem
1366 1125 1579 1211 factis
1625 1131 1686 1192 et
1743 1128 2027 1211 ejusdem
2074 1127 2501 1195 submissione
2545 1151 2735 1213 spon-

425 1228 617 1290 tanea
664 1245 801 1291 una
850 1246 994 1290 cum
1044 1227 1172 1289 toto
1218 1244 1525 1307 processu
1579 1223 1780 1308 hujus
1833 1245 2098 1306 causae,
2149 1227 2571 1309 pronuntiat,
2629 1228 2730 1293 de·

423 1320 629 1387 cernit
683 1325 744 1386 et
797 1320 1084 1387 declarat
1146 1371 1158 1385 .
1207 1371 1220 1386 .
1268 1371 1280 1385 .
1342 1320 1563 1409 ipsum
1621 1321 2004 1408 (Joannem)
2047 1327 2321 1408 propter
2366 1325 2734 1408 praemissa

422 1423 482 1484 et
539 1417 677 1484 alia
735 1417 1014 1484 crimina
1065 1468 1077 1482 .
1127 1467 1140 1482 .
1188 1467 1201 1483 .
1263 1423 1577 1501 tanquam
1634 1417 1983 1501 indiqnum
2041 1424 2101 1486 et
2153 1420 2455 1487 inutilem
2508 1427 2569 1487 et
2619 1423 2731 1489 da·

421 1535 716 1581 mnosum
783 1535 824 1580 a
877 1518 1136 1598 papatu
1197 1517 1257 1579 et
1318 1513 1494 1580 omni
1559 1514 1701 1598 ejus
1757 1515 2328 1583 administratione
2391 1517 2735 1603 spirituali

422 1615 481 1677 et
526 1610 867 1695 temporali
911 1609 1367 1696 amovendum,
1421 1610 1829 1694 privandum
1885 1616 1946 1677 et
1994 1613 2436 1696 deponendum
2480 1616 2624 1697 fore
2669 1620 2729 1681 et

421 1729 563 1775 cum
621 1707 736 1775 hoc
783 1706 958 1774 dicta
1005 1706 1309 1791 Synodus
1352 1707 1610 1792 privat,
1672 1713 1921 1774 amovet
1975 1713 2036 1775 et
2089 1709 2365 1794 deponit.
2423 1750 2509 1758 —
2566 1713 2728 1779 Con-

418 1808 811 1873 stantienses
871 1807 939 1871 in
985 1827 1102 1872 suo
1156 1805 1387 1891 agendi
1435 1804 1620 1870 modo
1676 1805 1885 1891 quoad
1931 1806 2284 1892 Joannem‚
2347 1831 2542 1894 quum
2594 1811 2736 1896 ejus

422 1903 844 1971 Obedientiae
921 1902 1155 1968 addicti
1223 1902 1425 1986 ipsum
1510 1906 1583 1967 ut
1652 1924 1871 1968 verum
1947 1903 2262 1970 haberent
2330 1905 2729 1988 Pontificem,

421 2006 592 2067 certe
631 2002 783 2086 jura
828 2021 945 2065 sua
994 2004 1438 2076 excesserunt;
1498 2020 1618 2066 nec
1673 1999 1860 2065 aliter
1917 2001 2221 2086 ejusmodi
2270 2002 2614 2088 depositio,
2675 2006 2732 2070 si

417 2118 606 2163 verus
637 2097 868 2162 fuisset
910 2095 1104 2180 Papa,
1153 2096 1432 2161 valorem
1463 2095 1813 2176 habuisset,
1862 2098 1985 2163 nisi
2017 2119 2093 2163 ex
2141 2105 2500 2184 spontanea
2530 2100 2733 2167 Joan-

419 2193 519 2259 nis
574 2193 1016 2259 submissione.
1117 2191 1471 2258 Censemus
1528 2200 1778 2270 tamen,
1840 2193 2156 2260 Joannem
2209 2194 2450 2263 XXIII.
2507 2219 2732 2282 reapse

418 2312 544 2356 nou
593 2290 790 2355 fuisse
837 2311 1057 2355 verum
1088 2289 1486 2369 Pontificem,
1534 2287 1644 2353 sed
1694 2291 2109 2373 pontificatus
2138 2314 2372 2358 munus
2418 2298 2485 2359 et
2514 2302 2729 2360 aucto-

415 2387 673 2452 ritatem
723 2386 916 2452 fuisse
965 2386 1124 2470 apud
1172 2385 1552 2473 Gregorium
1599 2385 1750 2451 XII.

597 2537 697 2603 13.
757 2536 1058 2602 Sessione
1104 2535 1347 2601 decima
1393 2537 1588 2602 tertia
1644 2544 1868 2601 contra
1913 2535 2231 2603 Bohemos
2277 2538 2576 2605 Hussitas
2619 2542 2726 2606 de·

413 2638 655 2699 cretum
722 2637 847 2712 est,
915 2655 1157 2699 sacram
1223 2634 1734 2699 communionem
1801 2630 1920 2699 sub
1984 2656 2113 2715 uua
2175 2636 2382 2721 specie
2448 2660 2482 2702 a
2553 2639 2732 2705 laicis

414 2731 617 2815 iisque
678 2731 922 2815 jejunis
993 2752 1129 2795 esse
1195 2729 1602 2808 sumendam,
1683 2731 1974 2815 hancque
2053 2734 2582 2801 consuetudinem
2644 2736 2724 2802 ad

414 2826 697 2909 pericula
751 2835 816 2891 et
872 2827 1176 2892 scandala
1224 2827 1489 2892 vitanda
1547 2827 1743 2893 fuisse
1802 2828 2088 2913 legitime
2140 2829 2590 2899 introductam.
2637 2870 2722 2880 --

412 2922 623 2988 Sessio
684 2924 924 2989 decima
984 2928 1216 3009 quarta
1277 2924 1537 2988 maximi
1597 2924 1721 2990 fuit
1780 2927 2109 2991 momenti.
2213 2928 2290 2993 In
2355 2929 2571 2995 eadem
2633 2934 2720 2997 vi-

409 3018 670 3097 delicet,
737 3020 830 3084 ait
896 3020 957 3085 S.
1027 3019 1430 3097 Antoninus,
1508 3018 1894 3104 Greyorius,
1967 3021 2072 3087 vir
2134 3028 2429 3105 sanctus,
2505 3031 2729 3111 utpote

411 3113 524 3198 qui
568 3114 895 3182 Ecclesiae
938 3119 997 3181 et
1044 3115 1345 3182 unionem
1397 3119 1456 3181 et
1502 3116 2033 3200 reformationem
2080 3138 2327 3203 semper
2365 3125 2724 3205 optaverat,

407 3233 524 3296 per
583 3212 887 3279 Carolum
944 3212 1360 3279 Malatestam
1410 3216 1905 3296 procuratorem
1972 3214 2058 3278 ad
2115 3214 2231 3281 hoc
2290 3238 2481 3284 suum
2543 3220 2721 3286 omni

394 3308 548 3391 ,juri
608 3330 725 3374 suo
799 3310 967 3392 quod
1037 3308 1111 3375 in
1167 3313 1423 3392 papatu
1496 3308 1782 3388 haberet,
1855 3312 2263 3399 renuntiavit
2335 3314 2724 3400 solemniter,

407 3406 523 3473 hoc
582 3406 954 3487 petentibus
1020 3404 1425 3488 conyreyatis
1488 3405 1561 3471 in
1636 3404 1922 3473 Concilio
1991 3414 2051 3473 et
2118 3409 2418 3493 expedire
2486 3412 2721 3481 unioni

404 3508 742 3590 faciendae
782 3502 1317 3590 judicantibus.¹)
1409 3502 1527 3569 Sed
1590 3509 1890 3570 eventum
1948 3507 2140 3571 istum
2201 3510 2336 3591 jam
2383 3510 2724 3594 aliquanto-

407 3609 765 3672 aocuratius
825 3623 1212 3669 enarremus.
1304 3599 1591 3666 Advenit
1647 3601 1849 3686 igitur
1903 3603 2004 3669 die
2065 3601 2175 3669 15⁰
2219 3605 2401 3670 Junii
2450 3606 2720 3674 Carolus

406 3701 751 3769 Malatesta
832 3720 1069 3785 magna
1138 3719 1280 3762 cum
1358 3720 1589 3783 pompa
1658 3697 2107 3765 Constantiam
2180 3709 2245 3768 et
2314 3700 2726 3788 Sigismuudo·

406 3798 784 3884 Imperatori
844 3795 1225 3874 declaravit,
1301 3817 1369 3860 se
1437 3817 1474 3859 a
1535 3792 1842 3879 Gregorio
1904 3795 2054 3862 XII.
2117 3800 2378 3865 missum
2443 3823 2578 3866 esse
2640 3802 2718 3867 ad

405 3896 614 3980 ipsum
672 3897 1170 3981 Imperatorem,
1232 3891 1401 3956 haud
1459 3913 1609 3955 vero
1668 3890 1746 3956 ad
1805 3891 2189 3975 Concilium,
2251 3898 2419 3982 quod
2479 3896 2722 3984 Grego-

587 4147 622 4211 ι)
662 4147 804 4203 nist.
848 4165 898 4217 p.
940 4150 1041 4204 111.
1080 4149 1168 4204 tit.
1208 4149 1383 4205 xxn.
1424 4167 1468 4204 ο.
1504 4153 1555 4204 4.
1594 4151 1643 4219 ,s
1684 4152 1732 4204 2.
