3281 5014
952 476 1251 532 Processus
1289 482 1477 531 contra
1514 473 1890 541 Templa-ios*
2488 473 2587 525 101

275 617 439 683 libet
486 624 566 683 et'
598 624 846 683 terrore
877 617 1317 702 deposuerunt
1356 620 1422 683 et
1463 616 1740 681 confessi
1788 613 2052 679 fuerunt
2091 614 2266 679 inter
2314 618 2588 691 caetera,
2610 608 2924 714 gfflffi

278 713 518 780 Christi
574 715 1072 797 abnegationem
1136 719 1202 779 et
1256 714 1644 798 spuitionem
1705 732 1897 795 super
1941 732 2219 790 crucem,
2275 731 2474 794 quum
2519 709 2588 774 in
2647 736 2885 775 amatam.

278 810 587 877 Ordinem
634 809 888 895 Templi
946 812 1187 895 recepti
1220 812 1544 889 fuerunt,
1607 813 1674 875 et
1724 808 1982 891 quidam
2037 828 2117 871 ex
2169 807 2295 883 eis,
2349 828 2417 870 se
2472 805 2591 870 sub

278 907 499 972 eadem
561 909 766 974 forma
830 908 1074 973 scilicet
1134 929 1277 973 cum
1341 906 1777 991 abnegatione
1840 904 2079 970 Christi
2143 908 2210 970 et
2272 903 2591 988 spuitione

272 1012 466 1088 super
514 1026 763 1070 crucem
812 1004 1071 1070 Fratres
1130 1005 1370 1069 multos
1426 1002 1757 1086 recepisse.
1860 999 2032 1066 Sunt
2085 1001 2280 1066 etiam
2331 1000 2590 1084 quidam

277 1114 376 1164 ex‘
421 1101 513 1166 eis
573 1094 883 1186 quaedam
948 1102 1075 1166 alia
1138 1100 1470 1166 horribilia
1534 1105 1601 1163 et
1652 1098 2000 1164 inhonesta
2055 1097 2357 1174 confessi,
2429 1118 2591 1181 quae

275 1199 351 1261 ut
429 1219 645 1262 eorum
725 1201 803 1264 ad
848 1207 1184 1282 ‘praesens
1247 1217 1579 1282 parcamus
1656 1194 2109 1276 verecundiae,
2181 1194 2588 1259 subticemus.

273 1290 602 1359 Dixerunt
661 1300 995 1379 praeterea
1058 1302 1125 1359 et
1178 1293 1453 1358 confessi
1507 1292 1802 1368 fuerunt,
1862 1312 1996 1355 esse
2054 1312 2235 1367 vera,
2293 1311 2458 1374 quae
2519 1291 2591 1353 in

276 1409 497 1454 eorum
545 1391 1056 1456 confessionibus
1104 1397 1171 1456 et
1214 1389 1722 1473 depositionibus
1768 1389 2218 1464 continentur,
2274 1408 2434 1471 quas
2480 1388 2591 1452 du-

275 1484 426 1550 du'm
481 1487 771 1552 fecerant
829 1509 1041 1553 coram
1100 1487 1491 1571 Inquisitore
1548 1484 1909 1549 haereticae
1961 1484 2318 1567 pravitatis.
2416 1484 2592 1561 Quae

274 1583 709 1648 confessiones
764 1590 830 1649 et
883 1579 1323 1667 depositiones
1368 1583 1683 1647 dictorum
1742 1581 2037 1665 Magistri
2094 1587 2161 1645 et
2211 1581 2590 1663 Praecepto-

274 1703 419 1745 rum
476 1674 545 1744 in
605 1681 989 1764 scripturam
1052 1679 1369 1763 publicam
1433 1700 1547 1762 per
1605 1681 1887 1761 quatuor
1949 1677 2331 1741 tabelliones
2389 1676 2594 1759 publi·

273 1798 381 1843 eos
441 1776 734 1841 redactae
791 1777 858 1841 in
924 1777 1207 1861 ipsorum
1272 1774 1576 1858 Magistri
1640 1779 1706 1838 et
1767 1774 2257 1856 Praeceptorum
2314 1776 2381 1837 et
2440 1794 2592 1856 quo-

275 1872 565 1938 rumdam
623 1873 897 1938 aliorum
953 1873 1268 1937 bonorum
1320 1872 1602 1936 virorum
1651 1870 2041 1955 praesentia,
2097 1876 2164 1935 et
2216 1869 2445 1934 deinde
2479 1860 2592 1932 'in-

272 1970 585 2053 terposito
632 1970 993 2053 aliquorum
1041 1970 1287 2033 dierum
1334 1968 1576 2052 spatio,
1637 1989 1849 2033 coram
1894 1967 2051 2051 ipsis
2109 1965 2343 2031 eisdem
2389 1966 2594 2056 lectae

275 2065 545 2132 fuerunt
607 2066 685 2130 de
731 2068 1039 2132 mandato
1095 2072 1163 2132 et
1218 2066 1286 2129 in
1346 2065 1711 2150 praesentia
1756 2062 2190 2128 Cardinalium
2227 2062 2594 2147 ‘praedicto-⁵

275 2184 421 2226 rum
488 2166 552 2227 et
622 2163 692 2226 in
757 2181 873 2228 suo
938 2163 1189 2248 vulgari
1261 2162 1588 2245 expositae
1660 2160 1920 2225 cuilibet
1975 2160 2360 2225 eorumdem.
2470 2159 2592 2236 Qui

274 2262 763 2343 perseverantes
808 2259 877 2324 in
924 2259 1081 2336 illis,
1131 2282 1235 2325 eas
1283 2280 1576 2341 expresse
1623 2262 1692 2322 et
1734 2263 1996 2342 sponte,
2046 2262 2239 2341 prout
2283 2258 2593 2322 recitatae

271 2356 564 2433 fuerant,
627 2356 1087 2439 approbarunt.
1190 2354 1278 2419 Et
1340 2361 1483 2437 post
1545 2354 1980 2419 confessiones
2040 2360 2105 2419 et
2161 2353 2592 2437 depositiones

273 2451 633 2536 hujusmodi
680 2451 762 2517 ab
807 2452 962 2536 ipsis
1009 2450 1459 2518 Cardinalibus
1520 2451 1602 2516 ab
1651 2451 2339 2529 excommunicatione,
2396 2472 2591 2536 quam

273 2571 389 2633 pro
433 2549 794 2633 praemissis
835 2549 1274 2627 incurrerant,
1323 2548 1797 2613 absolutionem
1840 2547 2023 2612 flexis
2070 2547 2352 2634 genibus
2383 2549 2589 2613 mani-

272 2646 520 2730 busque
589 2646 931 2730 complosis
1004 2645 1337 2710 humiliter
1405 2650 1471 2710 et
1537 2645 1765 2710 devote
1833 2649 1901 2711 et
1967 2666 2112 2709 cum
2184 2645 2591 2709 lacrimarum

272 2742 585 2807 effusione
624 2765 775 2807 *non
828 2743 1074 2807 modica
1126 2742 1478 2826 petierunt.
1581 2741 1721 2824 Ipsi
1777 2763 1927 2806 vero
1976 2740 2375 2819 Cardinales,
2438 2742 2593 2826 quia

273 2838 582 2904 Ecclesia·
617 2861 750 2903 non
811 2837 1054 2903 claudit
1107 2839 1421 2923 gremium
1480 2837 1807 2916 redeunti,
1869 2839 1952 2902 ab
1996 2839 2229 2903 eisdem
2279 2837 2591 2924 Magistro

273 2945 340 3001 et
382 2934 920 3019 Praeceptoribus
981 2936 1230 3001 haeresi
1293 2956 1589 3018 expresse
1645 2935 1972 3019 abjurata,
2033 2935 2188 3019 ipsis
2241 2935 2592 3000 secundum

272 3033 542 3097 formam
572 3041 577 3048 '
607 3031 929 3098 Ecclesiae
962 3032 1372 3097 auctoritate
1434 3038 1663 3096 nostra
1718 3030 2148 3096 'absolutionis
2211 3031 2590 3097 beneficium

270 3129 748 3213 impenderunt.
869 3129 967 3193 Ac
1012 3127 1262 3194 deinde
1330 3127 1410 3191 ad
1475 3133 1762 3192 nostram
1830 3126 2257 3211 praesentiam
2323 3126 2591 3192 redeun-

268 3232 367 3290 tes
435 3225 869 3291 confessiones
940 3228 1006 3289 et
1073 3223 1511 3307 depositiones
1580 3223 2080 3307 praelibatorum
2154 3223 2450 3307 Magistri
2522 3229 2591 3289 et

272 3321 775 3406 Praeceptorum
841 3321 911 3385 in
977 3322 1364 3404 scripturam
1432 3320 1763 3404 publicam·
1816 3341 1932 3403 per
1988 3342 2249 3384 manus‘
2283 3319 2586 3403 publicas,

270 3424 346 3484 ut
393 3424 494 3483 est
539 3418 802 3495 dictum,
847 3416 1170 3497 redactas,
1217 3415 1421 3481 Nobis
1468 3419 2073 3500 praesentaverunt,
2123 3422 2190 3481 et
2235 3437 2399 3500 quae
2444 3438 2587 3482 cum

270 3515 460 3580 dietis
527 3514 839 3599 Magistro
900 3518 964 3578 et
1020 3512 1556 3595 Praeceptoribus
1619 3515 1944 3590 fecerunt,
2004 3514 2391 3579 retulerunt.
2489 3513 2588 3580 Ex

271 3612 507 3696 quibus
568 3610 1076 3676 confessionibus
1137 3614 1204 3674 et
1265 3606 1774 3693 depositionibus
1837 3614 1901 3673 et
1960 3610 2277 3675 relatione
2334 3612 2584 3676 inveni·

269 3730 434 3789 mus,
480 3728 671 3790 saepe
717 3708 887 3772 fatos
935 3705 1320 3792 Magistrum
1367 3710 1435 3770 et
1481 3703 1742 3770 Fratres
1786 3706 1857 3770 in
1902 3708 2265 3790 praemissis
2310 3713 2377 3773 et
2421 3708 2589 3774 circa

271 3804 649 3887 praemissa,
700 3803 851 3868 lieet
899 3796 1204 3887 quosdam
1251 3823 1329 3866 ex
1377 3801 1453 3866 iis
1501 3801 1570 3866 in
1618 3802 1938 3885 pluribus,
1990 3810 2057 3868 et
2109 3803 2268 3869 alios
2315 3805 2384 3889 in
2431 3827 2586 3888 pau-

269 3900 569 3976 cioribus,
614 3900 900 3983 graviter
945 3899 1347 3983 deliquisse.“
1368 3895 1418 3981 ²)

455 4195 494 4261 ¹)
531 4194 598 4249 V.
636 4194 874 4261 Wilcke‚
911 4196 948 4249 1.
987 4212 1032 4249 c.
1075 4195 1136 4248 Τ.
1173 4195 1248 4249 Π.
1287 4195 1427 4251 Beil.
1466 4199 1514 4249 9.
1552 4212 1602 4264 p.
1639 4199 1761 4251 439.
