3281 5014
1150 425 1232 478 De
1272 424 1515 478 Concilio
1553 425 1879 481 Basileensi.
2563 429 2666 481 345

356 588 480 629 nus
523 563 604 628 V.
673 565 971 631 videlicet
1033 566 1424 649 Capranicae
1487 567 1873 652 dignitatem
1943 568 2407 635 cardinalitiam
2479 571 2668 636 desti·

360 666 549 726 uarat
608 662 708 724 vel
767 669 1200 748 concesserat3
1264 663 1549 728 nondum
1611 669 1831 727 tamen
1887 686 2031 728 eum
2090 664 2494 732 cardinalem
2557 692 2670 752 pu-

358 758 522 823 blice
585 759 1140 839 pronuntiaverat.
1243 758 1417 823 Hinc
1479 783 1517 823 a
1572 760 1800 843 majori
1865 766 2047 843 parte
2095 761 2532 828 cardinalium
2592 765 2671 828 ad

358 855 659 919 conclave
721 876 838 938 pro
894 855 1189 940 eligendo
1244 856 1556 921 Pontifice
1613 878 1747 921 non
1801 856 2111 922 admissus
2157 860 2394 935 fueram
2465 861 2668 946 Euge-

358 952 505 1015 nius
551 950 663 1014 IV.
710 973 859 1015 vero
906 952 1175 1017 aliorum
1231 954 1519 1018 consiliis
1573 957 1788 1017 motus
1846 954 2054 1036 ipsum
2100 955 2505 1022 Cardinalem
2559 980 2671 1040 pu-

359 1047 596 1111 blicare
659 1049 893 1112 renuit.
997 1048 1179 1113 Tunc
1232 1049 1584 1132 Capranica
1645 1048 1952 1134 injuriam
2009 1052 2129 1116 sibi
2191 1053 2424 1117 factam
2480 1053 2670 1117 vehe-

358 1154 614 1208 menter
659 1150 1068 1228 conquestus,
1119 1138 1311 1210 etiam
1359 1146 1437 1210 de
1485 1146 1773 1230 legitima
1809 1145 2088 1230 Eugenii
2135 1149 2440 1214 electione
2480 1151 2671 1215 dubia

359 1238 640 1322 movit.¹)
703 1277 791 1286 ——
851 1241 1008 1306 Post
1055 1248 1382 1326 acceptum
1436 1243 1877 1307 dissolutionis
1937 1245 2269 1326 nuntium,
2327 1246 2484 1310 duos
2534 1269 2671 1311 ora-

355 1343 531 1402 tores
579 1338 897 1402 miserunt
942 1337 1348 1404 Basileenses
1396 1340 1474 1403 ad
1520 1340 1891 1422 Eugenium
1941 1334 2121 1405 adei
2170 1342 2670 1425 supplicandum,

358 1438 433 1498 ut
506 1435 992 1500 dissolutionem
1059 1441 1406 1500 revocaret.
1515 1435 1642 1500 Sed
1712 1458 1844 1500 non
1908 1441 2278 1520 exspectato
2347 1462 2670 1523 respon80‚

359 1532 610 1595 litteras
672 1530 987 1596 dederunt
1043 1533 1397 1615 encyclicas
1456 1533 1556 1596 die
1618 1529 1734 1595 21ο
1777 1533 2070 1597 Januarii
2128 1557 2301 1599 anno
2366 1537 2531 1599 1432
2588 1537 2670 1600 ad

360 1649 580 1692 omnes
612 1627 853 1693 Christi
899 1629 1136 1705 fideleS,
1184 1629 1413 1713 quibus
1462 1650 1569 1692 eos
1614 1628 1892 1693 reddunt
1922 1631 2244 1708 certiores,
2291 1654 2359 1696 se
2404 1634 2669 1697 omnino

356 1724 735 1804 decrevisse,
787 1725 1163 1790 inchoatum
1206 1727 1404 1791 semel
1449 1725 1812 1790 Concilium
1857 1726 2254 1792 continuare.
2344 1729 2669 1794 Insistunt

357 1823 428 1886 in
484 1843 589 1899 e0‚
649 1824 818 1906 quod
875 1824 1261 1889 auctoritate
1319 1822 1587 1887 Martini
1619 1822 1697 1887 V.
1757 1826 1824 1886 et
1884 1820 2160 1907 Eugenii
2209 1822 2320 1889 IV.
2371 1823 2667 1909 Synodus

358 1923 710 1982 convocata
761 1919 878 1993 sit,
934 1919 1103 2002 quod
1158 1920 1523 2003 praesideat
1579 1914 1832 2004 legatus
1882 1917 2220 1985 Pontificis
2273 1926 2340 1986 et
2394 1924 2666 2007 supponi

361 2019 668 2098 nequeat,
716 2015 1107 2100 Eugenium,
1161 2018 1536 2100 praesertim
1586 2017 1821 2082 auditis
1868 2038 2087 2080 eorum
2132 2019 2522 2095 oratoribus,
2572 2024 2669 2085 tot

360 2113 673 2196 majorum
732 2120 798 2176 et
852 2113 984 2177 suis
1042 2114 1315 2177 decretis
1373 2106 1630 2178 obviare
1688 2114 1868 2178 velle.
1963 2110 2099 2178 Has
2147 2119 2365 2193 tamen
2417 2117 2668 2183 litteras

360 2208 718 2272 Cardinalis
779 2209 1109 2286 Julianus,
1177 2211 1290 2294 qui
1354 2210 1434 2273 ad
1497 2204 1877 2275 mandatum
1939 2208 2271 2276 Pontificis
2334 2213 2533 2295 legati
2568 2210 2569 2215 ’
2600 2218 2669 2277 et

357 2305 659 2388 praesidis
698 2306 955 2389 juribus
1000 2307 1519 2383 renuntiaverat,
1566 2329 1683 2371 suo
1720 2308 1932 2390 sigillo
1978 2330 2113 2372 non
2155 2309 2460 2384 munivit3
2513 2309 2670 2374 fecit

357 2402 515 2465 illud
576 2400 971 2467 Philibertus
1041 2405 1369 2486 episcopus
1431 2402 1849 2468 Constantiae
1917 2406 1985 2468 in
2054 2402 2488 2485 Normannia,
2557 2406 2669 2490 qui

360 2498 590 2563 exinde
638 2497 906 2564 Concilii
949 2494 1148 2583 ¹caput
1195 2501 1336 2565 fuit.
2586 2498 2587 2501 '

542 2652 639 2715 10.
717 2650 838 2715 Die
915 2648 1025 2713 15⁰
1091 2649 1423 2715 Februarii
1494 2651 1717 2715 habita
1783 2655 1882 2716 est
1949 2650 2241 2715 Basileae
2314 2653 2506 2716 sessio
2573 2674 2668 2716 se·

359 2747 597 2822 cunda;
661 2752 731 2810 at
790 2748 1147 2829 praesidere
1209 2748 1423 2813 noluit
1476 2748 1778 2813 Julianus
1837 2747 2212 2815 cardinalis,
2318 2748 2391 2812 In
2450 2749 2668 2813 eadem

359 2846 647 2907 sessione
696 2841 991 2926 Synodus
1037 2844 1416 2927 declaravit,
1472 2844 1644 2926 quod
1686 2842 1760 2908 in
1805 2842 2069 2925 Spiritu
2124 2848 2345 2909 sancto
2390 2844 2669 2927 leqitime

360 2943 777 3021 conqreqata,
838 2939 1140 3023 generale
1191 2937 1551 3006 Concilium
1603 2939 1858 3021 faciens
1912 2944 1974 3004 et
2030 2940 2406 3006 universam
2452 2941 2667 3007 Eccle-

358 3034 526 3099 siam
571 3040 1069 3117 ‘repraesentans
1114 3034 1330 3121 (erant
1374 3045 1619 3121 septem
1670 3036 1975 3121 episcopi)
2031 3041 2406 3119 potestatem
2449 3038 2668 3102 imme-

319 3131 534 3196 <dicate
600 3153 642 3197 a
712 3130 976 3198 Christo
1035 3132 1312 3198 haberet.
1419 3135 1667 3199 Deinde
1741 3144 2136 3200 renovarunt
2204 3146 2269 3200 et
2330 3138 2667 3200 confirma-

359 3237 515 3293 runt
562 3231 817 3295 decreta
848 3232 1093 3295 famosa
1125 3230 1737 3311 Constantiensium,
1787 3255 1863 3296 ea
1895 3232 2235 3297 manifeste
2279 3234 2668 3312 intentione,

363 3335 436 3389 ut
505 3349 619 3409 pro
687 3328 956 3392 decretis
1023 3330 1218 3411 plane
1286 3328 1695 3412 generalibus
1765 3328 1982 3393 eadem
2043 3328 2385 3408 haberent,
2459 3333 2522 3395 et
2590 3330 2670 3393 ad

357 3422 603 3505 Papam
661 3446 916 3508 quoque
972 3424 1309 3489 indubium
1371 3430 1437 3489 et
1492 3426 1665 3490 omni
1723 3446 1799 3488 ex
1861 3429 2044 3509 parte
2103 3426 2667 3491 commendabilem

2700 1818 2990 1862 Continuatur

2734 1881 2947 1934 synodus.

2713 2895 2788 2977 >⁴

360 3519 805 3584 extenderent.
865 3556 953 3565 —
1013 3519 1281 3585 Interim
1340 3543 1487 3585 vero
1546 3520 1878 3605 Eugenius
1930 3519 2072 3598 IV.,
2127 3523 2260 3605 jam
2325 3527 2478 3586 ante
2539 3544 2667 3587 ses·
2730 3593 2733 3594 ⁷

357 3617 605 3681 sionem
651 3617 1023 3693 secundam,
1080 3640 1195 3700 per
1246 3618 1570 3701 delegatos
1616 3617 1880 3700 Imperii
1926 3618 2002 3680 ad
2051 3640 2118 3681 se
2165 3617 2502 3701 deputatos
2550 3620 2666 3682 mi—

356 3712 446 3776 sit
496 3712 576 3776 ad
625 3712 975 3798 Concilium
1036 3714 1316 3790 litteras,
1376 3715 1644 3796 quibus,
1702 3736 1833 3778 non
1894 3714 2194 3778 obstante
2249 3715 2667 3780 dissolutione

359 3808 629 3874 Concilii
688 3811 767 3875 ab
814 3811 950 3893 ipso
1008 3811 1289 3887 decreta,
1352 3811 1432 3874 ob
1490 3812 1774 3875 rationes
1824 3833 1984 3894 quas
2029 3812 2266 3875 iterum
2315 3819 2666 3886 enumerat,

357 3906 437 3970 de
511 3928 832 3971 consensu
903 3907 1337 3971 Cardinalium
1414 3908 1647 3971 statuit
1724 3929 1796 3971 ac
1864 3909 2158 3988 mandat,
2238 3914 2310 3971 ut
2378 3908 2668 3973 Basileae

542 4159 585 4225 1)
626 4160 731 4214 Cfr.
772 4159 1039 4227 Raynald.
1080 4176 1126 4213 a.
1170 4161 1322 4212 1431.
1359 4177 1410 4213 n.
1450 4162 1533 4214 34.
