3281 5014
476 1674 1189 1796 Dissertatio
1283 1675 1934 1822 trigesima
2024 1654 2480 1823 quinta.

545 1889 671 1968 De
728 1885 1131 1969 Concilio
1188 1885 1695 1967 Basileensi
1751 1906 1853 1968 ac
1907 1886 2015 1967 de
2071 1885 2423 1987 synodo

1196 1999 1755 2081 Florentina.

506 2298 560 2360 1.
608 2280 802 2366 Brevi
850 2304 1136 2381 tempore
1194 2302 1337 2381 post
1384 2295 1736 2360 Concilium
1785 2295 2286 2360 Constantiense
2331 2297 2464 2361 'duo
2508 2300 2634 2364 alia

319 2399 544 2457 secuta
590 2400 741 2458 sunt
774 2393 1077 2468 Concilia,
1123 2393 1494 2458 Basileense
1536 2396 1601 2456 et
1636 2391 2103 2457 Florentinum.
2179 2391 2371 2456 Haud
2420 2395 2632 2480 exigui

324 2491 630 2554 momenti
680 2490 866 2555 ambo
909 2490 1063 2557 haec
1109 2490 1395 2555 Concilia
1441 2490 1709 2555 fuerunt
1755 2510 1870 2572 pro
1917 2486 2238 2554 Ecclesiae
2283 2490 2466 2569 fatis,
2525 2492 2633 2556 sed

323 2586 505 2650 valde
550 2587 828 2669 disparia
881 2593 1020 2651 tum
1076 2586 1291 2652 indole
1343 2593 1485 2651 tum
1532 2588 1733 2651 exitu.
1824 2584 1900 2648 Iu
1948 2586 2232 2651 Concilio
2281 2586 2633 2654 Basileensi

319 2683 588 2746 audaces
634 2684 783 2747 illae
840 2683 1171 2748 doctrinae
1230 2707 1304 2749 ac
1350 2683 1763 2759 tendentiae,
1823 2704 1990 2766 quae
2038 2684 2176 2766 jam
2221 2684 2289 2747 in
2336 2684 2635 2750 Conciliis

322 2778 514 2842 Pisae
571 2783 634 2843 et
682 2778 1102 2845 Constantiae
1156 2781 1397 2846 habitis
1451 2780 1718 2843 nimium
1775 2800 1841 2843 se
1890 2781 2421 2854 manifestarunt,
2485 2783 2637 2846 ulti·

324 2896 462 2938 mos
508 2877 708 2939 veluti
767 2876 1006 2941 limites
1063 2881 1504 2952 excesserunt,
1564 2878 1657 2939 ita
1709 2879 1783 2939 ut
1829 2875 2112 2960 dignitas
2170 2885 2233 2940 et
2287 2879 2637 2942 auctoritas

320 2970 504 3035 Sedis
554 2972 959 3054 Apostolicae
1014 2975 1082 3036 in
1140 2974 1491 3037 maximum
1545 2972 1883 3036 discrimen
1931 2977 2297 3049 vocaretur,
2356 2979 2420 3037 et
2467 2973 2639 3059 Syn-

2670 2297 2947 2338 Dissertatio·

2670 2358 2738 2398 nis
2767 2356 2949 2399 indoles.

320 3066 479 3131 odus
547 3072 869 3151 postremo
940 3073 1299 3133 verteretur
1366 3070 1433 3133 in
1504 3068 2050 3133 schismaticorum
2120 3070 2673 3136 conciliabulum.-

320 3162 402 3227 In
450 3162 735 3228 Concilio
782 3186 931 3229 vero
981 3164 1359 3230 Florentino
1414 3169 1676 3230 sanctae
1723 3163 1903 3229 Sedis
1950 3166 2262 3249 primatus
2310 3171 2374 3230 et
2419 3173 2637 3233 aucto-

320 3261 479 3325 ritas
536 3262 813 3325 maxime
870 3262 1436 3346 resplenduerunt,
1507 3267 1573 3325 et
1627 3262 1894 3326 obtenta
1955 3262 2194 3326 unione
2251 3262 2634 3329 Graecorum

322 3357 753 3422 faustissimus
816 3358 943 3423 fuit
1007 3358 1197 3443 hujus
1260 3357 1504 3442 Synodi
1570 3359 1794 3423 exitus,
1899 3356 2173 3422 Divinae
2234 3365 2443 3424 autem
2501 3384 2637 3444 pro·

320 3452 645 3517 videntiae
701 3458 799 3518 est
856 3455 1304 3530 tribuendum,
1363 3458 1428 3518 et
1483 3454 1925 3519 admirandum
1975 3454 2142 3537 apud
2188 3462 2476 3521 sensatos
2522 3457 2635 3522 ho-

321 3549 556 3627 mineS,
618 3551 791 3634 quod
846 3551 1236 3615 schismatici
1295 3549 1551 3628 Graeci,
1612 3555 1689 3615 ut
1745 3550 2065 3616 Ecclesiae
2123 3552 2635 3630 restituerentur,

319 3646 780 3729 amplissimam
838 3648 1300 3731 professionem
1348 3647 1685 3712 ediderunt
1738 3648 2305 3732 definitionemque
2352 3671 2636 3734 compro·

319 3741 566 3806 barunt
623 3741 700 3805 de
758 3744 1038 3826 primatu
1085 3744 1329 3827 Papae,
1388 3765 1579 3827 quem
1634 3742 2066 3822 BasileenseS,
2127 3766 2326 3829 quum
2375 3747 2634 3811 univer·

318 3859 457 3901 sam
506 3837 855 3902 Ecclesiam
900 3841 970 3903 in
1017 3861 1084 3904 se
1129 3840 1281 3923 ipsis
1328 3845 1875 3924 repraesentatam
1925 3841 2422 3918 contenderent,
2479 3844 2636 3907 adeo

320 3934 752 4000 inverecunde
819 3936 1283 4019 depresserant.
1409 3937 1512 4001 Sic
1582 3959 1657 4001 eo
1734 3943 2055 4021 tempore,
2127 3961 2254 4024 quo
2326 3940 2635 4023 primatus

320 4031 579 4094 incaute
645 4037 708 4095 et
770 4034 1109 4097 temerarie
1177 4055 1214 4096 a
1278 4033 1498 4098 multis
1564 4032 1884 4098 Ecclesiae
1953 4035 2100 4100 filiis
2177 4037 2638 4101 obscurabatur

321 4131 388 4189 et
453 4128 980 4211 impugnabatur,
1045 4131 1183 4213 ejus
1245 4134 1480 4193 natura
1540 4135 1604 4194 et
1672 4153 1920 4194 summa
1977 4132 2322 4197 auctoritas
2380 4155 2418 4196 a
2473 4132 2635 4196 Con-
