3281 5014
707 489 811 542 406
1093 489 1346 543 XXXVI.
1381 489 1464 543 De
1503 496 1655 543 statu
1693 488 1976 544 Ecclesiae
2013 495 2285 557 vergente
2323 504 2462 543 saec.
2500 489 2621 543 XV.

708 630 1101 713 comprobari
1156 631 1315 694 satis
1369 630 1616 713 prodat.
1708 629 1912 695 Plane
1968 631 2200 695 falsum
2262 653 2450 715 porro
2495 638 2593 695 est
2640 630 2813 715 quod
2858 629 3019 695 Pot-

707 732 887 791 terus
934 731 1000 790 et
1048 725 1368 791 Sismondi
1415 727 1751 802 effutiunt,
1810 734 2028 811 captos
2082 728 2338 801 statim,
2397 727 2615 792 eodem
2660 727 2764 791 die
2810 748 3024 811 poena

708 825 1050 888 mulctatos
1118 824 1344 908 fuisse3
1418 825 1656 889 etenim
1720 827 1918 909 juxta
1979 831 2272 889 auctores
2333 825 2563 888 citatos
2625 825 2798 908 capti
2860 828 3026 888 sunt

707 921 1028 1005 conjurati
1082 920 1183 984 die
1235 921 1466 1004 quinta
1522 920 1851 998 Januarii,
1913 920 2317 1005 Epiphaniae
2374 921 2745 1004 pervigiliae
2802 924 3024 1000 nocte;

707 1017 1016 1100 supplicio
1085 1039 1236 1081 vero
1303 1016 1516 1080 affecti
1583 1017 1686 1081 die
1753 1014 1826 1081 9⁰
1888 1015 2215 1094 Januarii,
2290 1019 2385 1081 ita
2454 1022 2527 1081 ut
2592 1021 2847 1100 tempus
2916 1017 3023 1080 in-

707 1114 1081 1178 structionis
1152 1113 1483 1178 faciendae
1547 1115 1617 1178 in
1682 1136 1751 1178 re
1813 1119 2036 1197 aperta
2096 1114 2422 1178 sufficiens
2486 1113 2700 1179 fuerit.
2812 1113 3019 1178 Nemo

709 1214 926 1275 autem
995 1210 1233 1274 nimiae
1299 1211 1662 1274 severitatis
1730 1214 1992 1294 propter
2052 1210 2430 1294 supplicium
2495 1211 2852 1294 conjuratis
2918 1209 3024 1272 in-

647 1349 669 1366 .
707 1307 947 1371 flictum
1018 1303 1356 1371 Nicolaum
1423 1307 1781 1383 accusabit,
1861 1308 1973 1391 qui
2043 1307 2489 1391 perpenderit,
2565 1308 2845 1372 maxima
2914 1328 3021 1390 pe-

706 1403 909 1468 ricula
969 1401 1387 1467 Pontificibus
1450 1426 1528 1467 ex
1592 1404 1747 1468 viris
1806 1405 2114 1488 ejusmodi
2178 1404 2496 1468 seditiosis
2558 1412 2625 1468 et
2683 1403 3022 1468 turbulen-

708 1501 796 1565 tis
854 1501 966 1563 illa
1026 1507 1239 1564 aetate
1300 1500 1719 1565 imminuisse.
1825 1499 2158 1585 Eugenius
2218 1499 2333 1565 IV.
2393 1500 2655 1565 nonnisi
2714 1501 2870 1584 fuga
2918 1523 3023 1564 ar·

709 1601 895 1680 repta
959 1596 1081 1660 sibi
1145 1597 1474 1680 providere
1535 1597 1776 1680 potuit,
1846 1620 1919 1663 ac
1980 1599 2129 1662 dein
2192 1597 2452 1662 nonnisi
2518 1597 2772 1679 magnis
2802 1657 2815 1666 ,
2839 1597 3025 1662 adhi-

711 1694 861 1758 bitis
921 1694 1259 1758 conatibus
1317 1700 1383 1758 et
1443 1695 1739 1776 expensis
1802 1716 1918 1777 pro
1979 1694 2386 1777 expeditione
2441 1698 2689 1758 armata
2743 1693 3026 1758 auctori-

712 1797 814 1856 tas
874 1790 1206 1874 pontificia
1264 1791 1565 1854 restituta
1626 1795 1743 1854 est.
1839 1791 1999 1856 Erat
2054 1790 2257 1874 igitur
2317 1791 2506 1874 plane
2567 1790 3026 1865 necessarium,

711 1894 787 1952 ut
832 1909 1001 1952 nova
1057 1887 1544 1951 temerariorum
1591 1889 1935 1952 conamina
1989 1911 2128 1952 cum
2186 1888 2528 1952 severitate
2575 1886 2878 1952 Nicolaus
2929 1908 3029 1949 re·

714 1987 1037 2069 primeret.

420 2078 659 2183 ξῇξᾞξζΐ
892 2083 953 2146 8.
1011 2080 1334 2145 Sismondi
1388 2083 1658 2165 loquens
1711 2081 1788 2145 de
1839 2080 2122 2145 Porcarii
2176 2082 2657 2164 conjuratione,
2719 2081 3026 2149 affirmat,

713 2178 1154 2243 condemnatis
1212 2179 1649 2260 poenitentiae
1724 2181 1788 2242 et
1855 2178 2280 2243 eucharistiae
2352 2182 2757 2267 sacramenta
2824 2178 3030 2241 fuisse

713 2276 1051 2359 denegata,
1120 2275 1409 2358 quamvis
1472 2296 1547 2337 ea
1612 2274 2027 2338 vehementer
2085 2262 2555 2357 postulassent,
2621 2276 2691 2339 iu
2745 2275 2875 2359 q'ua
2933 2295 3031 2348 re,

712 2370 976 2449 ffiffiffitss‘
1024 2372 1176 2436 licet
1233 2371 1426 2434 etiam
1485 2371 1757 2436 fortasse
1821 2370 2140 2436 Pontifex*
2190 2373 2581 2454 putavisset,
2644 2371 2812 2435 nihil
2869 2370 3024 2434 mali

711 2491 779 2536 se
837 2470 1193 2554 conjuratis
1248 2469 1563 2552 irrogare,
1619 2473 1762 2532 erat
1809 2472 2031 2533 tamen
2087 2467 2151 2531 id
2197 2468 2442 2532 miseris
2504 2489 2738 2554 magno
2799 2466 3032 2542 dolori,

714 2566 884 2651 quod
946 2566 1246 2631 Pontifici
1306 2563 1386 2627 ad
1445 2565 1800 2647 pleniorem
1857 2566 2171 2629 ultionem
2226 2566 2601 2648 capiendam
2654 2566 2810 2631 satis
2871 2569 3035 2629 erat.

607 2704 619 2715 ·
712 2701 800 2708 -—
863 2662 1012 2727 Non
1078 2663 1286 2725 minus
1348 2661 1574 2744 iniqua
1637 2662 1925 2744 profecto
1988 2684 2183 2745 quam
2246 2663 2478 2725 insana
2539 2668 2636 2727 est
2697 2663 2810 2726 illa
2867 2659 3029 2724 insi·

712 2761 974 2836 nuati0,
1044 2780 1171 2842 qua
1231 2756 1483 2822 Nicolai
1543 2758 1731 2823 fidem
1795 2757 2177 2822 catholicam
2239 2762 2464 2822 auctor
2524 2759 2718 2841 impie
2776 2758 2847 2822 in
2911 2757 3032 2820 du-

712 2858 885 2921 bium
933 2860 1217 2930 revocat,
1275 2876 1395 2918 nec
1453 2855 1520 2918 in
1581 2877 1656 2918 ea
1709 2854 2062 2919 refellenda
2117 2856 2559 2932 immoramur,
2615 2877 2807 2939 quum
2858 2852 3032 2917 Pon·

711 2956 945 3019 tificem
1004 2952 1175 3035 pium
1231 2973 1305 3015 ac
1363 2952 1708 3015 virtutibus
1764 2953 2087 3035 insignem
2153 2952 2347 3015 fuisse
2404 2973 2625 3015 omnes
2684 2952 3032 3035 scriptores

713 3050 901 3134 aequi
956 3049 1363 3113 conveniant.
1456 3048 1637 3124 Quod
1698 3070 1850 3112 vero
1907 3048 1988 3111 ad
2045 3048 2535 3132 denegationem
2593 3047 2771 3111 illam
2820 3068 3034 3111 sacra-

712 3151 1075 3211 mentorum
1142 3146 1413 3223 attinet,
1484 3166 1571 3207 eav
1622 3144 1816 3227 plane
1882 3145 2092 3208 aliena
2163 3150 2301 3210 erat
2364 3169 2400 3209 a
2461 3145 2742 3209 moribus
2806 3143 3026 3207 Eccle-

712 3245 844 3308 siae
903 3242 1265 3324 Romanae,
1330 3247 1525 3326 atque
1580 3246 1872 3306 auctores
1935 3243 2048 3326 qui
2108 3242 2184 3305 de
2240 3242 2687 3327 conjuratione
2749 3239 3031 3304 Porcarii

713 3342 1136 3424 scripserunt,
1198 3346 1371 3404 certe
1418 3361 1551 3402 rem
1607 3344 1743 3402 tam
1799 3339 2128 3422 insolitam
2178 3344 2518 3404 notassent
2575 3344 2640 3403 et
2685 3338 2887 3401 fusius
2933 3358 3031 3399 re·

713 3439 1036 3503 tulissent.
1132 3435 1413 3500 Tantum
1459 3443 1686 3499 auctor
1729 3434 1932 3498 Diarii
1988 3436 2156 3519 apud
2202 3435 2595 3500 Infessuram
2654 3434 2837 3499 dicit:
2894 3429 3041 3496 Die

713 3534 832 3599 illa
899 3535 983 3614 (9.
1030 3532 1090 3597 J
1094 3534 1225 3613 an.)
1294 3531 1519 3613 laqueo
1588 3530 1889 3613 suspensi
1955 3535 2110 3596 sunt
2176 3531 2250 3596 in
2309 3529 2610 3613 capitolio
2676 3530 2818 3596 sine
2881 3548 3038 3592 con·

710 3629 992 3713 sessione
1062 3632 1122 3692 et
1188 3626 1630 3693 communione
1693 3627 2129 3718 infrascripti.
2249 3628 2289 3693 J
2295 3651 2449 3693 ussu
2521 3627 2856 3691 Pontificis
2923 3647 3041 3689 sa-

716 3732 1045 3794 cramenta
1115 3726 1432 3811 denegata
1498 3748 1633 3790 esse
1705 3747 1837 3789 non
1904 3726 2085 3801 dicit,
2156 3747 2274 3789 nec
2343 3725 2622 3805 advertit
2685 3725 2859 3807 ipsos
2923 3744 3041 3786 sa-

714 3830 1045 3891 eramenta
1103 3824 1380 3907 petiisse.
1488 3820 1613 3889 Sed
1678 3823 1909 3886 merito
1976 3822 2097 3887 hoc
2159 3822 2533 3907 adjunctum
2596 3820 3035 3903 reputandum

717 3928 815 3988 est
873 3923 1134 3997 falsum,
1195 3926 1261 3985 et
1299 3921 1404 3983 ab
1462 3924 1724 3985 auctore
1770 3920 2006 3998 Diarii,
2065 3919 2326 3983 homine
2383 3920 2494 4002 qui
2549 3918 2870 3983 seditiosis
2926 3916 3037 3980 fa-

715 4020 907 4084 vebat
952 4023 1018 4082 et
1063 4019 1132 4082 in
1181 4016 1526 4082 Pontifices
1571 4016 1761 4081 facile
1803 4017 2155 4081 calumnias
2201 4016 2491 4099 conjicit,
2538 4014 2767 4079 acerbo
2813 4014 3045 4077 animo

717 4117 1067 4200 adjectum,
1143 4114 1301 4197 quin
1372 4114 1463 4176 rei
1529 4115 1868 4179 veritatem
1936 4113 2322 4198 inquisierit.
2423 4110 2650 4188 Potuit
2716 4110 2885 4186 fieri,
2955 4114 3047 4174 ut

716 4215 812 4278 illi
868 4212 1187 4296 conjurati
1250 4232 1383 4274 non
1442 4211 1553 4274 illo
1615 4213 1744 4274 ritu
1808 4212 1885 4274 ad
1943 4212 2346 4275 sacramenta
2407 4208 2907 4273 admitterentur
2964 4210 3052 4269 et
