3281 5014
410 984 482 1012 an·

296 1044 373 1074 nes
400 1033 549 1075 XXII.

604 426 706 477 154
1019 422 1255 477 XXXIL
1294 422 1377 476 De
1411 419 1773 476 Pontificibus
1810 418 2090 474 Avenione
2127 417 2493 473 commoratio.

601 564 986 629 Gulielmum
1021 562 1632 629 Praenestinensem
1677 561 2102 638 Cardinalem‚
2151 560 2401 642 origine
2428 557 2707 624 Gallum.
2784 554 2922 625 Se&

599 659 970 726 cardinales
1033 657 1209 725 Galli
1274 665 1340 724 et
1391 659 1715 724 Vascones
1781 679 1898 723 nec
1965 657 2142 721 Italis
2206 656 2730 733 consentiebant,
2794 678 2924 723 nec

597 758 768 821 inter
827 779 898 821 se
959 764 1146 822 erant
1205 756 1576 834 concordes,
1647 757 1740 820 ita
1803 759 1877 820 ut
1939 758 2199 837 propter
2261 753 2414 818 istas
2480 752 2923 818 dissensiones

597 852 790 918 Sedes
836 853 1201 937 Apostolica
1252 853 1358 917 diu
1406 858 1684 918 vacaret.

776 979 833 1042 8.
899 977 1242 1043 Joannes
1306 975 1513 1042 XXII.
1579 977 1664 1056 (a.
1732 971 2212 1056 1316—1334).
2275 1009 2357 1020 —
2427 973 2693 1039 Demum
2759 973 2908 1038 car·

597 1073 842 1140 dinales
898 1097 937 1139 a
986 1073 1282 1157 Philippo
1339 1071 1585 1139 Comite
1638 1072 2055 1150 pictaviensi,
2116 1072 2318 1135 fratre
2378 1069 2684 1135 Ludovici
2739 1073 2911 1156 regis

598 1172 876 1248 Galliae,
930 1171 1140 1255 specie
1197 1171 1602 1254 negotiorum
1661 1170 1847 1254 regni
1909 1166 2297 1253 Lugdunum
2356 1168 2574 1244 acciti,
2627 1169 2698 1233 in
2743 1167 2916 1233 con·

594 1270 753 1334 clavi
811 1267 981 1351 apud
1028 1265 1153 1331 FF.
1202 1265 1691 1331 Praedicatores
1747 1270 1974 1349 parato
2019 1266 2209 1329 inviti
2258 1265 2490 1329 reclusi
2546 1269 2729 1338 sunt,
2786 1266 2904 1329 mi-

591 1366 693 1430 nis
740 1364 1115 1442 intentatis,
1173 1364 1324 1428 inde
1381 1385 1488 1427 eos
1543 1386 1679 1427 non
1737 1362 2065 1427 dimissum
2126 1363 2234 1444 iri,
2293 1361 2493 1427 donec
2547 1360 2626 1426 de
2674 1361 2904 1426 Ponti-

591 1463 707 1527 fice
752 1461 1227 1526 convenissent.
1320 1459 1442 1523 Die
1486 1460 1689 1545 igitur
1746 1457 1816 1522 7⁰
1861 1459 2146 1543 Augusti
2199 1459 2479 1543 ejusdem
2528 1461 2685 1524 anni
2736 1460 2912 1524 1316

591 1559 986 1623 unanimiter
1041 1561 1345 1621 crearunt
1391 1555 1768 1621 Pontificem
1817 1555 2126 1621 Jacobum
2178 1553 2396 1620 Dueza
2455 1557 2555 1620 vel
2613 1556 2688 1619 de
2744 1554 2905 1621 Ossa

591 1655 995 1720 Cardinalem
1055 1652 1512 1730 Portuensem‚
1569 1654 1683 1737 qui
1741 1652 2031 1718 Joannes
2090 1650 2309 1742 XXLI.
2372 1653 2731 1736 appellatus
2787 1657 2908 1717 est.

592 1752 878 1836 „Eodem
944 1772 1150 1832 anno,
1211 1749 1434 1814 scribit
1486 1749 1775 1814 Joannes
1838 1772 1875 1814 a
1935 1739 1996 1814 S.
2025 1732 2320 1831 Victore,
2386 1747 2757 1814 cardinales
2821 1749 2903 1814 ad

590 1848 988 1914 concordiam
1044 1852 1510 1931 pervenerunt,
1573 1851 1639 1910 et
1690 1847 1760 1910 in
1819 1846 2090 1910 sabbato
2149 1845 2391 1910 festum
2447 1845 2512 1910 S.
2569 1845 2906 1911 Laurentii

589 1943 1009 2028 praecedente
1055 1943 1403 2007 Dominum
1458 1941 1499 2006 J
1503 1943 1772 2007 acobum
1829 1942 1907 2010 de
1959 1942 2162 2007 Portu
2210 1940 2644 2025 cardinalem,
2698 1964 2905 2026 quon·

588 2042 734 2105 dam
798 2040 1309 2104 Aveuionensem
1371 2039 1766 2122 episcopum,
1828 2040 1894 2103 in
1957 2061 2275 2103 summum
2337 2038 2717 2104 Pontificem
2781 2038 2906 2102 ele·

586 2143 849 2222 gerunt,
891 2137 1099 2199 virum
1147 2158 1281 2200 non
1327 2136 1606 2199 multum
1643 2155 1950 2219 magnum
1996 2137 2062 2200 in
2114 2141 2385 2210 statura,
2430 2136 2540 2199 sed
2585 2135 2650 2199 in
2699 2136 2905 2200 scien·

584 2235 678 2299 tia
724 2255 1062 2319 magnum,
1111 2238 1180 2296 et
1225 2231 1571 2296 habentem
1615 2232 2057 2296 testimonium
2107 2232 2314 2296 bonae
2361 2230 2658 2315 vitae.“¹)
2739 2231 2903 2296 Erat

585 2330 863 2396 Jacobus
922 2328 1192 2394 cadurci
1256 2334 1447 2393 natus
1508 2349 1728 2394 versus
1788 2349 1844 2392 a.
1917 2329 2110 2400 1244,
2177 2333 2372 2411 atque
2441 2328 2748 2394 oriundus
2814 2351 2896 2393 ex

583 2427 919 2512 conspicua
982 2426 1157 2491 illius
1217 2426 1494 2490 civitatis
1558 2421 1890 2507 familia&
1970 2423 2199 2490 Studia
2259 2424 2525 2490 Cadurci
2591 2437 2658 2489 et
2716 2425 2899 2491 Pari·

583 2525 692 2589 siis
751 2525 1022 2608 perfecit
1074 2528 1142 2588 et
1192 2523 1339 2588 dein
1397 2546 1592 2608 quum
1648 2525 1785 2607 jam
1838 2530 2006 2588 esset
2062 2524 2474 2607 provectioris
2535 2526 2768 2589 aetatis
2821 2527 2894 2590 in

586 2621 840 2686 ltaliam
887 2623 1239 2705 profectae,
1295 2618 1571 2703 Neapoli
1610 2622 1720 2704 jus
1765 2621 1953 2685 civile
2003 2620 2322 2705 professus
2369 2625 2492 2697 est,
2550 2626 2617 2685 et
2660 2644 2808 2686 mox
2853 2646 2900 2686 a

584 2718 812 2784 Carolo
860 2717 940 2782 ΙΙ.
998 2719 1264 2794 accitus,
1327 2721 1400 2781 ut
1454 2716 1619 2781 filios
1680 2719 1749 2781 in
1803 2717 2040 2782 litteris
2102 2716 2402 2781 erudiret.
2504 2718 2562 2781 A
2619 2740 2769 2803 rege
2822 2720 2895 2783 in

582 2815 921 2879 consilium
964 2813 1279 2878 familiare
1325 2813 1608 2879 adlectus
1652 2814 1809 2890 fuit,
1858 2819 1924 2878 et
1969 2837 2024 2880 a.
2076 2815 2272 2889 1299,
2332 2835 2407 2878 eo
2454 2820 2744 2897 petente,
2800 2837 2900 2880 re·

582 2912 928 2975 nuntiatus
971 2922 1069 2974 est
1110 2911 1437 2995 episcopus
1469 2908 1932 2994 Forojuliensis
1963 2908 2250 2995 (Frejus)
2294 2910 2361 2974 in
2390 2909 2619 2976 Gallia.
2698 2914 2900 2976 Anno

589 3009 757 3073 1310
802 3008 1155 3073 translatus
1195 3007 1322 3072 fuit
1368 3007 1445 3071 ad
1494 3008 1931 3091 episcopatum
1960 3007 2498 3086 Avenionensem‚
2549 3014 2695 3091 post
2725 3008 2893 3074 con-

580 3106 797 3169 cilium
852 3126 1002 3169 vero
1036 3103 1408 3170 Viennense
1471 3126 1526 3168 a.
1591 3102 1760 3167 1312
1821 3126 1859 3167 a
1913 3103 2243 3169 clemente
2283 3103 2362 3168 V.
2418 3103 2772 3169 cardinalis
2827 3111 2898 3170 et

585 3200 932 3286 Episcopus
978 3200 1355 3266 Portuensis
1401 3206 1655 3265 creatus
1702 3205 1817 3265 est.
1908 3200 2058 3266 Jam
2100 3201 2272 3264 ultra
2317 3202 2734 3285 septuaginta
2780 3225 2893 3267 an·

581 3320 700 3363 nos
758 3298 1067 3380 habebat,
1127 3296 1386 3382 quando
1439 3299 1503 3361 in
1564 3295 1950 3362 Pontificem
2006 3298 2244 3361 electus
2306 3303 2434 3375 est,
2492 3297 2603 3362 sed
2658 3321 2895 3385 magno

760 3522 799 3585 ¹)
840 3523 971 3577 Vita
1007 3523 1183 3591 prima
1220 3523 1450 3577 Joannis
1486 3523 1668 3577 XXII.
1707 3540 1792 3592 ap.
1832 3524 2110 3578 Balutium
2147 3525 2191 3578 Ι.
2231 3526 2349 3578 116.

757 3599 802 3669 ²)
843 3601 929 3656 Ex
963 3601 1149 3655 infima
1189 3618 1309 3657 eum
1346 3601 1557 3656 familia
1594 3608 1809 3670 natum,
1845 3612 2160 3671 patremque
2199 3610 2437 3658 sutorem
2473 3602 2672 3670 fuisse,
2708 3605 2898 3673 plures

581 3680 792 3748 quidem
830 3681 1069 3736 retulere
1115 3681 1443 3747 antiquioris
1488 3683 1691 3736 aetatis
1730 3683 2055 3751 scriptoreS,
2100 3698 2165 3735 ac
2201 3683 2436 3752 vulgata
2481 3684 2616 3738 haec
2657 3684 2765 3738 fuit
2802 3700 2899 3738 us-

582 3775 683 3827 que
745 3760 815 3813 ad
871 3767 1119 3829 tempora
1170 3765 1362 3814 nostra
1414 3760 1613 3828 opinio.
1701 3762 1805 3816 Sed
1859 3761 2054 3816 critica
2101 3761 2462 3817 recentiorum
2510 3762 2900 3830 disquisitione

581 3838 718 3893 satis
756 3839 1040 3907 probatum
1081 3845 1192 3905 est,
1237 3840 1703 3896 narratiunculam
1749 3843 1888 3896 hanc
1940 3842 2021 3895 uti
2066 3841 2178 3895 alia
2223 3843 2486 3909 quaedam
2533 3843 2602 3899 de
2639 3843 2760 3898 vita
2794 3843 2833 3897 J
2834 3860 2896 3898 a·

581 3916 701 3971 cobi
740 3918 918 3972 relata
956 3919 1192 3973 veritate
1230 3934 1337 3973 non
1376 3918 1496 3973 niti.
1541 3950 1613 3958 —
1660 3920 1766 3976 cfr.
1805 3921 2138 3987 Bertrandy,
2179 3919 2519 3975 Becherches
2560 3921 2900 3991 historiques

580 4013 671 4050 sur
708 3996 985 4065 l'origine,
1030 3997 1306 4052 l'election
1352 4004 1408 4052 et
1453 3998 1504 4053 le
1547 4006 1972 4055 couronnement
2017 3999 2090 4053 du
2133 4014 2276 4068 pape
2314 3999 2455 4054 Jean
2492 4000 2682 4067 XXII,
2730 4001 2896 4055 Paris

582 4077 741 4143 18543
790 4076 1018 4141 Martia,
1066 4075 1342 4144 L’origine
1390 4077 1457 4130 de
1504 4077 1648 4132 Jean
1685 4079 1872 4143 XXII,
1919 4079 2106 4134 Revue
2155 4079 2251 4132 des
2293 4078 2478 4145 Quest.
2524 4080 2655 4134 hist.
2704 4081 2901 4149 (1876)

577 4154 729 4207 XIX.
766 4156 884 4207 563.
