3281 5014
1112 434 1295 503 Reges
1334 433 1548 490 Galliae
1586 440 1644 489 et
1681 435 1928 502 Apuliae.
2574 437 2676 489 201

540 579 643 641 55.
715 575 865 640 Non
925 576 1177 640 minimi
1237 576 1550 641 momenti
1613 596 1768 639 sane
1834 576 1900 637 iu
1963 574 2082 640 hoc
2134 575 2430 640 conflictu
2484 576 2676 640 etiam

361 674 628 738 fuerunt
672 694 897 758 regum
947 671 1194 737 Galliae
1240 673 1639 757 aliorumque
1687 671 2046 755 principum
2093 673 2293 737 nisus.
2369 671 2460 736 Hi
2507 672 2677 736 enim

361 770 631 853 propriis
688 769 1034 835 commodis
1091 769 1448 847 inhianteS,
1499 771 1638 853 jam
1702 790 1815 852 per
1874 790 1942 832 se
2000 768 2316 852 imperiali
2374 768 2677 852 dignitati

362 872 430 930 et
494 866 868 931 auctoritati
925 865 1231 931 Ludovici
1296 888 1518 949 parum
1584 865 1925 948 favebant3
1991 887 2186 948 quum
2253 886 2400 928 vero
2466 863 2676 929 Ludo-

360 965 537 1029 vicus
587 962 908 1028 Ecclesiae
964 965 1115 1048 jura
1177 961 1621 1047 imprudenter
1685 966 1751 1026 et
1813 965 2111 1045 proterve
2175 960 2455 1026 laederet
2514 960 2676 1025 schi-

362 1060 789 1143 smaticosque
845 1064 1245 1145 protegeret,
1298 1059 1436 1123 fieri
1489 1081 1622 1124 non
1671 1058 1912 1142 potuit,
1968 1058 2128 1142 quin
2178 1057 2455 1122 Romani
2503 1056 2674 1123 Pon-

361 1157 564 1221 tifices
620 1156 691 1220 in
737 1179 852 1221 sua
897 1157 1151 1221 ratione
1206 1155 1435 1241 agendi
1483 1178 1672 1239 saepe
1726 1155 1806 1219 ad
1857 1155 2002 1220 illos
2056 1155 2375 1238 principes
2432 1177 2676 1219 eorum·

361 1274 485 1336 que
545 1257 697 1317 vota
762 1254 1097 1317 attendere
1159 1252 1488 1317 deberent.
1598 1252 1747 1318 Non
1812 1257 1939 1328 est,
2007 1273 2121 1316 cur
2177 1252 2255 1317 de
2319 1252 2673 1317 tendentiis
2692 1266 2910 1337 Robertqs
2928 1279 3005 1309 rex

359 1369 583 1432 regum
654 1347 903 1413 Galliae
967 1347 1295 1413 Ludovico
1373 1349 1863 1413 adversantibus
1931 1349 2035 1414 hic
2110 1350 2296 1431 plura
2362 1348 2671 1425 dicamus3
2754 1327 2954 1380 AP¹¹¹¹⁸²⁰‘

360 1444 471 1510 sed
533 1468 732 1530 pauca
793 1446 1123 1511 advertere
1178 1446 1440 1531 juvabit
1497 1445 1604 1536 (1ον
1635 1446 1922 1510 Roberto
1978 1444 2256 1530 Apuliae
2314 1468 2491 1536 rege,
2563 1446 2675 1530 qui

358 1543 428 1607 in
488 1564 590 1606 res
654 1542 946 1626 politicas
1009 1542 1183 1607 illius
1249 1543 1482 1606 aetatis
1547 1565 1676 1608 non
1743 1543 2051 1608 modicum
2121 1543 2435 1607 influxum
2502 1565 2675 1608 exer·

358 1639 511 1704 cuit.
606 1638 964 1716 Robertus,
1024 1640 1132 1724 qui
1182 1640 1251 1703 in
1300 1638 1489 1704 Italia
1533 1642 1918 1723 praepotens
1963 1643 2102 1703 erat
2149 1644 2216 1703 et
2257 1640 2430 1703 inter
2477 1637 2673 1704 Guel-

359 1735 455 1801 fos
522 1736 875 1815 eminebat,
939 1737 1189 1801 laudem
1255 1734 1534 1801 habebat
1596 1735 1998 1800 fortitudinis
2067 1736 2330 1800 bellicae
2393 1757 2464 1800 ac
2520 1758 2672 1820 pru-

357 1832 651 1911 dentiae,
729 1834 920 1897 variis
996 1832 1353 1896 excellebat
1428 1833 1813 1910 virtutibuS,
1887 1831 2209 1898 Ecclesiae
2285 1835 2424 1895 erat
2498 1833 2674 1897 addi·

357 1934 532 2005 ctus,
603 1935 671 1995 et
734 1930 872 2013 ipse
940 1930 1035 1994 uti
1100 1930 1339 2013 conjux
1393 1921 1543 2013 'ejus
1606 1928 1839 2012 Saucia
1901 1927 2162 1994 Ordinis
2230 1928 2292 1994 S.
2350 1927 2671 1995 Francisci

359 2025 577 2091 fautor
649 2030 714 2090 et
780 2030 1105 2109 protector
1168 2026 1466 2111 insignis.
1579 2026 1676 2089 De
1738 2025 1876 2109 ipso
1939 2023 2318 2105 Petrarcha,
2393 2028 2512 2092 etsi
2582 2029 2675 2093 ni·

357 2124 487 2187 mio
554 2125 725 2188 forte
772 2124 1111 2187 encomio:
1188 2122 1362 2204 qu,
1436 2122 1692 2202 scribit,
1765 2120 2185 2201 fidentissime
2253 2122 2449 2206 (aio),
2528 2124 2676 2206 quis

356 2217 431 2283 in
491 2217 729 2298 Italia,
793 2217 923 2283 imo
986 2238 1135 2283 vero
1198 2218 1346 2301 quis
1400 2217 1473 2283 in
1534 2218 1812 2300 Europa
1873 2217 2117 2283 clarior
2165 2218 2496 2284 Roberto?
2585 2222 2674 2289 In

359 2334 484 2396 quo
553 2334 740 2398 saepe
814 2315 1106 2398 coqitans
1177 2314 1343 2380 soleo
1409 2335 1542 2381 ‘non
1611 2318 1748 2380 tam
1815 2314 2113 2380 diadema
2181 2336 2375 2399 quam
2446 2339 2672 2400 morea,
2734 2329 2735 2332 ’

354 2433 486 2477 non
555 2416 686 2477 tam
752 2432 1027 2494 requam
1082 2432 1278 2494 quam
1345 2412 1642 2478 animum
1715 2411 2057 2476 admirari.
2117 2463 2130 2475 .
2192 2462 2205 2476 .
2268 2461 2282 2477 .
2347 2414 2674 2481 Robertus

355 2530 502 2575 vere
556 2509 846 2598 inclytus
906 2516 967 2574 et
1022 2530 1167 2575 vere
1226 2530 1346 2574 rex
1405 2514 1526 2589 est,
1592 2509 1709 2593 qui
1763 2529 1957 2591 quam
2017 2510 2105 2575 sit
2151 2512 2539 2594 imperiosus
2597 2514 2673 2582 in

355 2626 423 2671 se
473 2605 721 2690 ipsum,
784 2605 1075 2690 exempla
1138 2606 1448 2673 inaudita
1502 2606 1870 2689 patientiae
1929 2612 1991 2672 et
2051 2608 2515 2675 moderationis
2573 2611 2673 2678 in-

354 2702 651 2784 dicant.1)
741 2702 939 2768 Plato
997 2703 1165 2769 alter
1222 2703 1485 2787 inqenio
1540 2702 1706 2787 fuit,
1770 2709 1832 2769 et
1890 2725 2117 2786 reyum
2171 2705 2342 2771 ‘nulli
2401 2712 2517 2773 aut
2569 2729 2671 2774 sa·

352 2799 604 2882 pientia
660 2800 978 2866 secundus
1031 2805 1149 2865 aut
1200 2799 1497 2884 ylariassq
1583 2802 1830 2867 Joanni
1887 2801 2107 2868 XXII.
2163 2803 2484 2870 Robertus
2534 2809 2669 2891 jam

353 3055 549 3109 driano
586 3055 682 3109 IV.
723 3085 793 3093 —
828 3053 1201 3119 AdvertimuS‚
1240 3070 1402 3120 quum
1441 3053 1735 3108 Lotharius
1773 3054 1846 3107 II.
1885 3054 1941 3106 in
1980 3053 2383 3123 subscriptione
2424 3055 2671 3121 picturae

355 3134 507 3189 homo
544 3135 730 3202 Papae
767 3139 995 3188 vocetur
1040 3135 1192 3201 (post
1228 3133 1377 3188 homo
1415 3132 1479 3185 fit
1515 3133 1753 3200 Papae),
1800 3131 1977 3187 videri
2024 3133 2092 3186 ad
2131 3133 2443 3202 homagium
2477 3135 2674 3203 respici

356 3213 685 3282 praestitum
740 3214 806 3268 ob
857 3212 1060 3267 allodia
1110 3212 1395 3266 Mathildis
1449 3211 1558 3278 ipsi
1611 3211 1669 3264 in
1725 3211 1943 3265 feudum
1998 3228 2274 3266 concessa.
2362 3212 2497 3280 (Cfr.
2550 3214 2674 3269 Dis·

356 3300 487 3348 sert.
526 3292 735 3346 XXIII.
773 3290 884 3361 82.)
957 3292 1156 3346 Potest
1204 3296 1390 3345 tamen
1439 3290 1604 3344 etiam
1655 3291 1858 3357 optime
1908 3307 2011 3345 vox
2060 3291 2305 3360 intelligi
2352 3307 2516 3347 sensu
2567 3309 2673 3348 non
2734 3299 2741 3305 '

355 3372 574 3440 proprio
611 3371 837 3438 vasalli,
876 3371 973 3425 sed
1013 3370 1276 3438 analogia
1312 3370 1543 3436 quadam
1585 3370 1652 3422 ob
1685 3369 2055 3437 juramentum
2095 3370 2382 3425 fidelitatis
2420 3372 2673 3428 Pontifici

357 3451 703 3519 praestitum.
797 3450 1092 3505 Contextui
1155 3447 1216 3504 id
1277 3465 1472 3504 revera
1530 3450 1709 3517 magis
1773 3450 2046 3518 congruit.
2120 3449 2185 3514 V.
2244 3452 2673 3521 Hergenrother,

357 3530 563 3585 Kirche
601 3530 711 3583 und
750 3529 926 3596 Staat,
965 3529 1062 3583 IV.
1102 3546 1154 3582 n.
1194 3526 1279 3583 30.

538 3608 578 3674 ¹)
616 3609 892 3662 Familiar.
933 3608 994 3662 L.
1036 3607 1130 3662 IV.
1172 3624 1252 3676 ep.
1296 3607 1369 3662 II.

537 3686 581 3753 ²)
618 3687 755 3741 Ibid.
804 3687 867 3740 L.
906 3686 973 3741 V.
1025 3703 1107 3754 ep.
1156 3687 1202 3741 Ι.
1252 3717 1321 3724 -
1369 3687 1452 3740 De
1501 3686 1620 3753 ipso
1675 3685 1839 3741 etiam
1888 3685 1953 3740 cl.
2003 3687 2208 3755 Balsa,
2259 3687 2441 3743 Storia
2491 3689 2671 3743 d’Ital.

358 3766 420 3820 L.
457 3766 661 3820 XXXI.
701 3783 752 3820 n.
794 3767 913 3820 XX.
965 3767 1215 3834 „Grande
1264 3770 1526 3820 sventura
1572 3765 1634 3818 fu
1670 3781 1767 3833 per
1803 3765 2009 3820 l'Italia
2051 3767 2106 3820 la
2142 3772 2317 3822 morte
2367 3768 2421 3821 di
2470 3784 2528 3822 re
2566 3768 2674 3823 Ro-

357 3846 512 3900 berto
551 3844 604 3898 di
643 3845 838 3911 Napoli
880 3846 968 3899 chi
1012 3845 1397 3914 ottuagenario
1444 3845 1587 3912 spiro
1628 3844 1721 3898 nel
1767 3844 1821 3896 di
1874 3847 1938 3897 19
1993 3846 2046 3898 di
2085 3847 2333 3915 Gennajo
2380 3848 2465 3902 del
2510 3850 2671 3915 1343;

357 3924 604 3992 principe
640 3930 897 3991 reputato
935 3923 978 3977 il
1013 3924 1102 3991 pio
1143 3924 1298 3978 savio
1346 3924 1432 3978 dci
1474 3923 1593 3977 suoi
1639 3923 1809 3990 tempi
1847 3926 2326 3981 conescentissimo
2364 3927 2418 3980 di
2455 3927 2672 3994 lettere,

360 4003 477 4070 pio,
523 4002 811 4071 religioso,
857 4003 900 4056 il
936 4003 1189 4072 migliore
1231 4003 1286 4057 di
1324 4019 1422 4057 sua
1458 4003 1654 4070 stirpe,
1704 4003 1802 4056 che
1837 4017 1944 4056 non
1981 4002 2040 4056 fu
2079 4005 2340 4061 abbatuto
2378 4008 2485 4060 mai
2526 4008 2673 4061 dalla

356 4098 593 4137 avversa
628 4082 873 4149 fortuna3
922 4098 1064 4150 gran
1109 4098 1167 4137 re
1214 4083 1313 4137 che
1354 4081 1639 4150 maggiore
1689 4096 1857 4149 parve
1900 4097 2003 4150 per
2048 4083 2101 4138 10
2149 4091 2406 4140 sventure
2454 4086 2552 4140 che
2591 4101 2673 4140 se·

356 4160 590 4230 guitono
629 4161 712 4215 ne’
752 4161 870 4215 suoi
908 4161 1060 4216 credi
1100 4177 1128 4215 e
1162 4176 1262 4228 per
1297 4160 1314 4214 i
1353 4160 1464 4213 vizi
1500 4161 1637 4215 onde
1675 4161 2064 4216 bruttaronsi.“
