3281 5014
628 445 701 498 90
1089 442 1290 496 ΧΧΧΙ.
1329 442 1412 497 De
1448 437 1750 497 abolitione
1783 441 2004 495 Ordinis
2042 441 2488 508 Templariorum.

630 582 784 650 tuin·
830 584 1342 669 possessionibus
1408 577 1784 666 excellebat.
1891 582 2316 648 Occasionem·
2341 607 2354 639 >
2373 603 2523 646 vero
2586 583 2948 666 inquisitio·

628 683 732 746 nis
778 677 1215 750 instituendae
1261 681 1487 745 contra
1523 680 1950 763 Templarios,
1989 678 2364 743 secundum·
2387 680 2734 762 scriptores
2769 679 2945 754 illius

621 777 892 853 aetatis,
958 777 1628 860 Philippo.·dederunt
1684 776 2212 840 denuntiationes
2270 776 2351 840 ab
2401 776 2654 859 aliquot
2711 775 2941 860 equiti·

628 876 767 939 bus>
807 893 1027 938 versus
1077 869 1567 937 'annum‘1305
1612 874 1869 949 factae,
1935 874 2195 955 quibus»
2223 871 2534 937 Ordinem
2597 873 2820 956 ipsum*
2850 872 2944 952 :de

620 971 886 1055 magnis
946 973 1405 1034 accusaverunt
1465 970 1858 1040 criminibus;
1956 970 2264 1040 -Inrvita
2321 969 2672 1034 Clementis
2732 965 2945 1052 (sexta

631 1067 799 1151 apud
847 1064 1237 1147 Balutium),
1296 1068 1475 1151 eujus
1530 1072 1754 1132 auctor
1808 1079 1907 1135 est
1949 1069 2310 1135 Amalricus
2365 1065 2442 1130 de
2488 1065 2798 1150 Augeriis
2832 1064 2944 1140 Bi.-

629 1166 960 1240 terrensis,
1016 1185 1116 1227 res
1161 1164 1256 1226 ita
1308 1162 1611 1227 refertur:
1672 1166 2029 1270 „Tempore
2083 1167 2281 1248 hujus
2330 1162 2682 1227 Clementis
2732 1162 2943 1246 Papae

627 1261 930 1344 contigit,
991 1264 1066 1323 ut
1129 1259 1369 1336 fertur,
1435 1259 1606 1342 quod
1665 1263 1762 1325 in
1760 1265 2072 1347 quodam
2136 1272 2345 1327 castro
2402 1260 2579 1343 regio
2639 1257 2942 1324 dioecesis

629 1357 986 1422 Tolosanae
1043 1377 1199 1450 per·
1192 1356 1517 1425 officiales
1573 1356 1726 1431 dicti
1782 1362 1955 1447 regis
2005 1359 2313 1430 Franciae
2367 1355 2648 1448 quidam
2669 1356 2942 1447 nomine

629 1452 912 1537 Squinus
973 1445 1049 1515 de
1119 1451 1422 1517 Floriano
1490 1454 1647 1517 civis
1719 1454 2108 1522 Biterrensis
2184 1477 2325 1519 cum
2398 1445 2674 1537 quodam
2737 1452 2941 1517 fratre

626 1551 899 1615 militiae
953 1549 1175 1632 templi
1232 1553 1530 1631 apostata
1585 1569 1724 1632 pro
1757 1554 1890 1617 suis
1949 1553 2274 1617 maleficiis
2317 1550 2538 1633 capti
2530 1549 2816 1613 fuerunt
2873 1559 2940 1614 et

626 1649 696 1711 in
722 1667 725 1672 ’
751 1647 907 1718 forti
967 1667 1216 1710 carcere
1280 1645 1471 1709 ambo·
1522 1648 1593 1710 ιιι
1649 1648 1880 1713 simul·
1903 1651 2095 1733 positi
2158 1641 2552 1713 extiterunt.=
2609 1644 2940 1729 ³Cumque

626 1744 835 1809 dictus
895 1741 1178 1827 Sqninus
1243 1747 1310 1805 et
1371 1743 1528 1827 ejus·
1574 1743 1783 1808 socius
1838 1745 2242 1830 Templarius
2305 1750 2566 1827 propter
2628 1742 2941 1807 maleficia

620 1853 792 1926 quae
832 1844 1369 1923 perpetraverant
1424 1839 1503 1902 de
1550 1840 1654 1904 die
1704 1842 1773 1905 in
1820 1841 1985 1906 diem
2042 1842 2119 1907 de
2155 1857 2292 1906 'sua
2333 1841 2483 1903 ‚vita
2534 1860 2710 1903 more
2766 1841 2942 1903 navi·

623 1939 924 2022 gantiam
971 1958 1037 1999 se
1083 1936 1976 2019 desperarent,·ad-invicem
2026 1944 2284 2023 peccata
2328 1959 2443 2001 sua
2490 1935 2765 2000 confessi
2807 1935 2941 2000 fue·

421 2057 448 2085 ο
490 2045 579 2114 ,ξο-
626 2038 806 2098 runt.
868 2032 1025 2108 -Qui
1083 2031 1337 2114 quidem
1397 2030 1828 2115 Templarius
1854 2036 2253 2130 sibi'extitit
2313 2033 2640 2099 confessus
2697 2032 2937 2096 multos

440 2118 501 2145 ¹¹¹¹
541 2117 578 2147 ἃ·
628 2151 873 2194 errores
920 2133 1146 2192 contra
1192 2127 1402 2191 Deum
1455 2132 1523 2192 et
1576 2130 1931 2212 periculum
1990 2133 2241 2196 animae
2294 2150 2445 2194 suae
2490 2134 2697 2213 atque
2731 2128 2939 2191 unita·

625 2233 757 2297 tem
803 2225 991 2292 fidei
1010 2224 1388 2302 catholicae,
1449 2226 1615 2309 quod
1675 2227 1740 2292 in
1800 2228 2116 2312 ingressu
2152 2230 2250 2294 sui
2311 2226 2554 2292 ordinis
2601 2229 2667 2288 et
2716 2231 2939 2308 postea

622 2309 912 2434 pluribus
958 2321 1197 2392 vicibus
1246 2344 1316 2410 se
1358 2324 1924 2406 communicasset,
1959 2347 2241 2409 quorum
2291 2323 2747 2390 maleficiorum
2793 2342 2931 2406 spe·

622 2423 783 2492 ciem
848 2441 960 2503 per
1026 2398 1316 2482 ordinem
1385 2422 1777 2502 enan-ravit)⁸
1890 2420 2012 2489 His
2080 2421 2315 2500 auditis
2367 2441 2572 2504 porro
2642 2416 2932 2502 Squinus

620 2518 1115 2588 denuntiatione
1171 2515 1679 2600 Templariorum
1748 2521 2028 2604 speravit
2090 2542 2174 2587 se
2223 2520 2417 2583 vitam
2481 2539 2663 2582 suam
2723 2518 2926 2595 salva·

618 2621 839 2704 ιιιιιιιιι
901 2617 968 2678 et
1028 2612 1393 2678 libertatem
1448 2614 1865 2684 obtenturum
1928 2639 2086 2682 esse.
2195 2614 2382 2681 Unde
2443 2614 2930 2698 magistratibus

619 2690 901 2797 „obtulit
964 2731 1163 2773 unum
1234 2731 1582 2799 magnum
1602 2711 1853 2806 factum
1926 2714 2061 2798 regi
2129 2711 2444 2777 Franciae
2502 2711 2787 2781 revelare
2852 2710 2930 2789 de

620 2790 748 2893 quo
794 2807 1028 2893 plures
1085 2806 1406 2877 utilitates
1469 2808 1603 2892 ipse
1667 2831 1777 2891 rex
1843 2809 2079 2874 habere
2139 2813 2428 2893 poterat,
2489 2829 2681 2890 quam
2738 2809 2791 2872 si
2850 2807 2929 2870 de

619 2926 784 2986 novo
857 2903 1214 2989 acquireret
1282 2926 1481 2967 unum
1550 2909 1886 3014 regnumfl
2001 2904 2180 2974 Οιιιιι
2227 2926 2378 2968 vero
2446 2904 2607 2968 nulli
2681 2909 2932 2986 praeter

615 3022 830 3087 regem
879 3021 1012 3067 rem
1061 3000 1246 3085 istam
1295 3003 1765 3080 communicare
1818 3001 2041 3080 vellet,
2080 3004 2275 3085 jussu
2326 3000 2601 3084 Philippi
2648 2998 2929 3083 Parisios

620 3098 850 3184 missus
894 3101 1014 3159 est.
1091 3079 1321 3171 ,Cum
1344 3106 1571 3181 postea
1604 3092 1743 3182 ipse
1772 3097 2058 3183 Squinus
2094 3101 2291 3207 juxta
2339 3097 2707 3161 mandatum
2756 3089 2925 3180 regis

619 3175 821 3256 eidem
870 3193 1005 3276 regi
1051 3178 1313 3256 Parisiis
1356 3193 1586 3258 fuisset
1633 3199 2105 3305 praesentatus,
2152 3195 2359 3278 ipsum
2408 3195 2614 3258 traxit
2660 3195 2737 3258 ad
2785 3215 2929 3276 par-

615 3294 747 3352 tem
796 3289 878 3353 ob
922 3289 1082 3352 scire
1129 3290 1467 3353 veritatem
1516 3290 1595 3354 de
1643 3291 2039 3373 praemissis,
2098 3291 2482 3373 promittens
2527 3291 2650 3354 sibi
2695 3290 2928 3354 securi·

615 3389 819 3449 tatem
878 3386 1157 3467 corporis
1214 3391 1280 3449 et
1336 3386 1737 3449 commodum
1794 3387 1847 3450 si
1901 3387 2012 3451 ille
2069 3408 2232 3470 quae
2288 3386 2541 3451 dicebat
2585 3388 2926 3450 veritatem

615 3482 1050 3547 continerent.
1149 3480 1436 3565 Cumque
1498 3480 1783 3567 Squinus
1839 3484 2302 3549 confessionem
2360 3483 2514 3547 dicti
2578 3473 2924 3581 Templarii

615 3580 972 3662 apostatae
994 3601 1109 3663 per
1130 3578 1443 3643 ordinem
1486 3580 1612 3644 sibi
1646 3580 2043 3662 explicasset,
2084 3578 2450 3645 confestim.
2469 3580 2606 3663 ipse
2651 3602 2760 3661 rex
2808 3581 2924 3644 ali-

613 3697 772 3759 quos
817 3674 1215 3758 Templarios
1260 3676 1397 3758 capi
1445 3675 1626 3753 fecit,
1686 3682 1754 3741 et
1796 3699 1989 3760 super
2031 3676 2151 3742 hoc
2180 3698 2339 3742 cum
2386 3678 2493 3742 eis.
2513 3677 2924 3741 informatio·

516 3790 519 3793 “
616 3792 764 3835 nem
819 3772 958 3835 fieri
1005 3771 1175 3836 fecit.
1269 3771 1407 3845 Qua
1467 3773 1637 3838 facta
1691 3780 1766 3838 et
1822 3796 2015 3876 super
2074 3775 2433 3856 praemissis
2492 3773 2765 3837 veritate
2821 3795 2922 3836 re·

606 3872 815 3952 perta
819 3866 854 3901 **
922 3868 1253 3950 Philippus
1300 3870 1438 3950 jam
1495 3870 1764 3935 ulterius
1823 3886 2184 3961 processum
2242 3880 2465 3934 contra
2526 3869 2922 3961 Templarios'

613 3966 939 4030 instruere
981 3969 1048 4028 et
1097 3962 1355 4030 Ordinis
1401 3958 1891 4031 exstinctiOnem
1939 3966 2233 4051 obtinere
2279 3971 2551 4031 conatus
2600 3962 2776 4047 est-¹)

612 4101 961 4115 -ρ--ψ--ο-Ἲ-ι.

795 4174 836 4238 ¹)
874 4174 973 4240 Ap.
1014 4173 1291 4227 Balutium
1317 4174 1482 4229 Vitae
1518 4175 1788 4242 Paparum
1825 4174 2319 4239 Avenionensium,
2350 4174 2408 4227 in
2433 4170 2565 4228 Vita
2603 4180 2762 4228 sexta
2799 4173 2920 4229 Ole-
