3281 5014
1075 438 1159 491 De
1198 437 1412 504 Synodo
1451 437 1790 491 Florentina.
2483 439 2586 489 387

270 578 549 642 Romani
594 577 930 644 Pontificis
976 579 1419 659 auctoritatem
1471 583 1907 662 agnoverunt3
1957 579 2022 642 in
2073 579 2322 672 aliqupt
2364 582 2584 641 tamen

263 676 597 740 doctrinae
643 696 717 739 ac
771 675 1141 759 disciplinae
1188 676 1474 739 articulis
1534 676 1615 738 ab
1665 675 1948 740 Ecclesia
1995 674 2290 738 Romana
2335 674 2581 738 dissen-

263 772 538 837 tiebant.
644 771 933 836 Joannes
989 770 1194 835 XXII.
1258 773 1527 855 ejusque
1588 793 1909 836 successor
1965 770 2354 835 Benedictus
2412 770 2585 843 XII..

270 869 478 933 missis
520 869 756 932 litteris
801 889 874 932 ac
921 868 1349 952 legationibus
1395 868 1474 931 ad
1520 869 1778 934 illorum
1825 889 2044 952 regem
2090 889 2163 932 ac
2207 867 2586 931 Catholicon

265 988 379 1030 seu
430 964 897 1047 Patriarcham,
952 964 1031 1028 ad
1077 965 1434 1029 doctrinam
1482 970 1548 1029 et
1593 965 1994 1048 disciplinam
2054 965 2430 1028 catholicam
2481 985 2585 1028 eos

270 1062 575 1126 reducere
632 1061 851 1126 conati
911 1065 1083 1126 sunt.
1189 1060 1518 1144 Eugenius
1573 1060 1689 1127 IV.
1747 1083 1894 1126 vero
1958 1083 2214 1125 rursum
2272 1061 2585 1124 Armenos

269 1161 352 1223 ad
408 1158 856 1242 perficiendam
914 1158 1221 1223 unionem
1281 1180 1423 1222 cum
1483 1158 1771 1223 Ecclesia
1826 1157 2141 1223 catholica
2198 1158 2582 1243 provocavit.

266 1256 672 1340 Quapropter
715 1253 1096 1319 Patriarcha
1155 1277 1376 1319 eorum
1432 1257 1684 1338 legatos
1738 1255 1945 1334 misit,
2009 1256 2121 1339 qui
2168 1244 2243 1320 a(
2280 1255 2447 1319 1439
2505 1253 2585 1318 ad

268 1353 630 1418 Concilium
681 1351 1127 1416 Florentinum
1185 1358 1537 1428 venerunt,
1596 1358 1662 1416 et
1709 1353 2064 1416 necessaria
2119 1357 2439 1436 potestate
2485 1353 2586 1416 in-

268 1450 521 1525 structi,
577 1448 988 1513 patriarchae
1037 1454 1102 1512 et
1147 1449 1574 1514 Armenorum
1621 1451 1884 1512 nomine
1927 1450 2233 1513 unionem
2281 1471 2423 1512 cum
2474 1448 2587 1512 Ec-

268 1547 462 1611 clesia
533 1545 981 1629 postulabant,
1054 1544 1588 1628 quemadmodum
1652 1546 1764 1608 illa
1823 1545 1971 1609 olim
2039 1547 2358 1610 existebat
2417 1547 2587 1608 iuter

276 1642 339 1707 S.
389 1641 767 1706 Silvestrum
816 1641 1055 1725 Papam
1102 1647 1169 1704 et
1215 1641 1276 1706 S.
1314 1641 1700 1726 Gregorium
1746 1640 2280 1707 Illuminatorem.
2357 1641 2585 1725 Itaque

267 1741 528 1804 illorum
569 1739 914 1804 intellectis
967 1739 1284 1804 erroribus
1330 1740 1496 1802 circa
1551 1739 1698 1803 fidei
1751 1739 2136 1821 puritatem,
2194 1761 2305 1822 per
2350 1740 2585 1803 multos

268 1837 405 1901 dies
468 1857 685 1900 eorum
745 1836 1105 1900 sententias
1167 1835 1397 1899 discuti
1460 1841 1526 1899 et
1583 1857 1695 1918 per
1754 1836 1922 1899 viros
1982 1857 2196 1900 sacrae
2258 1836 2586 1900 doctrinae

273 1933 688 2016 peritissimos
756 1933 1106 2008 confutari,
1175 1933 1535 2016 aperirique
1602 1954 1785 1996 veras
1853 1937 1919 1996 et
1987 1932 2331 1996 catholicas
2391 1933 2587 2016 jussit

274 2028 607 2093 Pontifex:
661 2029 811 2092 inde
871 2029 1124 2112 publica
1179 2030 1460 2094 sessione
1506 2030 1830 2093 celebrata
1874 2027 1960 2093 X.
2020 2029 2147 2095 kal.
2195 2029 2586 2108 DecembriS,

266 2126 443 2210 quod
486 2126 569 2190 ab
617 2127 706 2189 eis
753 2125 1186 2209 profitendum
1235 2133 1423 2203 esset,
1472 2124 1960 2209 praescripsit.¹)

454 2275 556 2338 57.
606 2273 853 2338 Traditi
898 2278 1054 2339 sunt
1089 2276 1391 2339 Armenis
1439 2274 1694 2339 articuli
1740 2276 2006 2359 aliquot,
2055 2276 2165 2358 qui
2213 2275 2418 2359 magis
2466 2275 2585 2339 visi

2685 2285 2878 2324 ecretum

272 2375 434 2436 sunt
505 2372 846 2435 necessarii
920 2371 999 2434 ad
1076 2394 1292 2437 eorum
1362 2371 1880 2438 instructionem.
2007 2371 2220 2436 Primo
2295 2372 2587 2436 videlieet
2670 2359 2697 2387 ¹¹
2731 2357 2816 2386 ¹⁰⁰¹

267 2467 648 2553 Symbolum
706 2468 1498 2553 Constantinopolitanum
1562 2490 1708 2533 cum
1772 2468 2099 2533 additione
2136 2470 2327 2535 vocis
2383 2466 2586 2533 Filaeo-

267 2583 438 2676 Q&
473 2565 703 2629 deinde
741 2567 1033 2631 definitio
1084 2566 1351 2635 Concilii
1390 2564 1928 2631 Chalcedonensis
1975 2566 2052 2630 de
2100 2567 2348 2650 duabus
2392 2575 2586 2630 natu-

271 2664 359 2727 ris
421 2663 490 2726 in
556 2684 685 2727 una
741 2661 978 2728 Christi
1043 2685 1348 2746 persona3
1415 2663 1614 2727 tertio
1679 2662 1971 2727 definitio
2032 2647 2297 2728 Concilii
2328 2662 2444 2727 VI.
2512 2644 2590 2727 de

267 2759 520 2822 duabus
578 2759 646 2822 in
698 2758 954 2823 Christo
1013 2760 1455 2846 voluntatibus
1512 2763 1577 2823 et
1632 2760 2141 2870 operationibu83
2199 2765 2428 2844 quarto
2484 2760 2589 2825 do·

267 2856 482 2920 ctrina
535 2854 612 2918 de
668 2861 934 2940 septem
959 2855 1391 2937 Sacramentis
1450 2861 1513 2921 et
1560 2856 1637 2920 de
1684 2858 1762 2921 iis
1819 2879 1984 2940 quae
2045 2857 2411 2922 eorumdem
2460 2880 2587 2921 ma-

268 2953 497 3042 terjam
569 2973 642 3016 ac
714 2933 985 3017 formam
1056 2954 1511 3036 respiciebant,
1582 2958 1657 3017 ut
1724 2954 1886 3017 bene
1951 2952 2590 3028 administrarentur;

268 3030 501 3132 quinto
548 3046 925 3144 Symbolum
981 3050 1149 3133 quod
1206 3050 1438 3113 dicitur
1486 3048 1549 3113 S.
1599 3048 1975 3131 Athanasii3
2032 3055 2219 3115 sexto
2264 3051 2588 3116 decretum

273 3146 533 3209 unionis
578 3168 720 3209 cum
770 3144 1057 3227 Graecis3
1109 3147 1383 3228 septimo
1429 3147 1589 3211 certi
1636 3127 1772 3209 dies
1818 3146 2345 3211 celebrandorum
2394 3149 2586 3212 festo-

272 3264 416 3306 rum
490 3243 807 3332 designati
853 3247 1043 3307 sunt.
1167 3242 1265 3305 Ex
1334 3242 1565 3326 quibus
1634 3233 1930 3306 omnibus
1999 3244 2413 3326 compositum
2491 3250 2589 3309 est

268 3339 520 3404 celeble
559 3337 907 3404 Decretum
940 3338 1217 3405 Unionis
1264 3361 1378 3422 pro
1412 3339 1730 3416 ArmeniS,
1783 3339 1954 3423 quod
2001 3340 2227 3422 incipit
2270 3339 2590 3407 Exultate

274 3434 444 3524 DeO,
492 3443 558 3500 et
605 3436 825 3500 datum
873 3458 945 3501 ac
989 3437 1467 3521 promulgatum
1515 3436 1643 3500 fuit
1686 3437 1753 3500 in
1803 3436 2095 3518 praefata
2140 3436 2410 3501 solemni
2455 3460 2584 3501 ses·

266 3533 452 3595 sione
502 3533 602 3596 die
652 3530 765 3595 22⁰
811 3532 1193 3598 Novembris
1240 3556 1295 3597 a.
1348 3534 1534 3598 1439.
1542 3530 1595 3617 ²)

453 3682 556 3745 58.
611 3680 752 3745 Hoc
797 3680 1054 3746 decreto
1101 3681 1401 3745 Armeuis
1449 3681 1601 3745 dato
1650 3680 1886 3744 abusus
1933 3685 2030 3744 est
2074 3680 2281 3745 Janus
2330 3681 2414 3765 (p.
2456 3679 2588 3767 65),

275 3782 349 3841 ut
396 3800 473 3840 ex
523 3800 596 3842 eo
641 3778 1057 3863 impugnaret
1101 3777 1375 3842 Romani
1412 3776 1749 3841 Pontificis
1792 3777 2342 3842 infallibilitatem.
2394 3778 2588 3843 'Con-

268 3873 485 3937 tendit
530 3874 858 3952 videlicet,
915 3877 1101 3959 plura
1156 3876 1226 3939 in
1274 3876 1392 3939 hoc
1448 3875 1525 3938 de
1572 3873 1696 3937 fide
1743 3874 2000 3939 decreto
2046 3876 2366 3940 contineri
2419 3898 2591 3941 erro·

453 4092 491 4157 ¹)
531 4093 616 4145 Ex
653 4092 882 4146 Patricii
923 4092 1106 4161 Comp.
1148 4108 1282 4147 sess.
1322 4091 1623 4157 XXXVII„
1663 4107 1748 4160 ap.
1787 4091 1969 4145 Labbe
2010 4091 2164 4146 XIII.
2210 4094 2358 4146 1197.

454 4170 497 4239 ²)
532 4173 598 4225 V.
637 4172 820 4226 Labbe
857 4171 1014 4225 XIII.
1055 4174 1173 4225 529.
