3281 5014
872 451 1167 531 Conflictus
1208 468 1327 505 cum
1366 450 1621 519 Philippo
1659 452 1718 505 P.
1758 462 2072 507 renovatus,
2561 454 2631 507 45

320 591 699 658 Pontificem
747 592 865 658 sibi
896 592 1269 658 nullatenus
1314 592 1413 657 his
1445 593 1789 676 vindicare,
1833 594 1944 659 sed
1990 596 2440 660 tantummodo
2485 617 2630 659 eum
2676 591 2942 706 Ῑξζξθέοἶζ·

318 693 631 766 statuere,
693 710 908 774 regem
959 691 1028 753 in
1085 689 1219 753 suis
1277 711 1529 773 quoque
1583 690 1946 754 actionibus
2003 692 2465 775 temporalibus
2508 691 2632 774 ipsi

317 786 680 870 subjectum
738 807 876 850 esse
930 784 1186 850 ratione
1239 784 1499 867 peccati.
1588 785 1781 851 Hisce
1821 785 2191 852 Bonifatius
2242 788 2404 852 nihil
2460 786 2631 852 aliud

318 883 780 961 contendebat,
847 883 971 947 nisi
1027 883 1198 966 quod
1244 885 1379 967 jam
1438 881 1859 949 Innocentius
1918 883 2038 950 III.
2095 907 2152 949 a.
2217 885 2387 949 1204
2443 906 2631 969 expo·

323 980 455 1044 suit
499 980 565 1044 in
613 979 933 1045 Decretali
983 977 1182 1043 Novit
1228 980 1307 1043 ad
1352 978 1723 1063 Philippum
1775 984 2166 1065 Augustum,
2211 984 2280 1045 in
2327 1004 2453 1066 qua
2499 1003 2631 1046 non

324 1077 401 1140 de
443 1074 663 1157 feudis
703 1098 769 1140 se
809 1076 1100 1160 judicare
1143 1076 1364 1154 edicit,
1413 1076 1524 1140 sed
1578 1076 1864 1142 Romano
1907 1078 2209 1143 Pontifici
2248 1081 2357 1162 jus
2403 1078 2637 1148 tribuit

319 1173 397 1237 de
455 1192 853 1254 quocumque
910 1171 1175 1236 mortali
1230 1176 1483 1254 peccato
1541 1171 1865 1254 corripere
1916 1172 2258 1255 quemlibet
2306 1171 2635 1239 Christia-

321 1290 514 1346 num,
581 1305 659 1314 --
717 1260 1061 1351 procedere
1115 1267 1449 1333 valeamus
1513 1287 1710 1350 super
1764 1269 2044 1350 quolibet
2105 1269 2438 1336 criminali
2487 1290 2634 1354 pec-

321 1370 480 1431 cat0.
495 1363 546 1450 1)
633 1366 872 1430 Eadem
921 1367 1171 1430 ratione
1217 1365 1634 1430 Innocentius
1680 1366 1793 1432 IV.
1844 1390 1899 1431 a.
1953 1368 2120 1431 1246
2158 1370 2269 1452 jus
2316 1368 2636 1433 Ecclesiae

323 1464 612 1529 vindicat
657 1461 1101 1545 spiritualiter
1145 1461 1222 1526 de
1269 1460 1731 1543 temporalibus
1763 1461 2143 1545 judicare.²)
2217 1466 2435 1549 Atque
2478 1465 2636 1530 haec

321 1560 614 1625 doctrina
661 1560 741 1625 ab
787 1560 1086 1624 omnibus
1114 1558 1433 1643 theologis
1480 1561 1812 1642 proposita
1843 1561 2177 1625 notissima
2209 1570 2367 1627 erat.
2438 1561 2633 1644 Aegi-

324 1657 467 1721 dius
512 1656 847 1739 Columna,
896 1654 1248 1733 RomanuS,
1295 1654 1804 1739 archiepiscopus
1836 1656 2262 1722 Bituricarum
2315 1661 2382 1721 et
2427 1678 2634 1740 quon-

326 1754 472 1818 dam
524 1753 802 1837 Philippi
851 1751 1111 1817 Pulchri
1171 1752 1502 1836 magister,
1563 1751 1683 1816 hac
1737 1751 1817 1816 de
1874 1775 1944 1817 re
2001 1754 2328 1837 perspicue
2385 1753 2635 1818 scribit:

319 1848 457 1928 „Et
502 1850 592 1914 sic
637 1871 748 1914 rex
793 1848 1103 1913 Franciae
1147 1847 1495 1913 secundum
1532 1849 1686 1932 jura
1730 1871 1863 1914 non
1908 1851 2129 1915 subest
2174 1873 2421 1915 summo
2465 1849 2635 1914 Pon·

321 1947 481 2011 tifici
536 1967 656 2011 nec
710 1947 769 2008 ei
827 1949 1089 2009 tenetur
1142 1943 1521 2027 respondere
1576 1945 1654 2009 de
1708 1944 1896 2009 feudo
1956 1968 2097 2022 suo;
2155 1951 2371 2030 potest
2413 1950 2635 2011 tamen

323 2044 382 2107 ei
433 2043 764 2127 subjacere
811 2040 1173 2105 incidenter
1225 2044 1291 2104 et
1336 2041 1680 2105 casualiter
1737 2042 1989 2107 ratione
2044 2043 2462 2108 connexionis
2519 2042 2637 2106 ali-

320 2142 507 2223 cujus
554 2161 781 2204 causae
828 2137 1202 2221 spiritualiS,
1245 2138 1414 2202 sicut
1458 2136 1735 2202 habetur
1783 2137 2005 2205 Extra.
2046 2139 2124 2204 de
2166 2139 2434 2205 Judiciis
2481 2139 2634 2224 Cap.

322 2235 545 2300 Novit.
557 2240 585 2270 “
607 2235 656 2318 ⁸)

506 2380 611 2443 48.
668 2376 884 2441 Verba
947 2382 1162 2440 autem
1228 2395 1394 2458 quae
1457 2373 1780 2439 habentur
1845 2375 1914 2439 in
1983 2378 2418 2459 propositione
2477 2373 2640 2440 Con·

321 2474 545 2542 stituit
603 2473 776 2539 enim
829 2493 947 2538 rios
993 2470 1178 2536 Deus
1232 2475 1350 2535 etc.
1397 2469 1735 2557 desumpta
1785 2479 1943 2539 sunt
1997 2495 2077 2539 ex
2121 2473 2356 2540 Jerem.
2423 2476 2479 2555 1,
2529 2475 2640 2559 103

322 2576 530 2658 iisque
575 2596 688 2656 per
734 2570 1176 2654 metaphoram
1225 2567 1664 2633 Romanorum
1710 2569 2096 2636 Pontificum
2151 2572 2253 2638 vel
2313 2571 2508 2636 etiam
2554 2572 2642 2635 le-

321 2675 622 2755 gatorum
669 2668 961 2734 sublimis
1005 2666 1286 2750 dignitas
1331 2669 1396 2730 et
1436 2666 1645 2731 officia
1691 2667 1890 2731 ardua
1923 2691 2111 2752 saepe
2158 2668 2426 2734 describi
2471 2669 2639 2732 sole·

323 2769 505 2832 bant.
590 2766 654 2830 N
659 2767 985 2830 ullatenus
1033 2785 1183 2827 vero
1230 2761 1451 2826 iisdem
1490 2763 2005 2846 jurisdictionem
2055 2765 2469 2850 temporalem
2515 2765 2641 2830 sibi

322 2864 674 2930 Pontifices
739 2862 1214 2935 attribuebant,
1282 2859 1448 2923 sicut
1507 2881 1624 2924 nec
1688 2860 1862 2927 Deus
1922 2863 2002 2927 iis
2063 2863 2381 2928 Jeremiae
2440 2863 2639 2927 talem

311 2961 829 3047 jurisdictionem
882 2956 1271 3024 conferebat.
1383 2954 1618 3021 Merito
1676 2960 1871 3023 etiam
1924 2958 2221 3043 Philippo
2272 2959 2641 3024 Bonifatius

321 3059 677 3144 significat:
725 3056 832 3120 Ad
879 3059 938 3118 te
984 3051 1397 3118 ecclesiarum
1443 3056 1503 3115 et
1550 3052 1995 3135 beneficiorum
2028 3054 2281 3120 collatio
2324 3075 2457 3120 non
2489 3057 2638 3137 pot-

320 3160 419 3221 est
479 3152 943 3236 quomodolibet
996 3147 1332 3234 pertinere
1393 3167 1506 3212 nec
1554 3151 1875 3232 pertinet,
1942 3153 2052 3217 sed
2117 3152 2378 3237 provide
2436 3152 2639 3216 addit:

324 3251 487 3317 Sine
557 3251 946 3316 auctoritate
1009 3245 1105 3311 vel
1167 3265 1477 3310 consensu
1544 3248 1952 3329 Apostolieae
2008 3248 2229 3328 Sedis;
2289 3272 2361 3314 ac
2414 3254 2641 3333 postea

322 3352 395 3414 in
446 3350 827 3415 consistorio
879 3346 1187 3420 declarat,
1235 3364 1425 3426 saepe
1469 3365 1536 3408 se
1583 3348 1750 3431 regis
1797 3347 2030 3431 legatis
2075 3346 2343 3423 dixisse,
2389 3367 2457 3409 se
2503 3368 2641 3410 esse

322 3451 625 3530 paratum
670 3446 792 3510 hac
836 3446 907 3509 in
952 3464 1023 3507 re
1054 3440 1351 3523 Philippo
1399 3442 1646 3522 gratias
1687 3444 2108 3527 amplissimas
2154 3443 2517 3520 concedere,
2566 3449 2642 3507 ut

322 3545 502 3608 licite
550 3543 752 3626 possit
796 3541 1027 3616 facere,
1076 3536 1248 3622 quod
1297 3557 1573 3623 eousque
1619 3540 1841 3604 illicite
1886 3540 2149 3604 fecerat.

504 3693 610 3756 49.
660 3691 836 3767 Quae
879 3713 1078 3776 quum
1138 3691 1233 3756 ita
1283 3714 1349 3756 se
1395 3691 1714 3772 habeant,
1769 3689 2052 3753 severius
2099 3689 2284 3754 nobis
2337 3688 2639 3753 videntur

326 3789 584 3875 quidam
648 3792 939 3853 auctores
1000 3789 1193 3852 etiam
1253 3787 1330 3852 de
1390 3787 1510 3852 hac
1565 3786 1761 3851 Bulla
1810 3787 2131 3870 judicare,
2196 3807 2393 3869 quum
2452 3786 2638 3869 plura

510 4033 550 4097 ¹)
590 4031 701 4085 Cfr.
741 4030 1013 4098 Phillips,
1050 4031 1339 4085 Kirchenr.
1377 4031 1441 4085 B.
1479 4029 1585 4083 III.
1625 4028 1675 4098 ἓ.
1717 4031 1833 4082 129.
1876 4059 1942 4065 --
1980 4026 2192 4094 Hefele‚
2230 4027 2294 4079 B.
2323 4025 2388 4080 V.
2427 4024 2476 4094 ἓ.
2515 4028 2638 4079 641.

506 4111 550 4174 ²)
588 4111 655 4165 V.
694 4110 906 4174 Hefele,
945 4110 1009 4164 B.
1036 4109 1101 4162 V.
1142 4109 1190 4178 ξ.
1230 4114 1350 4164 969.

505 4191 548 4256 ³)
584 4190 651 4243 V.
688 4190 940 4256 Bianchi‚
978 4190 1139 4243 Della
1174 4192 1396 4257 potesta
1432 4193 1536 4243 etc.
1574 4187 1634 4241 Τ.
1673 4187 1717 4239 Ι.
1756 4202 1807 4253 p.
1847 4189 1932 4240 96.
1970 4203 2021 4240 n.
2062 4202 2109 4239 a.
