3281 5014
1181 415 1263 468 De
1304 413 1517 481 Synodo
1554 413 1894 467 Florentina.
2587 415 2692 473 393

371 577 452 619 ex
521 554 843 619 historicis
912 555 1208 640 Natalis,
1241 556 1645 632 Alexander,
1721 554 1976 632 dicunt,
2055 554 2444 634 Concilium,
2524 556 2690 639 quod

374 651 709 737 Eugenius
766 651 881 716 IV.
943 651 1311 718 Florentiae
1372 652 1628 729 habuit,
1692 656 1839 736 post
1901 650 2289 716 Graecorum
2346 652 2693 717 discessum

372 771 506 813 non
568 749 763 813 fuisse
827 771 946 813 nec
1008 771 1144 815 esse
1206 749 1718 825 oecumenicum,
1785 750 2069 832 adeoque
2129 748 2296 812 idem
2355 770 2491 812 esse
2547 748 2692 833 qui·

371 835 886 926 deffiomine,
962 846 1072 910 sed
1146 868 1279 910 non
1348 846 1736 910 auctoritate
1807 867 1952 909 cum
2021 845 2303 910 Concilio
2367 845 2691 910 anteriori.

373 944 609 1008 Merito
672 951 892 1007 tamen
966 943 1124 1007 haec
1194 943 1411 1027 opinio
1488 964 1525 1005 a
1594 942 1953 1037 plerisque
1997 942 2309 1026 rejicitur,
2385 946 2450 1005 et
2526 941 2690 1005 Con-

371 1042 590 1106 cilium
656 1062 855 1123 usque
924 1040 1002 1103 ad
1072 1039 1575 1114 conclusionem,
1646 1060 1812 1121 quae
1877 1024 2121 1102 Romae
2190 1038 2363 1102 facta
2426 1044 2550 1115 est,
2621 1043 2692 1101 ut

374 1140 849 1204 oecumenicum
894 1136 1187 1201 habetur.
1282 1135 1595 1199 Rationes
1645 1141 2021 1218 praecipuae
2069 1135 2300 1219 quibus
2349 1135 2502 1200 haec
2546 1156 2690 1200 sen·

372 1235 580 1300 tentia
625 1233 910 1311 fulcitur,
957 1238 1113 1297 sunt
1157 1233 1350 1296 istae:
1403 1229 1471 1294 1⁰
1517 1231 1848 1316 Eugenius
1896 1231 2074 1314 Papa
2118 1237 2264 1316 post
2303 1231 2686 1297 Graecorum

373 1332 719 1396 discessum
794 1350 935 1394 cum
1011 1331 1290 1393 maxima
1366 1332 1432 1393 et
1507 1328 1905 1415 nobilissima
1967 1328 2238 1393 Concilii
2307 1335 2487 1412 parte
2563 1351 2688 1394 ses-

370 1429 585 1493 siones
662 1425 949 1510 publicas
1026 1426 1345 1490 celebrare
1432 1414 1753 1508 perrexit,
1840 1423 2194 1489 Concilium
2286 1426 2692 1490 continuavit

373 1530 440 1589 et
487 1546 663 1588 anno
712 1524 878 1588 1445
930 1522 1171 1585 Romae
1228 1521 1523 1605 absolvit.
1629 1520 1859 1585 Graeci
1908 1525 2167 1602 tantum
2225 1527 2473 1611 partem
2521 1522 2692 1587 Con-

372 1622 506 1686 cilii
565 1619 1076 1701 constituebant3
1140 1604 1287 1701 post
1348 1619 1710 1683 confectam
1774 1618 2081 1681 unionem
2145 1619 2405 1700 pacifice
2461 1620 2692 1684 disces-

374 1723 629 1794 serunt,
707 1720 772 1781 et
847 1717 1021 1799 prius
1098 1738 1289 1799 quam
1362 1714 1759 1778 Florentiam
1836 1714 2278 1798 relinquerent
2351 1716 2421 1779 in
2498 1716 2695 1780 confi-

375 1814 663 1878 ciendam
727 1813 1033 1876 unionem
1092 1835 1258 1877 cuni·
1297 1810 1602 1875 Armenis
1667 1818 2152 1875 consenserunt.
2262 1809 2334 1873 2⁰
2391 1810 2469 1875 In
2521 1811 2692 1876 Con-

376 1910 505 1975 cilii
581 1910 737 1973 actis
806 1910 1063 1973 decreta
1132 1930 1248 1993 pro
1319 1908 1658 1988 ArmeniS,
1735 1929 1850 1990 pro
1919 1908 2348 1991 Aethiopibus
2420 1908 2693 1992 aliisque

371 2009 686 2090 leguntur
742 2006 984 2070 tradita
1053 2027 1269 2084 „sacro
1329 2005 1728 2088 approbante
1791 2003 2078 2069 Concilio
2124 2004 2572 2082 Florentino“,
2629 2012 2695 2068 et

382 2104 573 2183 „data
635 2104 704 2166 in
776 2103 1028 2186 publica
1096 2102 1379 2166 sessione
1450 2101 1804 2184 synodali.“
1916 2097 1987 2163 3⁰
2030 2100 2110 2164 In
2178 2101 2359 2166 Actis
2422 2101 2689 2166 Concilii

376 2199 774 2275 Tridentini,
841 2222 1005 2283 quae
1066 2202 1478 2262 asservantur
1524 2197 1770 2262 Romae
1830 2197 1898 2261 in
1959 2219 2101 2261 arce
2150 2198 2213 2264 S.
2264 2198 2528 2282 Angeli,
2591 2221 2690 2262 re·

374 2298 615 2375 fertur,
678 2297 847 2380 quod
908 2296 1008 2359 die
1070 2292 1185 2358 26⁰
1232 2293 1569 2358 Februarii
1628 2316 1803 2358 anno
1855 2295 2052 2371 1547,
2112 2317 2308 2378 quum
2365 2295 2694 2378 episcopus

378 2393 751 2457 Leodiensis
832 2392 902 2457 in
981 2392 1483 2476 congregatione
1563 2391 1854 2474 generali
1938 2391 2386 2456 difficultatem
2463 2392 2692 2455 movis-

2747 1231 2995 1273 oecumeni-

2735 1305 2829 1334 cum
2859 1305 2997 1344 usque

2757 1355 2809 1396 ad
2839 1354 2979 1395 finem.

374 2495 475 2556 set
518 2490 595 2555 de
646 2489 822 2554 bulla
879 2490 1135 2554 unionis
1181 2488 1655 2567 Jacobitaruin,
1718 2486 2090 2553 Florentiae
2145 2490 2213 2553 in
2261 2488 2516 2573 publica
2561 2511 2691 2553 ses·
2737 2573 2740 2576 ,

376 2590 557 2653 sione
615 2587 767 2651 data
822 2585 922 2650 die
977 2583 1049 2649 4⁰
1094 2584 1435 2649 Februarii
1492 2607 1665 2649 anno
1732 2587 1932 2666 1441,
1996 2587 2179 2669 quasi
2234 2595 2308 2649 ea
2364 2608 2495 2650 non
2546 2607 2692 2669 per-

376 2686 621 2750 tineret
676 2682 757 2747 ad
803 2682 1158 2747 Concilium
1218 2681 1702 2757 Florentinum,
1766 2682 1932 2765 quod
1989 2683 2409 2747 terminatum
2466 2683 2694 2746 fuisset

377 2803 555 2846 anno
606 2780 803 2846 1439.
864 2779 1225 2843 Cardinalis
1281 2801 1318 2842 a
1372 2778 1622 2853 Monte,
1683 2778 1948 2843 Concilii
1997 2778 2361 2843 Tridentini
2418 2800 2692 2863 praeseS,

377 2880 632 2949 dixerit,
681 2874 1082 2939 hallucinari
1127 2895 1247 2951 e03,
1308 2873 1421 2954 qui
1461 2878 1707 2956 putant
1749 2875 1942 2950 finem
1994 2872 2269 2940 Concilii
2312 2873 2696 2939 Florentini

374 2973 585 3055 fuisse
631 2971 935 3037 unionem
994 2970 1424 3049 Graecorum,
1483 2990 1685 3051 quiam
1733 2969 1917 3052 lonye
1959 2976 2136 3052 post,
2190 2976 2340 3054 post
2397 2976 2529 3036 tres
2573 2971 2692 3035 sci-

380 3070 526 3135 lieet
566 3070 705 3151 fere
752 3088 961 3132 annos
995 3066 1489 3149 perduraverit,
1551 3087 1752 3147 usque
1797 3066 2089 3132 videlicet
2135 3068 2220 3132 ad
2265 3089 2517 3134 annam
2557 3069 2694 3133 Do-

379 3165 546 3231 mini
609 3165 811 3243 1442,
882 3185 1006 3245 quo
1063 3162 1169 3227 VI.
1236 3162 1388 3226 Kal.
1457 3162 1630 3244 Maji
1701 3162 2015 3227 celebrata
2073 3163 2355 3230 sessione
2413 3164 2696 3229 Romam

380 3262 780 3327 translatum
826 3267 955 3339 est,·
1004 3264 1234 3342 patere
1279 3258 1350 3322 id
1394 3279 1474 3322 ex
1527 3258 1804 3323 diversis
1855 3257 2444 3324 Constitzctionibus
2490 3261 2696 3325 medio

378 3358 491 3423 illo
552 3363 831 3441 tempore
886 3357 1102 3435 editis,
1169 3376 1333 3438 quae
1388 3356 1462 3420 in
1510 3354 1697 3419 Actis
1747 3354 2020 3420 Concilii
2075 3355 2428 3436 habentur,
2485 3362 2544 3420 ei
2590 3357 2695 3421 ad-

379 3460 702 3521 notantur
747 3455 819 3519 in
864 3453 1223 3519 summario
1273 3451 1545 3518 Concilii
1590 3450 2021 3529 Basileensis‚
2074 3473 2200 3534 per
2247 3454 2695 3535 Auyastinum

381 3551 753 3619 Patricium
813 3549 1215 3616 Canonicum
1273 3546 1689 3630 Senensem.¹)
1792 3548 2180 3614 Benedictus
2236 3548 2420 3614 XIV.
2478 3557 2690 3614 autem

379 3652 450 3715 in
496 3650 981 3715 Constitutione
1024 3646 1283 3712 Allatas
1329 3649 1512 3724 sunt,
1572 3645 1724 3709 data
1770 3646 1871 3710 die
1920 3644 2034 3710 26⁰
2079 3646 2237 3711 Julii
2284 3669 2456 3712 anno
2510 3648 2699 3730 1755,

382 3747 599 3811 eadem
646 3748 897 3811 ratione
945 3769 1073 3830 qua
1121 3744 1543 3818 Graecorum,
1603 3744 1798 3806 etiam
1846 3740 2274 3808 Armenorum
2331 3754 2400 3808 et
2444 3744 2694 3809 Jacobi·

381 3850 593 3908 tarum
664 3844 971 3907 unionem
1056 3842 1359 3905 adscribit
1419 3839 1702 3904 Concilio
1767 3839 2177 3904 Florentino:
2254 3838 2342 3905 In
2413 3838 2696 3905 Concilio

380 3936 793 4018 FlorentinO,
849 3941 1097 4023 inquit,
1156 3936 1273 4001 sub
1320 3934 1620 4018 Enyenio
1669 3933 1723 3998 I
1729 3934 1819 4014 V„
1884 3935 1969 3999 ad
2016 3935 2184 4017 quod
2229 3936 2522 4013 Joannes
2566 3936 2696 4001 Pa-

566 4146 606 4213 1)
645 4146 853 4212 Palma,
891 4148 1124 4201 Dissert.
1166 4148 1231 4200 de
1267 4143 1430 4201 Cone.
1468 4145 1613 4200 Flor.
