3281 5014
1353 391 1483 444 Pius
1523 391 1596 444 II.
2529 388 2633 442 411

318 535 403 598 tis
452 555 643 597 sensu
698 534 949 597 sincera
996 534 1414 598 conversione
1469 554 1618 597 vero
1665 533 1968 596 Pontifici
2025 554 2093 597 se
2134 533 2390 614 junxit,
2451 533 2637 616 eique

318 651 499 694 suam
564 627 878 692 nava‘ffit'*
890 650 1176 711 operam
1250 629 1340 692 sic
1400 630 1591 706 etiam
1659 633 1806 720 post
1857 631 2224 713 juventutis
2288 630 2636 695 aberratio·

319 748 434 790 nes
480 726 678 788 vitam
727 725 915 789 duxit
961 724 1301 789 honestam
1353 730 1415 789 et
1465 726 1664 809 piam,
1714 726 1808 789 ita
1855 730 1925 789 ut
1972 732 2301 809 tamquam
2349 727 2638 805 clericus,

319 823 675 905 Episcopus
743 827 809 885 et
875 806 1233 885 Cardinalis
1297 823 1613 886 virtutum
1681 822 1870 887 laude
1938 821 2216 889 floreret.
2328 823 2636 887 Pontifex

191 978 198 984 ,
319 923 574 985 creatus
653 941 722 982 se
792 922 1040 996 totum,
1116 919 1494 983 confirmata
1562 920 1739 1002 prius
1808 918 2127 983 Ecclesiae
2202 919 2483 1002 ditione,
2558 919 2637 983 ad

320 1037 539 1080 curam
617 1014 1001 1098 reipublicae
1069 1013 1456 1079 christianae
1528 1015 1881 1096 convertit,
1962 1014 2329 1099 bellumque
2413 1020 2640 1080 contra

318 1113 561 1177 Turcas
627 1111 906 1174 maximo
974 1133 1118 1175 cum
1184 1112 1436 1176 fervore
1504 1113 1786 1176 excitare
1851 1111 2118 1177 studuit.
2227 1112 2401 1177 Hinc
2465 1135 2638 1177 anno

325 1209 492 1272 1459
523 1208 881 1293 principum
927 1212 1310 1272 conventum
1348 1208 1583 1272 indixit
1628 1207 1985 1292 habuitque
2021 1208 2346 1274 Mantuae.
2427 1208 2638 1275 Multa

319 1304 577 1390 quidem
646 1305 738 1368 ibi
808 1305 885 1368 de
954 1304 1359 1388 expeditione
1430 1302 1724 1370 facienda
1792 1305 2144 1370 constituta
2210 1311 2402 1383 sunt,
2472 1329 2637 1391 quae

323 1402 626 1468 Pontifex
688 1401 756 1466 in
817 1399 1008 1464 Bulla
1068 1396 1428 1488 Ecclesiam
1491 1398 1748 1466 Christi
1806 1402 1958 1466 data
2016 1402 2116 1466 die
2184 1400 2296 1466 15⁰
2340 1403 2639 1469 Januarii

319 1521 495 1563 anno
539 1497 706 1561 1459
756 1497 1127 1581 explicavit:
1175 1497 1285 1561 sed
1330 1499 1695 1583 principum
1741 1499 1973 1563 animis
2012 1499 2081 1562 in
2122 1500 2254 1583 alia
2298 1501 2638 1576 conversis,

323 1596 617 1660 effectum
670 1600 768 1660 est
813 1593 995 1658 nihil.

502 1746 602 1808 14.
674 1742 753 1806 In
818 1743 1036 1807 eodem
1107 1749 1430 1808 conventu
1501 1743 1699 1808 edidit
1768 1742 1922 1807 Pius
1987 1743 2105 1822 IL,
2171 1744 2639 1829 comprobanti-
2696 1769 2950 1824 Appellatio

321 1843 443 1906 bus
503 1840 789 1924 patribus
846 1840 1322 1923 praesentibuS‚
1383 1841 1695 1904 celebrem
1752 1790 2300 1905 Constitutionem
2346 1838 2641 1929 Execra5
2697 1833 2776 1948 pdo
2778 1834 2948 1938 {352¹}ssss-

321 1936 505 2017 bilis,
584 1959 712 2021 qua
786 1935 1112 2029 prohibuit
1173 1937 1681 2021 appellationem
1760 1959 1798 2000 a
1874 1936 2186 2002 Pontifice
2262 1937 2341 2002 ad
2419 1937 2642 2009 Conci-

321 2037 481 2099 lium
534 2035 859 2122 generale.
959 2031 1400 2111 Execrabilis,
1461 2034 1704 2117 inquit,
1768 2036 1830 2097 et
1876 2031 2190 2115 pristinis
2247 2033 2644 2116 temporibus

320 2119 671 2196 inauditus
729 2133 1102 2212 tempestate
1159 2134 1387 2195 nostra
1446 2128 1715 2195 inolevit
1775 2128 2052 2208 abusus,
2112 2133 2188 2194 ut
2246 2150 2287 2194 a
2340 2129 2642 2196 Romano

328 2226 643 2307 Pontifice
701 2226 862 2291 Jesu
926 2225 1183 2291 Christi
1242 2226 1527 2306 Vicari0,
1599 2225 1707 2290 cui
1770 2224 2015 2290 dictum
2077 2230 2170 2290 est
2233 2225 2305 2291 in
2356 2247 2642 2309 persona

330 2322 499 2389 beati
562 2322 782 2389 Petri:
853 2322 1099 2403 „Pasce
1159 2343 1301 2388 oves
1364 2326 1583 2388 meas“
1582 2370 1602 2402 ‚
1662 2327 1722 2386 et
1780 2321 2282 2404 „Quodcumque
2337 2322 2644 2405 ligaveris

326 2440 525 2504 super
571 2425 845 2498 terram,
891 2419 1019 2484 erit
1062 2419 1338 2501 liqatum
1385 2424 1447 2484 et
1489 2419 1565 2484 in
1610 2418 1857 2499 coelis“,
1903 2418 2210 2484 nonnulli
2255 2419 2499 2501 spiritu
2543 2441 2641 2486 re·

330 2518 622 2584 bellionis
691 2517 930 2583 imbuti
996 2538 1128 2583 non
1197 2516 1485 2583 sanioris
1553 2515 1910 2600 cupiditate
1963 2516 2238 2600 judicii,
2322 2517 2644 2583 commissi

323 2616 623 2680 evasione
679 2614 955 2696 peccati,
1022 2614 1108 2678 ad
1163 2615 1472 2696 futurum
1538 2612 1898 2679 Concilium
1954 2634 2310 2697 provocare
2366 2634 2641 2697 praesu-

325 2716 560 2790 mant.
588 2711 757 2793 quod
803 2714 1124 2793 quantum
1167 2710 1375 2776 sacris
1421 2710 1779 2776 canonibus
1824 2710 2233 2790 adversetur,
2294 2716 2642 2793 quantum-

326 2827 448 2890 que
492 2806 885 2891 reipublicae
931 2807 1330 2873 christianae
1364 2806 1640 2873 noxium
1687 2807 1794 2887 sit,
1841 2806 2139 2890 quisquis
2183 2829 2316 2874 non
2364 2808 2645 2891 iynarus

308 2903 580 2987 jurium
631 2903 992 2987 intelliyere
1038 2908 1270 2987 potest.
1375 2905 1629 2970 Natalis
1685 2906 2058 2970 Alexander
2075 2904 2122 2985 1)
2181 2912 2246 2971 et
2301 2905 2578 2971 Bossuet
2591 2904 2642 2984 ²)

324 3008 651 3079 asserunt,
723 3024 760 3065 a
819 3000 1171 3066 Gallicanis
1232 3002 1732 3085 prohibitionem
1792 3004 1971 3068 illam
2040 3007 2295 3067 tantum
2364 3003 2643 3087 intelligi

323 3098 401 3163 de
448 3087 992 3200 appellationibus
1040 3098 1623 3184 irrationabilibus,
1683 3100 1898 3175 vanis,
1956 3099 2095 3163 sine
2144 3101 2387 3164 motivo
2432 3100 2641 3176 factiS‚

323 3216 455 3259 non
520 3217 672 3258 vero
736 3193 813 3258 de
849 3183 1170 3278 omnibus
1236 3195 1776 3277 appellationibus
1845 3193 1985 3260 sine
2049 3197 2445 3279 exceptione.
2550 3195 2643 3261 At

323 3271 721 3375 qhsssntopere
767 3265 922 3355 haec
967 3291 1297 3355 sententia
1341 3313 1381 3355 a
1428 3313 1579 3355 vero
1624 3292 1901 3368 aberret,
1948 3292 2137 3358 facile
2181 3297 2380 3376 patet.
2467 3292 2640 3358 Dum

323 3389 498 3451 enim
539 3385 845 3452 Pontifex
891 3391 1184 3452 recenset
1227 3392 1447 3451 textus
1493 3389 1668 3465 illos,
1724 3389 1956 3471 quibus
2001 3388 2191 3453 beato
2235 3387 2433 3453 Petro
2479 3392 2642 3473 ejus·

323 3505 448 3567 que
514 3484 982 3549 successoribus
1046 3502 1352 3565 suprema
1418 3487 1479 3547 et
1536 3482 1740 3566 plena
1798 3487 2087 3566 potestas
2153 3485 2223 3548 in
2279 3485 2636 3549 universam

323 3578 673 3644 Ecclesiam
741 3579 983 3645 tradita
1051 3585 1181 3654 est,
1260 3580 1556 3645 ultimam
1614 3582 1857 3646 indicat
1920 3582 2270 3658 rationem,
2347 3603 2458 3646 cur
2528 3605 2639 3666 ap-

319 3676 582 3759 pellatio
629 3678 707 3742 ad
756 3676 1111 3742 Concilium
1160 3677 1449 3741 futurum
1505 3677 1940 3760 prohibeatur.
2030 3677 2207 3742 Haec
2252 3699 2401 3743 vero
2449 3679 2637 3754 ratio,

321 3793 543 3838 omnes
606 3773 920 3858 ejusmodi
983 3774 1448 3857 appellationes
1513 3773 1862 3857 prohiberi,
1934 3775 2266 3858 perspicue
2335 3776 2639 3841 ostendit.

500 4041 544 4109 ¹)
581 4043 729 4098 Hist.
768 4043 919 4097 Eccl.
958 4044 1013 4097 in
1053 4059 1194 4099 saec.
1232 4043 1351 4098 XV.
1391 4051 1448 4099 et
1485 4044 1633 4098 XVI.
1672 4045 1818 4098 Diae.
1857 4044 1952 4099 IV.
1992 4050 2098 4098 art.
2137 4044 2242 4100 111.

500 4121 545 4188 ²)
583 4121 804 4177 Defens.
843 4123 1059 4177 Declar.
1100 4122 1249 4178 Cleri
1281 4124 1424 4178 Gall.
1463 4124 1525 4178 L.
1564 4124 1632 4178 X.
1669 4140 1714 4177 c.
1752 4127 1836 4178 28.
