3281 5014
610 437 716 489 282
1102 434 1362 487 ΧΧΧΙΙΙ.
1403 435 1484 487 De
1522 434 1726 501 Magno
1765 433 2079 488 Occidentis
2118 434 2428 489 schismate.

304 589 373 631 An
418 590 569 632 valida
613 578 774 641 rium
824 576 975 640 ΧΠ.
1032 577 1396 659 legitimum
1456 576 1651 639 fuisse
1699 574 2098 642 Pontificem.
2191 575 2278 639 Et
2332 598 2401 640 re
2447 576 2703 660 quidem
2749 596 2930 650 vera

381 655 491 693 ⁸⁰³³
611 672 761 736 dum
803 672 1034 736 Patres
1085 672 1353 738 Concilii
1401 673 1620 736 Pisani
1676 677 1902 736 contra
1932 672 2331 784 Gregorium
2392 677 2458 736 et
2502 672 2919 737 Benedictum

610 774 1086 852 processerunt,
1145 770 1518 833 nullatenus
1564 769 1784 833 solidis
1828 769 1950 853 ipsi
1996 769 2122 833 nisi
2167 777 2326 834 sunt
2369 769 2716 854 principiis.
2808 767 2918 831 Et-

611 866 783 930 enim
841 887 948 929 eos
998 866 1459 950 judicaverunt
1516 871 1828 950 tanquam
1892 867 2178 931 notorios
2231 866 2584 931 haereticos
2639 888 2712 930 ac
2755 864 2922 930 schi-

609 964 939 1043 smaticoS‚
998 964 1368 1028 enormibus
1424 963 1802 1028 criminibus
1855 964 2126 1047 perjurii
2182 967 2247 1027 et
2293 964 2513 1027 violati
2574 963 2707 1027 voti
2765 962 2930 1025 irre-

610 1061 787 1136 titos,
837 1080 911 1122 ac
940 1058 1017 1124 de
1060 1060 1175 1124 illa
1202 1061 1596 1124 notorietate
1636 1060 1915 1123 multum
1960 1059 2337 1143 loquuntur.
2421 1059 2590 1124 Hinc
2622 1057 2918 1142 Synodus

609 1156 893 1221 declarat
911 1204 926 1231 ,
968 1159 1237 1238 propter
1272 1155 1680 1238 praemissas
1722 1153 2135 1236 iniquitates,
2184 1154 2465 1221 crimina
2508 1159 2572 1220 et
2608 1175 2925 1235 excessus,

608 1273 690 1317 ne
733 1256 1006 1333 reynent
1048 1252 1147 1316 vel
1187 1252 1510 1335 imperent
1554 1256 1675 1317 aut
1719 1250 2042 1333 praesint,
2096 1272 2137 1317 a
2183 1252 2325 1316 Deo
2371 1256 2434 1316 et
2478 1252 2686 1316 sacris
2731 1272 2931 1317 cano-

607 1347 804 1414 nibus
844 1348 989 1431 fore
1034 1347 1174 1431 ipso
1216 1350 1393 1431 facto
1440 1348 1718 1431 abjectos
1763 1352 1824 1412 et
1863 1348 2179 1430 privatos,
2227 1368 2304 1413 ac
2349 1348 2546 1413 etiam
2590 1348 2670 1413 ab
2706 1347 2934 1413 Eccle—

608 1444 712 1509 sia
761 1444 1122 1526 praecisos,
1185 1464 1262 1510 ac
1321 1444 1756 1510 nihilominus
1816 1444 1992 1531 ipsos
2050 1495 2064 1509 .
2120 1493 2134 1508 .
2193 1496 2205 1509 .
2256 1446 2514 1528 privat,
2579 1443 2806 1526 abjicit
2862 1448 2925 1507 et

600 1540 1026 1624 praescindit.
1132 1543 1324 1608 Haud
1385 1566 1459 1608 eo
1520 1543 1724 1627 igitur
1769 1541 2123 1608 Concilium
2185 1565 2591 1628 progressum
2652 1547 2779 1621 est,
2848 1549 2922 1604 ut

607 1639 846 1704 directe
899 1640 1018 1703 sibi
1069 1640 1587 1722 jurisdictionem
1650 1640 1720 1704 in
1778 1639 2190 1718 Pontificem,
2255 1640 2355 1703 vel
2413 1640 2481 1704 in
2541 1592 2921 1704 Pontificem

607 1736 871 1800 dubium
918 1759 1045 1820 qua
1100 1737 1297 1801 talem
1344 1737 1727 1813 vindicaret,
1784 1736 1895 1801 sed
1953 1738 2035 1802 ob
2093 1738 2347 1802 notoria
2392 1737 2690 1830 crimina,
2746 1757 2939 1819 prae·

607 1834 791 1917 cipue
834 1832 1195 1897 schismatis
1245 1837 1310 1896 et
1356 1833 1660 1908 haeresis,
1707 1834 1894 1898 binos
1925 1834 2381 1918 competitores
2423 1827 2498 1897 ut
2543 1856 2581 1896 a
2612 1832 2751 1896 Deo
2784 1833 2924 1916 jam

512 1930 928 2058 wignitate
976 1930 1260 2012 privatos
1311 1934 1377 1994 et
1424 1952 1499 1993 ex
1537 1930 1823 1997 Ecclesia
1869 1931 2157 1995 exclusos
2191 1930 2563 2007 declaravit,
2607 1929 2925 2012 simulque

608 2050 675 2091 1n
726 2027 889 2090 tales
936 2027 1205 2091 notoriis
1249 2027 1622 2091 criminibus
1667 2049 1809 2092 reos
1854 2027 2244 2091 sententiam
2290 2026 2476 2091 dixit.
2568 2026 2926 2090 Haereseos

609 2124 948 2207 praecipue
1006 2124 1098 2187 rei
1153 2123 1357 2187 habiti
1419 2130 1601 2204 sunt,
1666 2123 1838 2208 quod
1898 2145 1973 2188 eo
2028 2145 2157 2208 quo
2217 2144 2286 2188 se
2347 2127 2686 2208 gesserant
2738 2122 2940 2187 modo-

610 2221 1130 2303 oppugnaverint
1166 2225 1231 2283 et
1263 2223 1616 2285 everterint
1648 2222 1831 2285 illum
1873 2219 2020 2283 fidei
2053 2220 2424 2285 articulum:
2477 2217 2678 2283 Credo
2720 2238 2943 2283 unam.

610 2318 903 2381 sanctam
949 2313 1330 2379 catholicam
1377 2320 1437 2379 et
1482 2316 1898 2397 apostolicam
1944 2316 2321 2381 Ecclesiam.

791 2451 894 2515 52.
942 2449 1088 2515 Jam
1137 2472 1285 2515 vero
1316 2451 1578 2515 nonnisi
1623 2449 1845 2515 subtili
1894 2442 2166 2535 quadam
2195 2450 2603 2516 cavillatione
2649 2471 2726 2514 ex
2773 2471 2923 2514 con-

525 2570 563 2603 a
611 2547 966 2632 sequentiis
1006 2548 1299 2631 juridicis
1346 2547 1628 2611 haeresis
1673 2552 1830 2611 nota
1874 2548 2003 2612 illis
2051 2548 2591 2612 contendentibus
2637 2547 2716 2611 de
2762 2568 2924 2630 pon-

609 2645 860 2709 tificatu
908 2644 1078 2708 inuri
1124 2648 1398 2729 poterat,
1444 2665 1517 2707 ac
1562 2643 1663 2707 vel
1712 2645 1880 2727 ipsos
1921 2643 2292 2709 Cardinales
2332 2665 2656 2710 censerem
2704 2643 2939 2708 existi--

610 2763 856 2821 masse,
922 2740 1066 2805 illos
1133 2741 1210 2805 de
1272 2741 1444 2804 facto
1505 2739 1861 2805 haereticos
1923 2763 2056 2805 non
2123 2762 2279 2805 esse.
2393 2740 2606 2804 Etiam
2670 2739 2927 2824 reliqua

611 2837 889 2901 maxime
930 2836 1139 2919 quoad
1188 2836 1567 2920 Gregorium
1618 2858 1748 2901 non
1799 2842 1985 2901 erant
2031 2837 2216 2901 valde
2260 2837 2488 2912 solida,
2547 2838 2647 2901 vel
2692 2837 2921 2901 saltem

608 2934 911 3019 gravibus
958 2934 1356 3017 argumentis
1401 2933 1769 3017 impugnari
1812 2937 2133 3017 poterant.
2242 2930 2587 3018 Gregorius
2629 2933 2800 2997 enim
2847 2955 2939 2997 eo0

609 3037 899 3114 tempore
961 3052 1029 3094 se
1086 3029 1467 3094 ostendebat
1528 3029 1607 3092 ad
1664 3030 2019 3094 cessionem
2079 3030 2238 3094 satis
2294 3034 2591 3114 paratum
2648 3035 2712 3094 et
2771 3052 2924 3094 con-

608 3127 937 3202 tendebat,
987 3148 1056 3189 se
1102 3126 1311 3190 media
1356 3131 1724 3208 opportuna
1768 3126 2148 3203 adhibuisse,
2197 3125 2657 3210 impedimenta
2704 3131 2924 3191 autem

609 3224 888 3288 adfuisse
947 3240 1038 3286 ex·
1080 3229 1259 3306 parte
1309 3220 1661 3287 Benedicti.
1753 3222 1933 3299 Quod
1991 3224 2124 3287 fere
2177 3243 2529 3306 agnoscere
2584 3223 2939 3288 videbatur·

611 3320 981 3385 Alexander
1009 3318 1120 3396 V„
1179 3341 1377 3403 quum
1425 3320 1495 3383 in
1554 3320 1789 3384 litteris
1834 3320 1966 3384 suis
2013 3320 2347 3402 encyclicis
2395 3328 2741 3396 assereret,
2794 3319 2921 3383 Be·

607 3418 935 3482 nedictum
997 3416 1072 3479 de
1133 3414 1321 3479 Luna
1365 3415 1607 3487 ,adduci
1669 3438 1999 3500 nunquam
2064 3417 2377 3500 potuisse,
2445 3423 2521 3481 ut
2573 3418 2642 3480 in
2709 3417 2920 3481 locum

607 3514 1011 3585 conveniret,
1072 3513 1198 3576 nisi
1243 3513 1312 3576 in
1358 3534 1486 3596 quo
1534 3513 1777 3578 viribus
1822 3514 2161 3578 maritimis
2215 3511 2648 3597 praestaret.¹)
2740 3515 2932 3591 Quod

607 3632 759 3676 vero
824 3610 901 3673 ad
956 3610 1339 3673 creationem
1399 3632 1706 3675 novorum
1766 3609 2201 3675 Cardinalium
2265 3610 2617 3687 attinebat,
2682 3610 2939 3693 Grego·-

608 3710 740 3773 rius
800 3710 1055 3790 poterat
1116 3707 1435 3790 excipere,
1495 3706 1573 3772 ad
1621 3709 1830 3790 ipsum
1878 3712 1953 3770 ut
1999 3729 2315 3771 summum
2362 3706 2742 3772 Pontificem
2787 3731 2925 3791 per·

607 3806 850 3880 tinere,
911 3802 1006 3866 uti
1056 3804 1213 3868 alios
1269 3826 1307 3868 a
1351 3805 1661 3888 praestito
1709 3806 2079 3887 juramento
2134 3803 2529 3888 dispensare,
2586 3805 2682 3869 ita
2728 3805 2928 3872 etiam

609 3922 724 3985 pro
786 3921 855 3964 se
917 3921 1216 3982 supremo
1265 3901 1506 3983 judicio
1569 3905 1884 3980 statuere,
1945 3922 2164 3965 annon
2223 3903 2291 3965 in
2349 3903 2538 3966 certis
2598 3902 2938 3986 adjunctis-

488 3993 496 4003 ’
593 3997 921 4089 ‘obligatio
968 4003 1190 4062 cesset.

790 4170 830 4236 1)
873 4168 980 4222 Cfr.
1017 4170 1282 4237 Raynald.
1323 4188 1369 4224 a.
1413 4173 1562 4224 1409.
1602 4187 1655 4222 n.
1695 4172 1779 4222 81.
