3281 5014
610 464 720 516 270
1114 463 1375 517 XXXIII.
1412 463 1495 518 De
1531 478 1732 531 magno
1772 463 2085 517 Occidentis
2126 464 2435 519 schismate.

793 605 896 668 35.
972 602 1133 668 Cum
1203 627 1424 670 omnes
1490 605 1579 688 pii
1646 606 1842 669 etiam
1909 606 1975 669 in
2043 605 2256 670 Gallia
2324 607 2629 672 unionem
2695 607 2932 672 deside·

615 705 863 780 rarent,
935 722 1045 764 rex
1094 700 1343 766 Galliae
1408 703 1731 785 praesules
1796 705 1861 766 et
1923 702 2211 766 doctores
2274 701 2555 768 Parisios
2623 725 2926 769 convoca·

612 799 730 877 vit,
777 801 854 861 ut
897 796 1246 881 diligenter
1290 800 1697 883 inquirerent
1741 803 1806 863 et
1843 798 2295 875 deliberarent,
2341 821 2506 882 quae
2553 806 2722 865 esset
2768 822 2932 864 com-

612 895 860 959 modior
889 898 986 972 =et
1041 894 1361 959 efficacior
1413 895 1516 960 via
1569 894 2005 959 restituendae
2065 895 2343 962 unionis.
2442 896 2550 961 Illi
2605 901 2751 980 post
2795 919 2931 960 ma-

609 996 828 1055 turam
887 991 1131 1075 negotii
1185 991 1637 1057 discussionem
1693 992 1795 1056 die
1854 989 1925 1054 2⁰
1970 990 2304 1056 Februarii
2376 1014 2433 1056 a.
2486 993 2653 1056 1395
2706 1014 2930 1077 propo-

609 1092 887 1154 suerunt
929 1088 1288 1172 utriusque,
1335 1088 1649 1154 Bonifatii
1683 1088 1801 1154 IX.
1835 1094 1901 1153 et
1933 1087 2268 1153 Benedicti
2294 1087 2504 1164 XIH.‚
2553 1091 2928 1182 cessionem.

614 1184 839 1268 Aliqui
886 1188 1105 1249 tamen
1166 1185 1653 1269 existimarunt,
1712 1208 1912 1270 quum
1956 1183 2348 1268 Benedictus
2407 1186 2810 1264 asseruisset,
2865 1209 2932 1251 se

614 1302 854 1345 novum
899 1279 1203 1344 medium‘
1237 1281 1639 1365 aptissimum
1699 1282 2056 1358 invenisse,
2115 1282 2290 1365 prius
2334 1283 2542 1365 ipsum
2589 1282 2931 1348 consulen-

612 1378 767 1441 dum
814 1398 949 1442 esse
995 1377 1072 1442 de
1116 1377 1243 1442 isto
1289 1378 1528 1459 medi03
1574 1379 1686 1443 sed
1738 1400 1954 1444 eorum
1992 1378 2318 1443 sententia
2360 1378 2533 1442 haud
2579 1378 2706 1443 fuit
2752 1400 2929 1443 acce-

614 1462 816 1558 ptata.
922 1471 1448 1557 Splendidissima
1502 1476 1707 1559 igitur
1760 1476 2003 1559 legatio
2058 1474 2454 1540 Avenionem
2520 1474 2600 1539 ad
2659 1474 2932 1540 Pontifi-

616 1592 753 1635 cem
798 1571 990 1635 missa
1035 1575 1158 1647 est,
1220 1592 1386 1657 quae
1437 1572 1557 1655 ipsi
1603 1572 2001 1637 sententiam
2060 1572 2427 1655 praesulum
2490 1575 2558 1635 et
2601 1570 2934 1636 Universi-

277 1670 518 1711 Trwtatur
546 1669 599 1711 <10
616 1666 772 1732 tatis
815 1667 1166 1751 proposuit.
1269 1666 1397 1732 Sed
1441 1668 1831 1733 Benedictus
1887 1669 2108 1748 multis
2139 1690 2315 1750 Ausus
2371 1670 2471 1750 est
2535 1667 2933 1759 ambigui-1228,
2977 1712 2981 1715 -

360 1732 530 1773 unione.

486 1806 533 1863 Ἀ

2455 1737 2588 1748 *mm-au*
2595 1737 2714 1752 ’Q

619 1785 887 1852 eamque
942 1786 1021 1827 ex
1079 1786 1196 1828 sua
1251 1770 1432 1849 parte
1490 1767 1660 1830 viam
1720 1765 2082 1849 proposuit,
2142 1770 2217 1828 ut
2275 1763 2411 1828 bini
2469 1764 2934 1829 contendentes

617 1861 695 1925 de
741 1860 1136 1925 Pontificatu
1192 1862 1607 1946 congressum
1652 1864 2056 1945 personalem
2112 1861 2288 1925 inter
2337 1881 2405 1925 se
2462 1860 2777 1925 haberent
2833 1865 2933 1925 at-

617 1979 740 2043 que
788 1957 1092 2022 unionem
1150 1961 1517 2037 tentarent,
1574 1962 1650 2022 ut
1696 1980 1847 2022 vero
1906 1959 1960 2022 si
2018 1979 2120 2021 res
2181 1978 2313 2021 non
2372 1957 2772 2034 succederet,
2830 1978 2932 2021 ar-

617 2053 930 2118 bitrorum
978 2059 1188 2118 certus
1235 2076 1539 2119 numerus
1586 2054 1931 2139 eligeretur
1976 2055 2058 2119 ab
2115 2062 2389 2138 utroque
2443 2053 2932 2137 praetendente,

618 2150 715 2214 ita
771 2156 848 2214 ut
901 2171 977 2213 ex
1041 2150 1180 2215 istis
1238 2151 1524 2216 tribunal
1580 2152 1989 2216 formaretur.
2096 2150 2279 2227 Quod
2335 2170 2483 2213 vero
2539 2149 2619 2213 ab
2677 2149 2775 2214 his
2830 2151 2934 2213 vel

615 2247 1016 2311 unanimiter
1056 2248 1157 2311 vel
1203 2247 1470 2311 duarum
1516 2248 1800 2331 partium
1849 2248 2221 2331 majoritate
2266 2247 2728 2323 constituatur,
2774 2246 2936 2310 illud

608 2342 1013 2427 sequendum
1074 2365 1228 2409 esse.
1345 2342 1562 2409 Facile
1622 2349 1835 2428 patet,
1898 2343 2207 2429 eJusmodi
2253 2344 2437 2410 ,viam
2493 2343 2934 2408 difficillimam

610 2438 834 2504 fuisse.
925 2440 1133 2518 Quum
1180 2462 1331 2504 vero
1375 2447 1664 2505 oratores
1710 2441 1909 2526 regiS,
1955 2440 2316 2525 praesulum
2364 2445 2431 2504 et
2477 2438 2935 2504 Universitatis

610 2537 787 2600 viam
844 2537 1150 2602 cessionis
1206 2544 1542 2623 urgerent,
1609 2537 1776 2602 nihil
1829 2543 2087 2622 praeter
2138 2537 2333 2602 verba
2388 2536 2546 2600 dura
2602 2538 2933 2621 minasque

611 2631 1011 2698 ⁴Benedictus
1056 2632 1349 2698 reddidit.

799 2784 902 2848 36.
966 2782 1333 2847 Bonifatius
1381 2780 1532 2860 IX.,
1594 2783 1697 2846 cui
1759 2783 1978 2847 eadem
2041 2783 2300 2847 unionis
2353 2784 2457 2847 via
2517 2784 2643 2847 fuit
2701 2804 2934 2867 propo-

608 2881 770 2958 sita,
835 2880 1193 2964 respondit,
1260 2902 1327 2944 se
1392 2880 1670 2943 maxime
1730 2879 1899 2944 cordi
1967 2879 2199 2944 habere
2266 2879 2626 2946 schismatis
2687 2881 2934 2944 exstin-

607 2978 929 3052 ctionem,
989 2979 1102 3043 sed
1147 2999 1343 3062 quum
1391 2977 1675 3058 legitime
1735 2981 1988 3042 creatus
2036 2987 2235 3056 esset,
2288 2999 2357 3042 se
2402 2978 2574 3042 viam
2626 2977 2932 3043 cessionis

618 3096 749 3139 non
815 3096 998 3157 posse
1061 3074 1430 3157 admittere;
1501 3077 1794 3137 attamen
1857 3080 2002 3156 post
2053 3073 2232 3139 Petri
2298 3074 2374 3138 de
2434 3073 2623 3138 Luna
2686 3073 2933 3138 abdica·

619 3173 860 3236 tionem
923 3192 990 3235 se
1049 3171 1183 3255 regi
1246 3170 1492 3234 Galliae
1551 3169 1825 3254 aliisque
1886 3171 2327 3236 restituendae
2393 3172 2617 3236 unioni
2678 3169 2937 3234 adlabo-

619 3268 915 3332 rantibus
984 3267 1468 3332 satisfacturum
1536 3264 1762 3352 essest&
1888 3267 2006 3331 His
2074 3267 2151 3332 de
2225 3268 2549 3351 responsis
2615 3265 2932 3331 Bonifatii

621 3387 811 3429 nemo
855 3364 1151 3444 miretur,
1207 3364 1319 3446 qui
1366 3362 1756 3442 consideret,
1814 3365 2062 3428 firmam
2108 3364 2229 3447 ipsi
2274 3365 2357 3429 ob
2402 3368 2783 3447 argumenta
2826 3384 2931 3427 so-

796 3565 839 3632 ²)
876 3564 1110 3618 Videtur
1146 3561 1457 3616 Bonifatius
1506 3562 1603 3615 illo
1642 3568 1884 3630 tempore
1921 3569 2174 3630 paratum
2220 3579 2279 3617 se
2321 3561 2636 3617 exhibuisse
2684 3563 2753 3616 ad
2791 3561 2932 3616 Con-

609 3646 804 3701 cilium
859 3642 1116 3712 generale
1171 3642 1592 3695 convocandum.
1686 3642 1751 3695 Id
1808 3642 2001 3710 conjici
2057 3649 2244 3709 potest
2299 3658 2366 3696 ex
2418 3641 2654 3709 epistola
2707 3641 2933 3695 Henrici

619 3725 770 3794 regis
810 3722 1085 3777 Castellae
1130 3721 1198 3773 ad
1235 3720 1531 3773 Martinum
1568 3720 1911 3789 Arragoniae
1953 3736 2166 3788 regem,
2211 3720 2270 3773 in
2315 3737 2420 3787 qua
2469 3721 2756 3775 ostendere
2802 3719 2933 3773 niti-

619 3811 732 3869 tur,
771 3800 1214 3868 compromissum
1239 3815 1272 3852 a
1295 3798 1595 3853 Benedicto
1633 3799 1970 3866 propositum
1998 3800 2068 3852 ad
2093 3800 2255 3854 finem
2284 3804 2601 3867 exoptatum
2637 3798 2782 3852 haud
2809 3814 2933 3851 con-

622 3885 839 3937 ducere.
922 3881 998 3933 Et
1044 3879 1238 3934 scribit
1283 3877 1431 3932 inter
1484 3877 1618 3931 alia:
1680 3878 1816 3945 „Pro
1870 3890 2027 3945 parte
2082 3877 2286 3932 intrusi
2332 3877 2649 3945 (Bonifatii)
2698 3877 2931 3943 dicetur,

616 3962 766 4030 quod
801 3960 894 4014 via
943 3957 1314 4026 compromissi
1360 3972 1468 4010 non
1516 3962 1604 4011 est
1648 3957 1740 4010 via
1781 3958 1925 4025 juris
1972 3961 2028 4011 et
2064 3957 2351 4026 justitiae,
2403 3997 2417 4010 .
2456 3997 2469 4010 .
2510 3997 2523 4010 .
2570 3964 2629 4011 et
2674 3957 2817 4023 quod
2860 3958 2931 4010 ad

614 4041 787 4095 istam
823 4038 971 4093 viam
1008 4053 1167 4092 nemo
1202 4036 1551 4104 compellitur
1587 4052 1687 4091 nec
1727 4036 1977 4104 compelli
2015 4036 2199 4102 debet,
2237 4043 2525 4104 postquam
2563 4052 2622 4091 se
2665 4035 2825 4089 offert
2862 4036 2933 4089 ad

620 4120 767 4174 viam
804 4117 1031 4172 Concilii
1075 4115 1376 4185 generaliS,
1427 4130 1563 4181 quae
1610 4123 1697 4169 est
1733 4115 1825 4168 via
1867 4114 2010 4183 juris
2049 4120 2107 4169 et
2142 4114 2427 4184 justitiae,
2474 4120 2531 4169 et
2577 4114 2756 4183 ipsum
2792 4113 2932 4168 Con·

614 4199 803 4252 cilium
841 4197 1099 4266 generale
1131 4195 1249 4263 ipse
1286 4195 1422 4249 fecit
1459 4192 1836 4263 congregari.“
1911 4194 1977 4248 V.
2013 4193 2284 4262 Raynald.
2323 4210 2372 4248 a.
2413 4195 2566 4252 1397.
2603 4210 2655 4247 n.
2695 4195 2776 4246 11.
