3281 5014
358 1513 549 1553 Porcarii
572 1524 670 1553 con-

419 1574 602 1626 juratio.

659 535 792 586 Κ404
1082 533 1335 586 XXXVI.
1373 533 1456 587 De
1494 538 1646 590 statu
1683 535 1968 590 Ecclesiae
2005 542 2271 604 vergente
2309 550 2448 590 saec.
2485 536 2603 590 XV.

688 679 1102 758 terarumque
1163 675 1475 738 bonarum
1534 674 1773 738 artium
1832 675 2073 752 studia,
2112 694 2325 761 'quam
2389 691 2507 743 s‘uo
2558 683 2847 761 tempore
2890 677 3010 742 fio-

691 772 1003 836 ruerint.“
1055 806 1139 818 —-
1184 769 1578 834 Floruerunt
1623 772 1824 854 igitur
1867 771 1992 836 isto
2039 776 2327 856 tempore
2374 776 2505 856 jam
2552 774 2829 838 maxime
2874 777 3011 838 stu-

689 868 795 932 dia
841 868 1242 932 humaniora:
1290 865 1596 931 Nicolaus
1642 886 1797 931 'vero
1842 868 2087 951 insigni
2135 869 2320 933 modo
2367 891 2443 933 ea
2480 871 2766 953 protexit
2813 874 3010 954 atque

690 966 785 1028 ita
833 960 1050 1029 eadem
1098 965 1371 1047 dirigere
1432 964 1713 1039 studuit,
1774 970 1850 1028 ut
1905 987 2041 1029 non
2088 965 2590 1049 degenerarent,
2648 966 2777 1030 sed·
2804 967 3011 1049 pietas

692 1062 781 1124 eis
821 1062 1051 1146 juncta
1100 1066 1269 1125 esset
1312 1080 1692 1144 morumque
1738 1063 2187 1145 temperantia.
2258 1053 2557 1128 Pericula
2602 1065 2774 1128 enim
2823 1070 3012 1127 erant

691 1179 825 1222 non
874 1159 1127 1237 exigua,
1173 1180 1258 1221 ne
1305 1158 1716 1222 humanistae
1763 1159 2201 1242 antiquiorum
2245 1161 2654 1243 opinionibus
2703 1168 2766 1224 et
2810 1153 3010 1223 venu-

690 1258 859 1318 state
922 1276 1177 1338 operum
1237 1255 1521 1345 illorumv
1559 1255 1845 1337 abrepti,
1920 1255 2255 1339 opiniones
2319 1256 2615 1321 foverent
2675 1264 2740 1321 et
2808 1277 3009 1320 mores

658 1372 731 1413 a
776 1352 1018 1434 pietat-e
1066 1351 1247 1415 valde
1294 1351 1556 1415 alienos.
1650 1349 1723 1414 Id
1771 1357 1992 1435 postea
2038 1371 2259 1445 revera
2309 1354 2544 1417 evenit.

870 1502 927 1569 6.
1003 1499 1338 1564 Nicolaum
1389 1498 1465 1563 V.
1488 1550 1502 1577 ,
1572 1521 1763 1587 quem
1810 1500 2121 1587 pietate
2142 1486 2460 1593 insignem
2534 1484 2741 1566 fuisse
2790 1486 3006 1583 coaevi

693 1620 911 1662 omnes
978 1591 1304 1672 referunt,
1379 1594 1746 1673 Potterus1)
1823 1602 1889 1659 et
1951 1596 2343 1680 S1smond12)
2410 1594 2768 1671 lacessunt,
2838 1600 3006 1683 quod

690 1696 1032 1758 severitate
1076 1693 1430 1758 inhumana
1487 1675 2031 1763 animadverterit
2073 1696 2142 1758 in
2190 1690 3005 1805 SteQanium

692 1792 974 1855 nobilem
1049 1791 1387 1881 quemdam
1450 1790 1816 1856 Romanum
1889 1797 1953 1854 et
2021 1792 2224 1877 socios
2295 1792 2434 1877 ejus
2504 1813 2671 1855 nova
2744 1792 3005 1856 molien-

693 1895 826 1965 teS,
904 1888 1199 1971 quodque
1276 1888 1417 1951 sine
1495 1888 1754 1970 praevia
1822 1870 2242 1969 inquisitione
2309 1896 2515 1967 morte
2584 1889 2794 1960 affecti
2867 1889 3004 1954 fue-

692 1986 846 2049 rint.
961 1983 1085 2047 Sed
1161 2006 1294 2047 non
1370 1984 1708 2071 fundatam
1777 2005 1850 2047 ac
1927 1985 2117 2067 plane
2194 1986 2570 2069 malevolam
2639 2008 2773 2051 esse
2839 1985 3005 2049 hanc

692 2080 1191 2154 accusationem,
1270 2081 1503 2164 liquet,
1578 2082 1633 2144 si
1708 2102 1873 2164 quae
1948 2080 2025 2157 de
2092 2083 2219 2145 ista
2283 2105 2352 2146 re
2424 2066 2715 2159 auctores
2777 2082 3004 2149 coaevi

690 2199 919 2262 graves
966 2178 1391 2260 scripserunt,
1446 2177 1956 2242 considerantur.
2051 2160 2254 2242 Nobis
2307 2179 2589 2243 sufficiat
2635 2200 2710 2242 ea
2767 2178 3005 2242 referre

692 2296 855 2358 quae
915 2274 1111 2338 habet
1175 2276 1429 2341 Aeneas
1492 2272 1795 2361 Sylvius,
1854 2275 2068 2357 paucis
2131 2296 2264 2338 rem
2340 2297 2677 2339 enarrans:
2752 2273 3003 2367 „Hujus

691 2377 910 2463 tamen
985 2375 1118 2435 tam
1193 2370 1618 2462 admirabiliS‚
1698 2381 1833 2447 tam
1905 2371 2359 2454 expendendae
2430 2372 2762 2437 Pontificis
2834 2372 3002 2435 vitae

692 2460 826 2533 non
901 2467 1250 2532 defuerunt
1323 2466 1750 2533 insidiatores.
1876 2465 2247 2552 Stephanus
2324 2469 2498 2565 enim
2565 2469 2892 2533 Romanus
2968 2489 3000 2531 e

691 2566 938 2630 familia
987 2564 1240 2652 Porgflgi
1223 2587 1311 2658 ia,
1357 2564 1537 2628 tenui
1585 2587 1780 2629 censu
1829 2585 2051 2647 equeS,
2114 2587 2213 2629 res
2260 2587 2457 2630 novas
2503 2587 2692 2649 saepe
2737 2566 2805 2628 in
2851 2566 3006 2632 urbe

691 2664 952 2727 molitus
1020 2683 1094 2725 ac
1154 2653 1491 2748 propterea
1559 2660 1892 2725 Bononiae
1961 2661 2319 2745 relegatus,
2390 2665 2553 2727 clam
2619 2663 2769 2732 inde
2838 2683 3008 2726 rece·

692 2760 850 2822 dens
920 2760 1173 2842 magnis
1248 2743 1588 2821 itineribus
1661 2757 1929 2822 Romam
1995 2755 2217 2848 rediit,
2295 2760 2836 2842 convocatisque
2861 2780 3007 2828 mox

691 2857 939 2932 amiciS,
1012 2867 1297 2938 mentem
1363 2876 1566 2932 suam
1612 2845 1947 2938 exposuit,
2011 2858 2201 2936 turpe
2265 2877 2401 2919 esse
2465 2855 2799 2932 dictitanS,
2866 2877 3006 2919 eam

694 2954 913 3017 urbem
976 2973 1141 3035 quae
1198 2957 1406 3015 totum
1468 2952 1588 3020 sibi
1650 2951 1995 3035 subjecerit
2057 2951 2305 3024 orbem,
2371 2975 2540 3018 nunc
2607 2951 3006 3016 sacerdotum

668 3041 957 3134 ‚imperio
1024 3040 1388 3132 subjacere,
1462 3070 1620 3131 quos
1692 3049 1928 3112 rectius
1997 3037 2269 3111 feminas
2344 3070 2535 3132 quam
2605 3049 2772 3144 viros
2834 3048 3008 3132 quis-

647 3168 818 3230 ›que
888 3145 1324 3229 appellaverit.
1438 3143 1706 3209 Venisse
1781 3167 1847 3208 se
1926 3137 2219 3251 paratum
2290 3147 2537 3227 patriae
2596 3147 2826 3230 jugum
2895 3166 3008 3210 ex-

692 3251 935 3319 cutere,
993 3264 1127 3305 rem
1185 3242 1358 3307 factu
1418 3235 1704 3317 facilem,
1768 3241 1820 3305 si
1883 3240 2004 3304 viri
2065 3239 2330 3305 fuerint.
2439 3240 2774 3306 Nicolaum
2838 3240 3008 3330 Pon-

692 3341 927 3428 tificem
990 3338 1220 3402 celebri
1285 3331 1793 3422 Epiphaniarum
1858 3340 1959 3410 die
2020 3339 2088 3401 in
2144 3337 2297 3402 aede
2350 3338 2520 3403 beati
2590 3337 2773 3402 Pauli
2830 3358 3008 3401 sacra

693 3437 1046 3510 facturum,
1125 3435 1293 3498 haud
1356 3456 1595 3518 magno
1669 3437 1928 3519 negotio
1997 3434 2467 3517 comprehendi
2525 3457 2744 3519 posse,
2816 3456 3010 3518 popu·

692 3533 824 3595 lum
888 3533 1204 3597 libertatis
1268 3553 1483 3595 amore
1544 3554 1740 3615 quam
1798 3531 2181 3615 proclamari
2245 3523 2545 3607 audierit,
2614 3553 2762 3604 mox
2823 3551 3007 3614 opem

675 3629 1076 3700 ,audentibus
1126 3629 1448 3692 daturum.
1529 3628 1630 3690 Ad
1673 3628 2105 3714 colligandum
2155 3633 2371 3691 autem
2421 3627 3008 3716 Praesulemvcate·

693 3748 840 3789 nam
888 3748 1146 3789 auream
1194 3746 1405 3788 secum
1456 3725 1710 3799 attulit,
1768 3747 1806 3788 a
1854 3746 1921 3788 se
1962 3726 2096 3808 jam
2144 3717 2389 3808 pridem
2435 3723 2781 3807 paratam,
2813 3745 3005 3807 quam

692 3823 1102 3907 congregatis
1174 3820 1478 3885 ostendit.
1584 3817 1809 3905 Neque
1874 3822 2046 3890 enim
2117 3843 2265 3884 mox
2336 3819 2748 3885 occidendum
2812 3818 3007 3892 Prae-

691 3921 891 3986 sulem
953 3909 1029 3982 ex
1093 3940 1210 3982 usu
1268 3938 1402 3981 esse
1459 3916 1741 3994 dicebat,
1804 3918 1912 3981 sed
1972 3916 2479 3993 observandum,
2537 3917 2737 3981 donec
2794 3937 3005 3985 ,arcem

842 4181 913 4257 ⁴¹)
953 4190 1103 4242 Tom.
1144 4188 1239 4241 IV.
1278 4204 1328 4255 p.
1367 4187 1411 4240 Ι.
1451 4205 1502 4256 p.
1547 4190 1666 4241 158.

870 4267 913 4334 ²)
953 4266 1160 4321 Histor.
1200 4268 1328 4321 Ital.
1367 4267 1566 4321 Rerum
1603 4266 1944 4335 publicarum
1983 4265 2163 4322 medii¹
2188 4265 2329 4330 aevi,
2367 4264 2510 4318 t.-X.
2551 4279 2596 4317 c.
2635 4265 2718 4316 75.
