3281 5014
309 596 588 649 Frequentia.

647 441 752 492 220
1067 439 1299 493 XXXII.
1338 439 1422 495 De
1459 438 1825 495 Pontificibus
1862 440 2147 496 Avenione
2185 442 2546 497 commoratiS.

644 581 1156 646 commendarum
1217 581 1523 646 laicarum
1589 588 1656 646 et
1703 582 2074 647 militarium
2129 584 2358 661 abusu,
2428 589 2494 648 et
2554 583 2740 648 bonis
2803 606 2971 668 quae

644 677 791 743 laici
838 681 1307 762 occupaverant
1353 678 1431 742 ad
1478 680 1774 744 ecclesias
1822 685 1887 744 et
1932 679 2223 744 abbatias
2269 681 2620 762 translatis,
2663 680 2961 764 frequen·

646 773 775 838 tior
820 796 1011 858 quam
1059 773 1212 838 olim
1258 774 1385 838 fuit
1431 775 1950 841 commendaram
2000 777 2565 842 ecclesiasticarum
2612 798 2782 842 usus.
2859 776 2964 840 Ad

645 869 767 934 hoc
825 870 1040 934 variae
1100 892 1331 935 causae
1391 872 1830 937 contulerunt.
1944 872 2009 937 1⁰
2070 872 2230 937 Cum
2292 880 2497 938 terras
2551 894 2707 957 quas
2762 875 2960 939 cruci-

646 968 783 1051 geri
842 969 911 1031 in
974 966 1241 1032 Oriente
1298 974 1765 1052 occupaverant
1822 991 2046 1034 rursus
2109 978 2596 1055 expugnassent
2642 970 2968 1058 'infideles2

646 1065 834 1148 ejecti
890 1064 1041 1129 inde
1099 1065 1371 1147 episcopi
1430 1086 1504 1129 ac
1556 1066 1918 1130 sacerdotes
1976 1066 2043 1131 in
2104 1064 2430 1150 Europam
2491 1067 2728 1130 reversi
2785 1073 2963 1143 sunt,

645 1164 711 1225 et
778 1165 919 1226 tum
986 1163 1053 1226 in
1120 1160 1335 1225 Italia
1378 1167 1517 1226 tum
1580 1162 1736 1226 alibi
1799 1165 1933 1227 sive
2002 1163 2402 1246 episcopatus
2469 1164 2602 1227 sive
2665 1162 2958 1228 abbatias

642 1257 774 1321 sive
840 1258 965 1322 alia
1023 1258 1335 1324 beneficia
1398 1260 1465 1322 in
1531 1259 1937 1324 commendas
2003 1264 2417 1343 acceperunt,
2481 1264 2556 1323 ut
2616 1260 2758 1325 istis
2819 1260 2962 1325 red-

640 1353 878 1419 ditibus
942 1355 1142 1420 vitam
1206 1355 1534 1420 ducerent.
1637 1355 1711 1418 2⁰
1765 1354 1868 1419 Ne
1929 1356 2100 1419 bona
2160 1355 2583 1419 ecclesiastica
2640 1378 2862 1421 rursus
2917 1380 2958 1421 a

639 1450 817 1515 laicis
874 1458 1339 1535 occuparentur
1388 1473 1461 1516 ac
1513 1452 1975 1536 diriperentur,
2036 1451 2196 1516 utile
2257 1452 2466 1515 visum
2528 1457 2655 1535 est,
2709 1453 2824 1516 illa
2850 1454 2952 1518 ‘in

640 1547 1044 1613 commendas
1099 1547 1482 1613 distribuere
1540 1548 1715 1614 inter
1782 1548 2074 1623 clericoS‚
2143 1547 2375 1632 quibus
2440 1568 2513 1612 eo
2573 1548 2778 1631 magis
2837 1571 2957 1632 pro

636 1665 1082 1727 personarum,
1144 1643 1425 1709 locorum
1486 1650 1553 1709 et
1606 1648 1970 1729 temporum
2017 1645 2271 1709 ratione
2329 1644 2732 1709 concedenda
2778 1645 2954 1709 vide-

639 1741 893 1806 bantur.
1017 1737 1088 1805 30
1165 1741 1519 1818 Abbatiae‚
1587 1741 1910 1825 prioratus
1975 1762 2049 1805 ac
2113 1742 2508 1805 monasteria
2574 1741 2957 1824 frequenter

634 1838 1079 1903 commendata
1137 1842 1289 1903 sunt
1351 1838 1662 1923 episcopis
1730 1844 1796 1902 et
1855 1839 2126 1916 clericiS‚
2195 1843 2268 1902 ut
2329 1837 2691 1921 disciplina·
2727 1859 2952 1902 mona-

632 1935 793 1999 stica
849 1935 919 1998 in
971 1934 1191 2000 multis
1250 1934 1574 1999 coenobiis
1629 1934 1915 2017 collapsa
1968 1938 2473 2015 restauraretur,
2532 1934 2631 1997 vel
2691 1939 2765 1997 ut
2810 1955 2949 1999 coe-

632 2031 827 2095 nobia
900 2030 1021 2096 hac
1100 2032 1353 2096 ratione
1432 2031 1635 2116 magis
1716 2034 2215 2114 protegerentur
2289 2034 2356 2095 et
2431 2030 2944 2095 defenderentur.

631 2124 703 2191 4⁰
733 2126 1030 2193 Vicissim
1075 2128 1481 2193 ecclesiarum
1516 2127 1920 2210 praebendae
1966 2132 2034 2191 et
2062 2125 2453 2210 parochiales
2485 2126 2782 2192 ecclesiae
2814 2148 2949 2192 mo·

630 2225 851 2290 nachis
904 2231 969 2289 et
1015 2225 1339 2290 canonicis
1385 2223 1787 2308 regularibus
1829 2222 2309 2289 commendatae
2355 2226 2638 2288 fuerunt.
2708 2219 2780 2286 5⁰
2823 2221 2949 2287 De-

629 2322 826 2406 nique
897 2321 976 2385 ad
1046 2320 1566 2404 multiplicandas
1640 2319 2044 2386 commendas
2114 2319 2534 2398 contulerunt
2607 2341 2943 2384 avarorum

630 2418 964 2502 cupiditaS,
1014 2439 1086 2483 ac
1131 2417 1494 2501 principum
1542 2422 1607 2481 et
1655 2425 2036 2501 magnatum
2083 2417 2382 2481 voluntas
2427 2437 2775 2500 precesque
2822 2417 2943 2479 im-

627 2521 966 2599 portunae.

806 2665 907 2729 77.
968 2662 1298 2747 Expositis
1344 2662 1444 2727 his
1501 2663 1912 2747 generalibus
1974 2662 2526 2728 observationibus
2573 2663 2786 2746 quoad
2840 2685 2940 2727 re-

626 2763 1018 2827 servationes
1036 2810 1053 2844 ,
1138 2766 1414 2825 annatas
1483 2765 1550 2824 et
1619 2760 2057 2838 commendas,
2135 2760 2272 2842 jam
2345 2757 2563 2842 paucis
2641 2780 2945 2824 enarrare

627 2858 962 2937 convenit,
1036 2879 1198 2941 quae
1266 2863 1551 2940 tempore
1622 2856 2011 2921 Pontificum
2080 2854 2627 2920 Avenionensium
2700 2854 2771 2918 in
2836 2855 2940 2921 his

625 2955 1039 3039 contigerint.
1108 2953 1213 3019 Ad
1254 2950 1722 3018 reservationes
1754 2951 2237 3037 episcopatuum
2275 2951 2444 3036 quod
2488 2954 2758 3035 spectat,
2801 2954 2936 3038 jam

626 3059 822 3117 antea
881 3074 1014 3116 non
1072 3073 1217 3117 raro
1270 3053 1418 3136 jure
1479 3047 1908 3131 devotationis
1949 3047 2298 3114 Pontifices
2357 3047 2633 3112 Romani
2694 3049 2936 3131 episco-

624 3171 737 3234 pos
801 3149 1193 3213 dioecesibus
1260 3148 1765 3230 constituerant,
1826 3167 1968 3210 cum
2023 3145 2321 3210 videlicet
2379 3144 2587 3209 defixo
2647 3166 2685 3208 a
2748 3166 2937 3210 cano-

607 3247 814 3312 nibus
883 3251 1170 3330 tempore
1234 3268 1368 3310 non
1430 3243 1891 3327 expediebatur
1954 3242 2183 3308 electio
2244 3241 2342 3306 vel
2409 3241 2748 3325 indignum
2811 3243 2934 3306 ele·

622 3349 829 3410 ctores
902 3344 1246 3429 eligebant.
1363 3338 1469 3406 Sic
1535 3338 1956 3406 Innocentius
2016 3336 2129 3403 IV.
2202 3361 2256 3402 a.
2330 3339 2496 3402 1245
2567 3338 2930 3422 episcopum

622 3441 1114 3507 Cabilonensem
1148 3440 1227 3503 ad
1264 3436 1870 3520 archiepiscopatum
1904 3436 2243 3500 transtulit
2272 3434 2718 3500 Bisuntinum:
2770 3431 2932 3498 Cum

622 3537 917 3604 ecclesiae
974 3534 1407 3610 Bisuntinae,
1480 3551 1646 3613 quae
1705 3529 1958 3596 diutius
1993 3534 2259 3613 pastore
2318 3533 2628 3610 vacasset,
2696 3530 2935 3605 fuisset

623 3634 710 3701 ad
771 3656 888 3701 nos
942 3631 1226 3717 provisio
1289 3628 1603 3696 devoluta.
1706 3627 1944 3692 Eadem
2006 3629 2082 3691 de
2146 3651 2338 3692 causa
2395 3628 2559 3692 idem
2622 3627 2928 3694 Pontifex

622 3735 1022 3817 metropolim
1086 3729 1549 3794 Bi'turicensem
1616 3725 1899 3790 Gnidoni
1966 3724 2040 3788 de
2118 3725 2351 3789 Siliaco
2417 3724 2492 3790 O.
2559 3725 2630 3791 P.
2699 3731 2927 3789 contu-

618 3831 715 3894 lit.
823 3824 1265 3893 Bituricensis
1324 3821 1581 3887 ecclesia
1639 3841 1764 3904 per
1819 3820 2056 3886 multos
2119 3841 2327 3886 armos
2383 3819 2754 3904 permansit
2824 3820 2926 3886 de·

619 3924 854 3992 stituta
907 3929 1197 4007 pastore,
1271 3925 1331 3986 et
1388 3918 1481 3984 sic
1531 3917 1821 3984 vacando
1876 3917 2115 4001 yravia
2172 3916 2512 4001 dispendia
2571 3917 2863 4000 pertulit.
2873 3918 2931 4002 1)

802 4177 841 4244 ¹)
880 4173 1225 4229 Thomassin.
1264 4172 1389 4227 Vct.
1421 4178 1477 4226 et
1501 4186 1644 4224 nova
1666 4169 1948 4226 Ecclesiae
1986 4170 2200 4237 discipl.
2238 4171 2298 4225 P.
2327 4169 2400 4224 H.
2426 4169 2489 4223 L.
2519 4169 2591 4222 II.
2620 4184 2663 4222 c.
2691 4167 2929 4222 XXXII.
