3281 5014
1326 408 1642 464 Alexander
1663 410 1761 463 VI.
2593 413 2698 466 439

381 571 507 633 que
568 547 938 614 chorearum
1000 549 1216 614 eratiS.
1289 549 1584 635 ,Dicitur
1643 572 1818 615 nunc
1877 551 2057 616 nulla
2111 551 2188 614 de
2249 574 2319 616 re
2379 553 2505 617 alia
2559 575 2695 617 esse

383 645 451 709 in
511 644 771 710 civitate
818 643 1092 727 Senensi
1146 668 1533 726 sermonem,
1590 650 2044 731 praeterquam
2102 648 2460 713 vanitatem
2515 654 2696 714 tuam

385 741 468 805 ab
539 741 836 806 omnibus
904 742 1181 822 irrideri;
1256 743 1362 807 hic
1427 747 1598 808 certe
1669 743 1736 806 in
1798 743 2075 820 balneiS,
2143 744 2253 810 ubi
2319 746 2695 810 ecclesiasti·

385 858 601 901 corum
674 841 741 901 et
809 838 1231 906 saecularium
1302 861 1432 905 non
1512 861 1744 923 parvus
1813 843 1911 904 est
1978 862 2313 918 numerus,
2389 842 2567 926 vulgi
2632 864 2697 906 es

384 933 624 998 fabula.
670 980 686 997 .
732 983 746 997 .
793 983 808 999 .
859 933 1251 1000 Valentinae
1304 936 1601 1000 ecclesiae
1649 958 1898 1020 praees,
1953 937 2077 1013 fili,
2127 959 2292 1020 quae
2348 939 2521 1002 inter
2577 938 2698 1003 Hi-

382 1053 730 1113 spanorum
801 1031 1098 1097 ecclesias
1173 1032 1513 1116 praecipua
1581 1037 1710 1115 est3
1786 1033 2196 1117 Apostolicae
2272 1036 2468 1099 etiam
2544 1057 2697 1099 can·

382 1128 679 1192 cellariae
745 1129 1037 1212 regimen
1100 1134 1313 1208 tenes,
1384 1129 1681 1214 quodque
1744 1129 1985 1194 factum
2048 1134 2232 1194 tuum
2296 1131 2698 1214 reprehensi·

384 1224 573 1289 bilius
642 1224 826 1304 facit,
899 1224 979 1288 ad
1048 1226 1379 1291 consilium
1447 1225 1779 1292 Romanae
1839 1224 2019 1291 Sedis
2087 1227 2261 1291 inter
2331 1227 2701 1293 cardinales

383 1343 521 1386 cum
578 1319 897 1385 Pontifice
965 1321 1176 1397 sedes3
1246 1323 1301 1386 si
1370 1323 1600 1406 puellis
1669 1323 1976 1401 blandiri,
2048 1323 2296 1387 fructus
2362 1324 2699 1411 missitare,

382 1415 533 1480 hinc
598 1416 748 1481 inde
814 1417 1038 1481 vinum
1102 1424 1589 1502 praegustatum
1663 1419 1792 1497 illi,
1861 1442 2051 1503 quam
2127 1420 2356 1504 diligas
2426 1421 2701 1494 mittere,

383 1513 585 1578 effuso
642 1513 856 1577 studio
917 1536 1105 1578 omne
1168 1535 1372 1598 genus
1433 1514 1834 1597 voluptatum
1901 1538 2014 1601 per
2070 1522 2281 1581 totum
2342 1517 2507 1580 diem
2567 1539 2700 1601 spe-

380 1616 587 1689 ctare,
648 1610 923 1694 denique
971 1615 1044 1675 ut
1090 1611 1228 1675 fieri
1276 1611 1491 1675 omnia
1545 1610 1846 1675 licentius
1905 1614 2181 1695 possint,
2234 1613 2500 1678 maritos
2552 1613 2696 1678 illa-

381 1728 525 1769 rum
590 1706 957 1785 excludere,
1020 1706 1327 1793 gradibus
1393 1709 1522 1772 tuis
1585 1709 1931 1773 convenire
1989 1709 2325 1789 videntur,
2391 1709 2510 1775 tibi
2572 1710 2694 1794 ipsi

372 1802 792 1887 judicandum
856 1805 1299 1889 relinquimus.
1362 1855 1378 1871 .
1435 1854 1451 1869 .
1515 1856 1529 1869 .
1599 1803 1836 1880 Quodsi
1907 1807 2381 1872 excusationem
2454 1807 2697 1891 allegas

381 1899 649 1979 aetatis,
706 1921 840 1964 non
897 1906 996 1966 est
1041 1924 1115 1965 ea
1161 1902 1277 1966 tibi
1328 1901 1465 1985 jam
1515 1905 1724 1982 aetas,
1779 1906 1855 1966 ut
1900 1923 2034 1967 non
2079 1903 2440 1987 intelligas,
2496 1925 2698 1987 quan-

379 2000 515 2061 tum
595 2018 758 2061 onus
833 1997 1117 2082 dignitas
1194 2003 1310 2062 tua
1384 1999 1729 2064 sustineat.
1842 1997 2000 2063 Esse
2069 1998 2693 2083 irreprehensibilem

380 2091 788 2157 Cardinalem
834 2098 1118 2178 oportet,
1180 2094 1353 2159 vitae
1408 2117 1660 2160 morum
1717 2095 2000 2159 salutare
2056 2098 2450 2180 exemplum,
2512 2099 2694 2181 cujus

379 2210 657 2272 persona
711 2189 997 2254 omnium
1056 2212 1186 2255 non
1243 2191 1447 2255 solum
1501 2180 1766 2273 animis,
1828 2192 1942 2256 sed
1997 2192 2196 2256 oculis
2250 2191 2441 2256 debet
2487 2194 2694 2259 inser-

378 2286 531 2349 vire.
597 2334 612 2350 .
669 2334 683 2350 .
740 2332 755 2349 .
820 2284 1318 2370 Circumspectio
1389 2288 1592 2372 igitur
1654 2293 1769 2352 tua
1839 2288 1915 2352 iis
1975 2288 2370 2353 vanitatibus
2432 2290 2690 2355 modum

377 2381 694 2465 imponat,
754 2380 1143 2468 dignitatem
1189 2406 1368 2448 suam
1425 2385 1770 2466 recogitet,
1828 2405 1948 2448 nec
1992 2385 2152 2449 velit
2206 2385 2380 2448 inter
2415 2387 2689 2469 juvenes

378 2482 445 2542 et
518 2479 921 2545 mulierculas
987 2481 1292 2546 amatoris
1361 2502 1597 2546 nomen
1663 2486 1913 2546 tenere:
1987 2481 2042 2545 si
2105 2481 2277 2546 enim
2336 2480 2494 2549 haec
2553 2506 2691 2548 rur·

376 2597 486 2641 sus
532 2577 920 2659 acciderent,
975 2599 1351 2663 cogeremur
1406 2578 1777 2655 ostendere,
1833 2579 2020 2643 nobis
2077 2578 2298 2643 invitis
2358 2584 2424 2644 et
2477 2581 2692 2646 dolen-

375 2672 549 2737 tibus
595 2696 669 2738 ea
715 2675 1049 2752 accidisse,
1106 2697 1317 2760 neque
1372 2676 1513 2740 sine
1571 2676 1806 2740 rubore
1859 2680 1975 2740 tuo
2034 2696 2171 2739 esse
2218 2681 2441 2741 nostra
2486 2678 2690 2742 anim-

377 2769 669 2834 adversio
718 2777 954 2854 posset.
1059 2772 1152 2836 Te
1209 2794 1458 2856 semper
1518 2772 1854 2837 dileximus
1901 2776 1968 2836 et
2013 2778 2331 2857 tanquam
2380 2796 2558 2854 eum,
2621 2776 2691 2840 in

377 2886 505 2948 quo
551 2867 889 2949 gravitatis
948 2872 1014 2932 et
1068 2870 1418 2935 modestiae
1473 2870 1746 2952 speciem
1797 2870 2098 2952 vidimus,
2157 2870 2420 2955 dignum
2467 2878 2692 2937 nostra

374 2963 777 3045 protectione
823 2965 1213 3047 putavimus:
1270 2965 1459 3043 velis,
1515 2970 1592 3030 ut
1638 2966 2009 3049 opinionem
2069 2966 2236 3032 hanc
2292 2974 2357 3032 et
2407 2977 2692 3034 mentem

375 3058 655 3123 retinere
701 3059 809 3124 diu
842 3060 1174 3143 possimuS,
1223 3061 1395 3144 quod
1424 3061 1518 3125 nil
1564 3067 1890 3145 praestare
1923 3063 2147 3127 melius
2193 3065 2452 3148 poterit,
2498 3088 2691 3150 quam

376 3156 739 3239 graviorum
800 3179 1047 3222 morum
1102 3158 1487 3241 assumpti03
1544 3159 1702 3222 anni
1756 3160 1851 3223 tui
1907 3161 2018 3243 qui
2076 3161 2533 3226 correctionem
2581 3163 2691 3226 ad-

378 3253 500 3316 huc
562 3253 980 3336 pollicentur,
1044 3253 1321 3331 faciunt,
1390 3258 1462 3317 ut
1523 3258 1792 3337 paterne
1855 3259 1921 3318 te
1986 3259 2420 3321 moneamu8.“
2537 3258 2686 3324 Dat.

376 3349 665 3427 Petrioli,
717 3349 861 3414 XII.
900 3349 1093 3415 Junii
1143 3348 1532 3432 MGDLX.¹)

553 3499 653 3565 48.
715 3497 813 3562 Ex
870 3498 969 3562 bis
1023 3499 1257 3563 litteris
1308 3497 1664 3582 colligitur,
1729 3497 2108 3563 Rodericum
2157 3499 2561 3566 Cardinalem
2618 3525 2692 3567 eo

375 3601 664 3680 tempore
724 3595 927 3660 levius
983 3617 1051 3659 se
1112 3595 1379 3680 gessisse
1438 3617 1633 3679 quam
1695 3595 1898 3658 statui
1955 3596 2380 3662 ecclesiastico
2427 3599 2692 3683 ejusque

371 3693 680 3778 dignitati
740 3693 1145 3769 conveniret;
1217 3692 1328 3756 sed
1390 3714 1524 3757 non
1594 3691 1851 3756 videtur
1918 3692 1998 3755 ob
2058 3693 2418 3776 graviorem
2480 3696 2690 3761 libidi-

374 3813 522 3854 nem
577 3789 940 3854 diffamatus
994 3788 1217 3854 fuisse.
1322 3787 1460 3853 Nec
1517 3788 1706 3854 facile
1762 3788 2144 3871 concipitur,
2204 3791 2372 3874 quod
2429 3793 2690 3876 quidam

373 3891 668 3952 auctores
733 3886 1225 3964 existimarunt,
1299 3907 1442 3950 eum
1503 3889 1703 3950 antea
1764 3889 2009 3949 secreto
2070 3888 2480 3953 matrimonio
2532 3892 2692 3974 jun·

554 4137 598 4204 1)
637 4137 907 4205 Raynald.
945 4138 1014 4191 ad
1052 4154 1100 4192 a.
1142 4139 1277 4191 1460
1315 4154 1367 4191 n.
1406 4140 1491 4192 31.
1528 4140 1612 4190 32.

2772 564 2973 617 Epistola

2788 626 2857 668 Pii
2884 627 2947 668 ΙΙ.
