3281 5014
341 1873 541 1917 Eventus
569 1874 613 1918 in

418 1936 519 1978 Itali
524 1949 561 1978 a.

661 469 763 522 190
1086 466 1315 520 XXXII.
1355 467 1438 522 De
1474 465 1831 521 Pontificibus
1866 465 2147 521 Avenione
2184 468 2543 522 commoratis.

656 611 863 694 ipsum
907 608 991 673 ad
1037 609 1439 673 clementiam
1481 610 1552 673 in
1596 608 1983 673 Fridericum
2029 607 2456 674 adhibendam
2502 610 2797 688 hortatus
2845 621 2961 689 est,

656 710 853 790 atque
909 726 1162 788 operam
1221 706 1657 787 Apostolicam
1713 705 1791 770 ad
1836 704 2240 770 concordiam
2304 706 2477 771 inter
2536 708 2709 789 ipsos
2759 709 2964 772 conci·

656 803 941 866 liandam
987 801 1243 867 obtulit.
1334 799 1472 864 Nos
1515 804 1762 879 autem,
1805 800 2058 877 scribit,
2118 799 2205 863 ad
2249 801 2667 869 tractandum
2711 806 2772 867 et
2807 824 2959 885 pro-

658 896 1021 963 curandum
1083 896 1252 977 quod
1310 896 1397 961 ad
1445 917 1674 979 pacem
1728 902 1789 961 et
1848 895 2253 961 concordiam
2306 895 2483 962 inter
2534 902 2595 963 te
2639 902 2701 963 et
2743 898 2960 982 ipsum

647 992 1003 1075 pertinent,
1053 991 1389 1075 offerimus
1418 1013 1538 1057 nos
1574 997 1867 1075 paratos,
1914 1012 2110 1074 super
2151 1013 2276 1074 quo
2321 993 2399 1064 si..⁴
2423 994 2609 1060 nobis
2648 999 2766 1060 tua
2798 1016 2961 1077 pru-

656 1088 878 1154 dentia
933 1109 1091 1153 suae
1146 1087 1509 1154 innotuerit
1565 1088 2031 1171 beneplacitum
2079 1089 2464 1169 voluntatis,
2520 1090 2607 1156 ad
2650 1111 2959 1174 exequen-

653 1186 812 1251 dum
869 1204 1034 1266 quae
1089 1185 1175 1250 ad
1232 1184 1351 1249 illa
1413 1190 1779 1268 opportuna
1838 1185 2196 1252 viderimus
2254 1187 2492 1269 absque
2556 1188 2962 1254 cunctatione

656 1281 882 1363 aliqua
934 1281 1370 1364 procedemus.
1463 1282 1587 1347 Sed
1650 1282 2011 1348 Ludovicus
2061 1285 2200 1367 jam
2261 1306 2399 1349 sese
2460 1286 2649 1368 plane
2705 1291 2778 1350 ut
2839 1286 2961 1350 Im·

655 1384 1019 1465 peratorem
1061 1379 1353 1463 gerebat,
1411 1379 1700 1463 quamvis
1757 1401 1832 1444 eo
1871 1389 2159 1463 tempore
2209 1381 2505 1446 omnibus
2557 1382 2772 1465 probis
2816 1404 2961 1465 per-

658 1498 923 1541 suasum
985 1479 1182 1553 esset,
1255 1480 1407 1540 ante
1468 1475 1801 1541 Pontificis
1864 1476 2418 1542 confirmationem
2480 1482 2547 1542 et
2602 1480 2960 1544 coronatio-

626 1595 839 1648 nem,
895 1572 1280 1656 dignitatem
1338 1577 1405 1636 et
1464 1576 1851 1655 potestatem
1909 1572 2298 1656 imperialem
2354 1574 2526 1638 haud
2578 1573 2972 1659 possideri&

658 1678 854 1756 atque
921 1669 1056 1751 ipse
1125 1691 1393 1734 examen
1458 1691 1571 1751 per
1638 1669 2017 1734 Pontificem
2091 1669 2562 1735 instituendum
2628 1673 2963 1738 recusabat

658 1766 1022 1851 postulanS,
1082 1772 1155 1829 ut
1198 1766 1420 1829 statim
1468 1767 1604 1849 jam
1663 1769 1738 1830 ut
1783 1765 2142 1848 Imperator
2197 1772 2699 1851 agnosceretur-
2758 1768 2960 1833 Simul

657 1885 808 1928 vero
876 1856 1176 1926 hostilem
1242 1884 1309 1925 se
1371 1860 1646 1927 Joanni
1682 1863 2024 1927 manifeste
2098 1863 2397 1928 ostendit.
2509 1866 2716 1941 Quum
2789 1866 2959 1932 enim

658 1957 1060 2024 Bertrandus
1126 1959 1375 2042 legatus
1438 1957 1775 2024 Pontificis
1843 1960 2130 2024 exercitu
2197 1958 2556 2025 Galeatium
2608 1961 2964 2028 Vicecomi-

657 2065 788 2122 tem
855 2054 1418 2121 Mediolanensem
1465 2055 1544 2119 ad
1607 2056 1918 2121 ditionem
1982 2056 2157 2119 urbis
2221 2056 2538 2140 adigeret,
2601 2056 2964 2123 Ludovicus

657 2153 808 2217 huic
848 2152 1060 2235 copias
1107 2152 1282 2216 misit
1328 2152 1702 2228 auxiliareS,
1761 2152 1991 2237 quibus
2049 2156 2316 2217 conatus
2373 2153 2568 2237 legati
2614 2154 2965 2238 impedivit.

657 2249 867 2314 Erant
922 2253 1140 2313 autem
1186 2246 1608 2313 Vicecomites
1668 2250 1777 2313 isti
1829 2255 1969 2313 tum
2017 2247 2384 2323 Matthaeus
2440 2252 2623 2332 pater
2678 2273 2734 2315 a.
2774 2251 2961 2336 ,1322

656 2346 1027 2421 defunctuS,
1109 2350 1245 2409 tum
1312 2344 1642 2410 Galeatius
1711 2351 1776 2409 et
1841 2343 2092 2409 Marcus
2155 2344 2477 2410 Ecclesiae
2543 2345 2786 2427 hosteS,
2849 2348 2960 2431 qui

655 2442 1160 2509 dominationem
1216 2439 1540 2526 politicam
1595 2443 1788 2506 titulo
1849 2442 2229 2505 vicariorum
2290 2441 2712 2526 imperialium
2776 2466 2952 2507 usur·

655 2542 929 2624 pabant,
983 2541 1224 2604 clerum
1264 2541 1612 2617 vexabant,
1670 2540 1890 2604 multis
1936 2538 2310 2607 criminibus
2371 2561 2440 2603 se
2494 2536 2842 2604 foedabant
2887 2562 2960 2604 ac

658 2645 992 2720 propterea
1040 2635 1361 2701 Ecclesiae
1421 2637 1707 2701 censuris
1763 2636 2092 2700 constricti
2139 2632 2639 2719 tenebantur&
2671 2673 2757 2680 ——
2811 2636 2955 2703 Jam

653 2734 709 2797 si
765 2732 1071 2810 advertiS,
1132 2731 1580 2798 Innocentium
1634 2731 1754 2797 III.
1813 2732 1965 2797 olim
2027 2730 2330 2797 Ottonem'
2390 2732 2505 2798 IV.
2567 2734 2720 2798 non'
2759 2755 2959 2817 agno—

656 2831 819 2893 visse
860 2833 926 2893 et
970 2850 1333 2911 coronasse,
1390 2829 1512 2892 nisi
1573 2850 1766 2911 quum
1826 2829 2240 2910 protectionis
2285 2826 2606 2894 Ecclesiae
2648 2831 2959 2894 solemnia

653 2925 928 2990 dedisset
974 2927 1298 3009 promissa,
1348 2924 1744 2989 Bonifatium
1779 2924 1958 2988 VIII.
2011 2926 2248 3007 pariter
2294 2925 2959 2991 Albertum-Austria-

653 3044 792 3088 cum
840 3028 1000 3106 post>
1028 3034 1275 3086 caesum
1326 3020 1692 3104 Adolphum
1739 3020 2233 3113 Nassoviensem
2281 3023 2543 3087 nonnisi
2592 3044 2663 3087 re
2709 3027 2959 3087 mature

650 3248 1003 3304 nihilominus
1049 3246 1406 3316 friyidissime
1459 3245 1692 3315 principi
1740 3247 2101 3313 respondisse.
2198 3248 2447 3315 Epistola
2494 3239 2743 3303 Joannis'
2772 3255 2957 3304 exstat

654 3344 739 3395 ΒΡ.
777 3328 1043 3394 Raynald.
1083 3342 1130 3379 a.
1171 3328 1323 3379 1323.
1361 3343 1411 3379 n.
1453 3328 1534 3379 15.

833 3407 875 3474 ¹)
926 3407 1138 3474 „Tanta
1173 3405 1448 3459 Romanae
1493 3403 1648 3458 Sedis
1695 3406 1993 3460 auctoritas
2040 3412 2099 3461 et
2144 3405 2345 3474 religio
2396 3414 2518 3461 erat
2564 3408 2708 3474 apud
2751 3407 2956 3475 pleros-

653 3502 783 3555 que,
840 3493 901 3539 ut
956 3501 1062 3540 non
1107 3484 1419 3552 judicarent
1462 3499 1563 3537 nec
1617 3484 2001 3551 appellandum
2056 3490 2341 3540 censerent
2375 3486 2793 3553 Imperatorem,
2849 3486 2957 3540 nisi

652 3565 805 3634 prius
867 3570 1092 3628 unctuS,
1160 3569 1448 3617 coronatus
1505 3569 1561 3618 et
1615 3562 1968 3618 confirmatus
2023 3563 2219 3618 esset.“
2315 3564 2477 3618 Mutii
2532 3564 2734 3619 Chron.
2775 3565 2953 3620 Germ.

652 3645 712 3698 L.
751 3643 951 3697 XXIV.
990 3660 1040 3710 p.
1079 3645 1197 3695 866.

830 3722 874 3789 ²)
911 3723 977 3776 V.
1028 3720 1295 3787 Raynald.
1353 3735 1399 3772 a.
1452 3720 1604 3772 1322.
1656 3737 1707 3773 n.
1747 3722 1795 3773 5.
1872 3721 2332 3790 „concitaverant
2378 3721 2644 3776 Joannem
2693 3723 2953 3776 adversus

653 3802 994 3855 Matthaeum
1031 3816 1139 3854 non
1177 3807 1402 3865 accepta
1437 3799 1619 3862 modo,
1659 3799 1833 3854 invito
1868 3800 2014 3867 ipsc,
2057 3799 2342 3854 Insubriae
2383 3800 2749 3866 praefectura,
2788 3816 2954 3868 oppu-

653 3879 850 3948 gnatio
884 3880 1122 3944 Genuae,
1161 3877 1475 3932 Guelforum
1514 3883 1571 3932 et
1608 3878 1866 3933 clientum
1902 3877 2186 3933 Ecclesiae
2224 3879 2527 3946 depressio,
2563 3895 2747 3934 verum
2787 3879 2955 3935 etiam

653 3957 1016 4014 intolerabilis
1054 3972 1403 4012 censurarum
1442 3956 1936 4012 ecclesiasticarum
1971 3961 2332 4024 contemptus,
2372 3957 2503 4012 cleri
2541 3957 2836 4025 oppressio,
2873 3957 2952 4010 in-

652 4038 819 4092 fanda
855 4038 1173 4105 populorum
1211 4037 1464 4103 servitu8‚
1502 4036 1619 4090 dira
1658 4037 1987 4101 immanitas
2026 4036 2344 4090 obscuratus
2369 4036 2656 4105 religionis
2681 4037 2952 4104 splendor,

649 4117 986 4186 propagatio
1022 4116 1264 4171 haeresis
1311 4131 1417 4182 qua
1462 4115 1627 4169 etiam
1664 4116 2002 4170 Matthaeum
2042 4114 2470 4169 contaminatum
2517 4131 2638 4171 esse
2674 4131 2783 4170 non
2817 4114 2952 4170 levi-

654 4197 753 4250 bus
792 4194 1131 4264 argumentis
1171 4193 1498 4249 ferebatur.“
1575 4193 1682 4247 Cir.
1722 4209 1770 4246 a.
1812 4194 1963 4246 1323.
2001 4210 2053 4247 n.
2091 4196 2160 4246 25
2198 4209 2315 4259 sqq.
