3281 5014
610 474 715 525 444
996 471 1247 525 XXXVI.
1283 471 1366 526 De
1405 476 1556 526 statu
1591 469 1876 525 Ecclesiae
1912 475 2184 540 vergente
2222 486 2363 525 saec.
2400 470 2518 523 XV.

271 617 433 701 sVfuia
459 624 574 668 facta
609 612 798 678 dubia
858 616 1013 676 sunt
1070 618 1137 676 et
1191 615 1454 678 incerta.
1561 612 1666 676 Sic
1726 613 2040 677 incertum
2094 634 2226 677 esse
2281 634 2633 687 censerem,
2699 615 2915 675 utrum

342 688 519 729 ¹⁰⁰⁸&
609 709 818 773 media
882 708 1108 774 illicita
1176 731 1514 774 munerum
1584 708 1950 773 adhibuerit
2004 707 2408 786 Alexander,
2479 713 2551 774 ut
2612 707 2691 771 ad
2754 729 2915 791 pon-

231 852 234 857 >
373 859 414 887 ι,
607 806 922 869 tificatum
969 804 1419 891 perveniretd)
1470 805 1633 870 falsa
1685 807 1837 868 sunt
1897 825 2062 887 quae
2119 804 2197 869 de
2245 802 2551 870 Lucretia
2600 804 2735 868 filia
2780 805 2915 888 ejus

57 902 140 1003 ,μ’
177 942 200 979 ⁴,
229 875 348 957 (κ’
608 924 645 965 a
704 901 1031 966 malevolis
1093 906 1355 966 narrata
1418 901 1616 966 fuere.
1724 900 1906 966 Haec
1968 902 2138 967 enim
2207 901 2452 967 femina
2513 902 2789 965 honesta
2849 905 2915 965 et

69 988 96 1045 s
138 972 162 1004 ῃ
607 997 807 1082 proba
867 997 1061 1063 fuisse
1121 999 1400 1073 videtur,
1466 1020 1631 1082 quae
1691 1020 1886 1081 quum
1951 1003 2122 1062 esset
2176 997 2426 1063 ducissa
2481 996 2914 1061 Ferrariensis

607 1093 891 1159 omnium
939 1094 1248 1158 virtutum
1296 1094 1482 1159 laude
1525 1094 1826 1170 florebat,
1883 1094 1976 1157 ita
2021 1098 2092 1158 ut
2138 1115 2257 1158 nec
2312 1094 2525 1159 coaevi
2573 1113 2723 1156 vera
2768 1113 2913 1156 cen-

71 1154 88 1256 Χ
605 1195 824 1254 serent
883 1189 1161 1273 flagitia,
1219 1189 1343 1273 ipsi
1399 1214 1436 1254 a
1486 1187 1868 1274 quibusdam
1933 1190 2160 1255 scribis
2222 1195 2289 1255 et
2350 1190 2557 1273 poetis
2613 1188 2764 1253 stilo
2804 1209 2911 1252 ve-

604 1290 849 1351 nenato
923 1287 1238 1370 imposita.
1354 1285 1481 1351 Sed
1553 1308 1753 1370 quum
1829 1288 1898 1351 in
1975 1288 2153 1351 curia
2219 1286 2510 1352 Romana
2584 1290 2780 1369 atque
2842 1285 2911 1349 in

604 1383 743 1466 ipso
800 1383 1039 1466 palatio
1102 1383 1432 1466 pontificio
1488 1382 1844 1447 Alexandri
1906 1382 2023 1447 filii
2077 1383 2376 1448 adessent
2435 1389 2502 1447 et
2558 1383 2700 1466 ipsa
2759 1381 2911 1446 haec

604 1479 766 1561 filia,
801 1501 1018 1563 quum
1075 1480 1446 1562 nuptiarum
1501 1479 1897 1563 aliorumque
1954 1479 2264 1544 festorum
2321 1479 2633 1544 solemnia
2678 1499 2909 1562 magno

604 1597 743 1640 cum
820 1574 1156 1659 splendore
1234 1579 1300 1639 et
1373 1575 1639 1640 levitate
1714 1575 1989 1660 quadam
2066 1597 2231 1660 quae
2305 1597 2380 1640 ea
2452 1579 2666 1639 aetate
2739 1575 2912 1638 inva-

605 1673 839 1754 luerat,
898 1671 1407 1751 celebrarentur,
1469 1673 1563 1737 ita
1614 1676 1691 1736 ut
1740 1671 2116 1736 mulieribus
2175 1672 2495 1737 nobilibus
2554 1671 2748 1735 etiam
2807 1692 2911 1735 ac-

602 1791 812 1834 cessus
876 1772 1156 1852 pateret,
1220 1791 1506 1834 rumores
1575 1770 1832 1852 pessimi
1887 1773 1951 1833 et
2026 1770 2382 1834 calumniae
2443 1768 2628 1832 facile
2695 1767 2910 1851 spargi

603 1870 923 1949 poterant.
1041 1865 1278 1948 Magna
1351 1888 1595 1931 morum
1667 1868 1989 1949 corruptio
2056 1866 2297 1950 ubique
2371 1864 2507 1929 fere
2575 1863 2909 1941 existebat,

603 1963 754 2029 hinc
807 1962 997 2027 facile
1049 1983 1211 2045 quae
1266 1963 1667 2045 voluptatem.
1720 1969 2016 2045 spectant
2071 1962 2609 2046 supponebantur
2663 1965 2729 2025 et
2774 1981 2909 2025 cre·

599 2059 937 2124 debantur.
1041 2057 1386 2124 Praeterea
1441 2080 1621 2141 vero,
1676 2080 1878 2142 quum
1934 2057 2307 2123 Alexandro
2352 2056 2763 2141 Neapolitani
2817 2056 2911 2120 in-

602 2155 767 2220 fensi
845 2158 1112 2232 essent,
1176 2154 1580 2220 humanistae
1657 2156 1765 2239 qui
1841 2156 1909 2220 in
1985 2157 2136 2220 aula
2206 2154 2511 2239 Neapolis
2584 2154 2909 2231 vivebant,

601 2252 886 2316 moribus
954 2252 1072 2335 ipsi
1152 2251 1472 2329 dissoluti,
1549 2254 1808 2335 scriptis
1885 2256 1951 2316 et
2030 2251 2598 2336 epigrammatibus
2671 2251 2907 2315 famam

603 2347 934 2413 Pontificis
999 2353 1066 2412 et
1127 2348 1470 2413 liberorum
1539 2349 1679 2432 ejus
1742 2348 1973 2414 acriter
2032 2347 2423 2414 lacerabant.
2531 2346 2629 2410 Ex
2692 2368 2907 2410 rumo-

600 2445 773 2510 ribus
838 2465 989 2510 vero
1059 2450 1124 2510 et
1185 2445 1734 2529 suppositionibus
1798 2445 2125 2510 malevolis
2195 2442 2599 2509 Burchardus
2667 2447 2734 2507 et
2798 2443 2909 2507 alii

600 2543 943 2626 scriptores
1005 2543 1182 2605 varia
1248 2542 1643 2625 scripserunt
1695 2542 1795 2606 vel
1858 2542 2047 2626 plane
2110 2541 2276 2606 falsa
2343 2542 2441 2606 vel
2495 2546 2907 2624 exaggerata.

601 2674 683 2683 -
765 2638 1134 2703 Debellavit
1217 2659 1467 2722 quoque
1555 2638 1927 2703 Alexander
2009 2659 2242 2722 magno
2317 2659 2457 2702 cum
2539 2636 2764 2701 ardore
2839 2644 2905 2700 et

595 2735 737 2818 pari
782 2757 1069 2801 successu
1125 2736 1431 2817 dynastas
1485 2734 1875 2800 feudatorios
1920 2734 2184 2798 ditionis
2231 2733 2724 2812 ecclesiastieae,
2778 2755 2904 2817 qua

594 2834 659 2894 in
722 2853 791 2896 re
852 2853 1006 2895 usus
1067 2835 1167 2894 est
1221 2851 1412 2914 opera
1477 2830 1767 2895 Caesaris
1836 2830 1969 2895 filii.
2085 2830 2421 2916 Quumque
2490 2836 2628 2894 tum
2699 2829 2902 2894 filium

596 2929 767 2992 hunc
844 2933 982 2991 tum
1067 2927 1225 2991 alios
1299 2925 1465 2991 filios
1540 2925 1810 2990 evehere
1882 2925 2202 3004 studeret,
2277 2926 2468 2990 etiam
2542 2925 2691 2989 inde
2757 2924 2902 2989 odia

592 3026 713 3089 sibi
787 3022 1172 3089 conciliavit.
1295 3022 1387 3088 Ac
1457 3020 1691 3087 Caesar
1766 3022 2018 3106 quidem
2095 3023 2165 3087 in
2234 3023 2347 3087 illo
2424 3021 2621 3086 bello¹
2666 3021 2900 3105 passim

593 3121 906 3185 violentia
969 3124 1037 3184 et
1101 3117 1432 3183 fraudibus
1499 3140 1652 3182 usus
1720 3125 1820 3183 est
1832 3138 1846 3198 ;
1920 3123 2248 3185 caeterum
2303 3141 2453 3184 vero
2522 3118 2636 3184 illa
2698 3117 2901 3201 dyna-

594 3222 839 3281 starum
885 3215 1197 3299 repressio
1247 3217 1426 3300 justa
1482 3221 1620 3279 erat
1678 3219 1744 3279 et
1788 3215 1928 3298 paci
1979 3216 2207 3280 Italiae
2259 3216 2568 3299 proficua,
2626 3215 2722 3279 uti
2760 3215 2897 3298 jam

593 3313 1000 3379 advertimus.

772 3463 873 3526 54.
947 3459 1216 3547 Singula
1284 3482 1449 3544 quae
1512 3459 1956 3543 pontificatum
2022 3460 2375 3525 Alexandri
2425 3459 2537 3526 Vl.
2604 3464 2896 3544 spectant

592 3559 861 3623 ulterius
904 3558 1233 3641 prosequi,
1290 3557 1551 3640 longum
1600 3561 1785 3621 esset.
1878 3554 2249 3622 Sollicitudo
2296 3579 2408 3640 pro
2459 3557 2738 3642 negotiis
2784 3556 2896 3621 Ec-

590 3655 821 3719 clesiae
885 3655 1008 3737 ipsi
1069 3675 1200 3718 non
1264 3652 1500 3728 defuit,
1566 3659 1629 3715 et
1693 3652 1763 3716 in
1826 3652 2141 3738 gubernio
2194 3652 2456 3717 ditionis
2512 3652 2893 3718 ecclesiasti-

771 3880 809 3948 ι)
867 3881 1015 3948 Quae
1071 3895 1139 3934 ex
1191 3879 1493 3944 Infessura,
1549 3878 1868 3933 Burchardo
1925 3879 2155 3946 aliisque
2210 3878 2547 3947 colliguntur
2595 3880 2663 3934 de
2707 3894 2890 3934 corru-

587 3961 777 4030 ptione
834 3958 1173 4014 simonistica
1218 3974 1335 4012 rem
1380 3974 1487 4012 non
1534 3958 1819 4024 evincunt,
1866 3974 2028 4025 quum
2074 3973 2316 4013 rumores
2364 3958 2544 4025 potius
2591 3957 2889 4013 malevolos

591 4040 848 4096 referant.
934 4038 1121 4105 Neque
1170 4038 1332 4106 plane
1380 4038 1809 4092 demonstratam
1859 4052 2137 4092 censerem
2185 4038 2326 4090 hanc
2375 4038 2771 4106 corruptionem
2819 4037 2889 4091 iis

590 4135 726 4186 quae
764 4118 975 4173 erudite
1011 4117 1241 4170 discutit
1277 4116 1376 4170 Th.
1415 4116 1642 4184 Hagen,
1688 4116 1800 4170 Die
1837 4115 2213 4186 Papstwahlen
2258 4132 2359 4170 von
2395 4118 2536 4170 1484
2578 4116 2693 4170 und
2725 4117 2886 4181 1492,

586 4199 792 4253 Brixen
830 4198 981 4249 1885.
