3281 5014
1132 370 1214 423 De
1253 368 1494 422 Concilio
1531 368 1856 424 Basileensi.
2550 371 2655 422 365

337 511 491 576 libet
545 510 742 593 eripit
795 509 1278 588 auctoritatem,
1343 529 1527 574 omne
1573 510 1693 591 jus
1757 514 1817 573 et
1874 531 2121 575 omnem
2178 509 2373 593 leyem
2432 484 2673 574 dissol?

338 607 449 672 vit.
551 608 799 673 Deinde
855 607 1168 683 declarat,
1231 629 1297 671 se
1355 604 1772 671 Sanctionem
1835 609 2291 691 pragmaticam
2351 609 2417 671 in
2480 609 2656 672 omni

338 706 582 770 ditione
630 728 746 770 sua
781 701 1039 785 pellere,
1088 701 1376 784 dejicere,
1424 702 1855 785 stirpitusque
1902 703 2247 786 abroyare,
2297 708 2358 768 et
2402 703 2654 784 qualem

338 805 494 867 ante
535 798 995 883 Praymaticae
1050 798 1263 881 ipsius
1309 799 1681 879 editionem,
1741 799 1914 865 circa
1974 799 2422 880 beneficiorum
2470 800 2656 864 eccle·
2762 880 2769 889 ,

340 897 595 962 siarum
657 896 1069 977 aliarumque
1131 915 1355 961 rerum
1414 894 1871 977 spiritualium
1938 895 2451 978 dispositionem,
2516 916 2654 960 cen-

339 1014 597 1074 suram,
659 992 1193 1071 moderationem,
1253 991 1368 1056 Pii
1411 991 1510 1056 II.
1563 992 2081 1074 praedecessores
2140 991 2431 1057 Romani
2486 991 2654 1056 Pon·

340 1090 541 1170 tisices
585 1089 905 1155 habebant
951 1095 1009 1153 et
1060 1088 1466 1169 exercebant,
1524 1088 1716 1152 talem
1773 1089 2182 1170 eamdemque
2242 1109 2309 1153 se
2351 1088 2657 1167 Pontifici

338 1187 622 1272 reddere,
658 1191 1001 1269 praestare
1047 1191 1108 1251 et
1153 1184 1568 1269 restituerel)

517 1320 620 1383 31.
697 1319 873 1394 Quae
950 1324 1094 1402 post
1166 1320 1323 1383 haec
1385 1326 1603 1384 secuta
1677 1326 1834 1385 sunt
1902 1324 2335 1402 opportunum
2403 1318 2656 1382 videtur

339 1417 749 1492 subnectere,
816 1423 886 1477 ut
931 1415 1007 1478 de
1052 1417 1228 1479 statu
1277 1438 1486 1480 rerum
1536 1418 2103 1481 ecclesiasticarum
2150 1418 2219 1479 in
2270 1415 2482 1481 Gallia
2528 1417 2654 1499 ple·

338 1515 484 1578 nior
530 1512 847 1576 habeatur
902 1513 1158 1576 notitia.
1253 1515 1449 1576 Anno
1504 1514 1668 1577 1465
1725 1513 1904 1578 curia
1958 1535 2255 1595 suprema
2309 1535 2419 1576 seu
2467 1535 2656 1577 sena-

340 1615 447 1673 tus
498 1609 880 1673 Parisiensis
944 1609 1109 1691 apud
1165 1609 1559 1673 Ludovicum
1622 1630 1835 1693 regem
1898 1614 2161 1692 questus
2218 1613 2344 1685 est,
2409 1631 2483 1673 ex
2541 1609 2655 1672 ab·

339 1707 676 1791 rogatione
723 1703 1087 1770 Sanctionis
1133 1706 1462 1788 praefatae
1507 1726 1809 1790 magnam
1869 1705 2019 1770 oriri
2074 1706 2313 1769 ordinis
2362 1706 2655 1769 ecclesia·

337 1804 484 1868 stici
530 1803 999 1874 confusionem,
1051 1803 1350 1866 ecclesias
1400 1802 1791 1866 detrimenta
1837 1803 2061 1885 gravia
2106 1803 2356 1884 subire,
2405 1802 2658 1885 aliaque

342 1900 512 1963 mala
568 1921 703 1963 esse
760 1898 1067 1962 timenda.
1159 1899 1302 1963 Rex
1359 1900 1653 1984 equidem
1696 1896 2111 1964 Sanctionem
2163 1921 2291 1962 non
2348 1900 2658 1975 restituit,

341 1997 453 2061 sed
498 1996 693 2059 etiam
741 2017 874 2059 nou
921 1995 1283 2077 impedivit,
1333 1997 1677 2080 quominus
1723 1996 2020 2061 nonnulli
2070 1996 2243 2059 illius
2289 1997 2543 2059 articuli
2590 1995 2660 2059 in

340 2115 522 2156 usum
592 2098 1079 2169 revocarentur,
1149 2094 1525 2176 praesertim
1594 2117 1631 2156 a
1700 2093 1910 2157 curiiS.
2029 2092 2272 2156 Paulus
2314 2091 2447 2174 1111„
2519 2114 2661 2156 suc-

343 2212 555 2254 cessor
615 2188 712 2252 Pii
773 2188 885 2263 IL,
949 2212 1121 2253 anno
1191 2190 1355 2252 1467
1420 2212 1670 2253 rursum
1733 2191 2099 2272 episcopum
2162 2188 2662 2253 Atrebatensem

340 2287 422 2351 ad
473 2285 866 2350 Ludovicum
916 2284 1035 2350 XI.
1097 2286 1363 2370 legavit,
1425 2292 1500 2348 ut
1555 2307 1698 2349 eum
1759 2290 2045 2349 moveret
2108 2286 2188 2349 ad
2248 2284 2661 2350 Sanctionem

341 2385 532 2447 istam
605 2384 863 2466 penitus
932 2383 1332 2447 abolendam.
1437 2383 1529 2446 At
1598 2383 1799 2464 legati
1869 2382 2205 2445 conatibus
2279 2383 2664 2446 restiterunt

342 2484 607 2545 senatus
672 2485 737 2544 et
804 2478 1211 2544 Universitas
1278 2478 1680 2544 ParisiensiS.
1804 2475 1936 2542 Sub
1998 2477 2224 2543 Carolo
2258 2477 2477 2555 VIII.‚
2555 2479 2662 2563 qui

341 2601 400 2641 a.
467 2578 633 2643 1483
700 2578 1002 2641 successit
1072 2577 1396 2642 Ludovico
1456 2575 1609 2654 XL,
1680 2598 1782 2639 res
1851 2576 1916 2639 in
1987 2575 2210 2639 eodem
2282 2575 2414 2640 fere
2486 2582 2666 2640 statu

343 2676 715 2758 permansit.
819 2673 1178 2739 Ludovicus
1235 2672 1418 2750 XIL,
1477 2696 1531 2737 a.
1589 2673 1756 2736 1498
1816 2671 2030 2737 Caroli
2065 2672 2264 2737 VIII.
2320 2695 2662 2746 successor,

342 2770 758 2835 Sanctionem
821 2772 1281 2855 pragmaticam
1346 2772 1551 2835 tuitus
1614 2776 1742 2848 est,
1816 2770 2083 2853 ejusque
2149 2770 2662 2834 observationem

340 2870 411 2931 in
465 2871 607 2932 toto
661 2890 776 2931 suo
833 2889 1035 2951 regno
1093 2869 1464 2951 imperavit,
1526 2868 1805 2931 maxime
1862 2866 1944 2929 ab
1991 2889 2046 2930 a.
2103 2866 2299 2945 1503,
2365 2889 2491 2949 quo
2538 2864 2659 2930 dis·

342 2965 505 3029 sidia
562 2966 734 3028 inter
790 2964 995 3047 ipsum
1056 2970 1122 3027 et
1171 2965 1416 3029 Julium
1461 2963 1544 3027 H.
1610 2968 1752 3026 orta
1807 2968 1982 3027 sunt.
2083 2962 2298 3027 Julius
2346 2963 2429 3028 IL
2490 2985 2663 3028 anno

350 3062 516 3125 1512
587 3062 654 3124 in
726 3061 1011 3124 Concilio
1082 3059 1507 3125 Lateranensi
1564 3059 1675 3134 V.,
1753 3059 2033 3124 sessione
2107 3065 2366 3143 quarta,
2440 3066 2663 3124 contra

341 3156 757 3223 Sanctionem
801 3159 1259 3241 pragmaticam
1308 3160 1572 3240 ejusque
1620 3161 1966 3220 assertores
2010 3178 2082 3221 ac
2114 3157 2483 3221 defensores
2529 3158 2662 3222 sive

341 3255 694 3340 praelatOS,
761 3254 893 3318 sive
955 3254 1271 3337 principes
1330 3263 1395 3317 et
1453 3254 1692 3329 curiaS,
1757 3254 2169 3317 monitorium
2230 3254 2666 3338 promulgavit

342 3354 549 3435 iisque
605 3350 966 3429 mandavit,
1027 3355 1102 3413 ut
1161 3372 1227 3413 se
1287 3349 1577 3414 Concilio
1632 3351 1967 3425 sisterent,
2030 3355 2096 3415 et
2152 3352 2467 3416 rationem
2526 3352 2664 3415 red·

340 3449 592 3513 derent.
691 3446 824 3511 Leo
880 3447 994 3527 X.,
1056 3469 1227 3510 anno
1287 3448 1455 3510 1513
1510 3445 1669 3511 Julii
1728 3446 1809 3509 11.
1867 3467 2222 3523 successor,
2285 3449 2355 3512 in
2413 3446 2663 3511 Consti·

344 3546 601 3609 tutione
648 3545 800 3609 data
846 3544 947 3607 die
1002 3543 1110 3606 10⁰
1157 3544 1397 3627 Aprilis
1447 3567 1502 3608 a.
1558 3544 1759 3619 1513,
1817 3565 1944 3627 qua
1992 3543 2348 3609 Concilium
2395 3545 2665 3608 Latera-

342 3663 542 3706 nense
612 3640 1122 3705 continuandum
1190 3641 1356 3704 dixit
1417 3647 1482 3705 et
1552 3641 1899 3706 sessionem
1966 3646 2211 3705 sextam
2270 3643 2662 3726 prorogavit,

344 3738 703 3821 praefatam
742 3736 1159 3801 Sanctionem
1206 3738 1576 3821 appella-vit,
1623 3736 1698 3801 in
1736 3735 2045 3818 partibus
2097 3736 2465 3803 Gallicanis
2511 3757 2662 3819 quo·

341 3832 493 3897 dam
543 3831 754 3898 abusu
810 3831 1252 3897 introductam
1308 3838 1369 3897 et
1417 3832 1823 3916 Apostolicae
1873 3831 2027 3898 Sedi
2083 3834 2666 3917 ecclesiasticaeque

329 3928 729 3994 auctoritati
771 3933 831 3992 et
876 3929 1083 3993 sacris
1129 3929 1487 3995 canonibus
1534 3930 1968 4012 deroyantem.

524 4104 565 4168 1)
602 4104 799 4167 nabbe,
837 4110 966 4158 tom.
1006 4105 1154 4159 XIV.
1195 4122 1246 4173 p.
1287 4109 1368 4159 97.

2712 1339 2956 1382 Sanctionis

2777 1401 2883 1445 fata.

2741 1521 2778 1567 >d
