3281 5014
624 378 727 429 316
1223 377 1473 431 XXXIV.
1512 379 1595 433 De
1634 379 1875 434 Concilio
1915 380 2342 436 Constantiensi.

314 528 581 582 Argumenta
802 519 904 582 36.
967 518 1113 584 Jam
1173 528 1558 605 argumenta
1602 543 1859 605 quoque
1918 523 2259 587 afferamus
2306 528 2603 607 externa,
2664 530 2739 588 ut
2784 547 2933 591 con-

353 593 544 633 ⁰³¹⁷⁰¹¹¹³‘
623 616 945 696 firmetur,
1007 615 1261 682 decreta
1325 617 1854 683 Constantiensia
1916 617 2086 683 haud
2150 641 2284 684 esse
2349 621 2425 686 de
2488 622 2936 705 superioritate

626 708 891 775 Concilii
955 713 1336 793 universim,
1401 714 1512 778 sed
1575 736 1766 778 sensu
1831 714 2129 779 restricto
2192 721 2267 780 ut
2327 718 2736 801 exposuimus
2801 740 2938 784 esse

623 809 1006 891 accipienda.
1055 846 1130 855 —-
1190 810 1366 875 Ante
1411 811 1755 876 sessionem
1816 812 2369 896 quadragesimam
2416 816 2589 879 inter
2633 817 2932 880 nationes

622 904 1047 988 disceptatum
1111 912 1238 986 est,
1303 914 1522 974 utrum
1587 908 1843 972 decreta
1896 909 1971 973 de
2035 910 2492 976 reformatione
2550 917 2766 976 essent
2819 913 2933 976 ab·

622 1002 928 1067 solvenda
990 1007 1142 1067 ante
1210 1005 1312 1069 vel
1375 1008 1520 1088 post
1585 1005 1962 1070 electionem
2024 1008 2173 1071 novi
2232 1006 2595 1085 PontificiS,
2664 1013 2730 1073 et
2788 1031 2932 1073 cum

623 1100 939 1180 posterior
982 1102 1309 1165 sententia
1365 1102 1851 1185 praevaluisset,
1908 1102 2138 1185 prioris
2196 1104 2517 1187 opinionis
2571 1104 2937 1171 defensores

625 1196 833 1274 (natio
865 1195 1273 1277 Germanica)
1320 1200 1727 1281 sponsionem
1775 1200 2208 1281 postularunt,
2259 1204 2331 1263 ut
2371 1201 2743 1265 reformatio
2790 1224 2933 1285 per·

622 1297 923 1377 ageretur
967 1298 1314 1376 antequam
1368 1295 1608 1359 electus
1652 1293 1960 1360 Pontifex
2008 1301 2441 1361 coronaretur.
2534 1298 2625 1361 At
2670 1320 2935 1381 respon-

622 1412 764 1453 sum
831 1391 986 1454 fuit:
1069 1391 1287 1469 „Quod
1358 1392 1534 1475 Papa
1597 1393 1839 1456 electus
1907 1392 2098 1477 ligari
2165 1416 2298 1457 non
2367 1396 2635 1477 potest.“
2760 1394 2932 1480 Ergo

622 1509 755 1552 non
815 1489 1167 1552 censebant
1229 1487 1803 1564 ConstantienseS,
1866 1490 2211 1554 universim
2276 1490 2656 1555 Pontificem
2714 1491 2931 1576 subja·

621 1606 764 1649 cere
827 1586 1137 1668 potestati
1196 1583 1462 1649 Concilii
1529 1584 1723 1669 idque
1786 1586 1917 1650 suis
1970 1587 2243 1650 decretis
2297 1588 2635 1652 contineri.
2701 1624 2788 1636 -·
2855 1588 2933 1652 In

621 1684 780 1764 ipsis
827 1685 1042 1746 autem
1089 1682 1373 1746 articulis
1416 1682 1894 1747 reformationis
1927 1685 2209 1748 sessione
2255 1684 2745 1769 quadragesima
2788 1707 2934 1767 pro-

622 1779 881 1862 positis,
949 1779 1360 1843 statuebatur
1428 1779 1609 1843 artic.
1685 1778 1796 1843 13⁰
1864 1779 2310 1845 decidendum:
2386 1780 2701 1865 „Propter
2769 1803 2936 1864 quae

623 1881 689 1939 et
753 1874 1066 1958 quomodo
1127 1874 1306 1959 Papa
1365 1875 1568 1959 possit
1630 1877 1864 1961 corrigi
1926 1880 1994 1941 et
2056 1877 2366 1959 deponi?“
2458 1877 2717 1942 Inutilis
2779 1900 2934 1942 sane

622 1973 961 2037 videbatur
1013 1972 1163 2036 talis
1217 1973 1555 2049 articulus,
1617 1974 1671 2037 si
1718 1976 1855 2058 jam
1910 1974 2261 2038 universim
2318 1974 2653 2039 definitum
2706 1976 2937 2039 fuisset

623 2070 878 2133 decreto
937 2069 1236 2133 sessionis
1292 2070 1589 2153 quintae,
1648 2067 1818 2155 quod
1864 2071 2043 2153 Papa
2098 2070 2294 2134 etiam
2355 2093 2541 2136 verus
2599 2075 2664 2135 et
2723 2076 2937 2135 certus

621 2173 840 2250 posset
917 2166 1184 2251 „subjici
1248 2166 1504 2232 debitae
1572 2168 2043 2251 poenitentiae,
2122 2172 2188 2231 et
2250 2169 2499 2250 puniri,
2575 2169 2768 2232 etiam
2836 2190 2933 2231 re-

622 2263 934 2328 currendo
989 2263 1068 2326 ad
1125 2263 1252 2326 alia
1297 2264 1465 2347 juris
1518 2264 1830 2346 subsidia,
1884 2265 1939 2328 si
1986 2264 2240 2329 obedire
2281 2266 2743 2329 contumaciter
2787 2286 2933 2330 con-

621 2359 960 2443 tempserit
1029 2362 1290 2425 statutis
1357 2362 1817 2445 cujuscumque
1889 2361 2154 2426 Concilii
2220 2361 2538 2445 generalis
2608 2362 2937 2445 pertinen-

621 2457 794 2523 tibus
858 2457 938 2522 ad
994 2456 1214 2532 fidem,
1280 2458 1807 2541 exstirpationem
1876 2458 2236 2523 schismatis
2292 2463 2357 2523 et
2411 2459 2932 2524 reformationem

623 2555 945 2619 Ecclesiae
1016 2555 1084 2618 in
1152 2556 1362 2638 capite·
1436 2560 1501 2619 et
1566 2556 1930 2620 membris.“
2043 2555 2251 2631 Quum
2323 2562 2471 2620 vero
2539 2561 2760 2639 postea
2825 2556 2935 2621 ille

622 2652 928 2716 articulus
991 2651 1274 2716 Martino
1341 2657 1840 2735 proponeretur,
1908 2654 2043 2735 ipse
2109 2652 2417 2733 advertit,
2484 2675 2711 2736 parum
2781 2674 2932 2718 con-

623 2748 990 2811 venientem
1037 2748 1237 2812 videri
1296 2749 1493 2812 istum
1552 2750 1921 2825 articulum,
1979 2755 2045 2814 et
2104 2750 2545 2833 pluralitatem
2599 2750 2934 2813 nationum

623 2867 757 2910 non
817 2844 1170 2928 judicasse,
1243 2846 1484 2929 aliquid
1550 2846 1701 2910 novi
1770 2848 1981 2931 quoad
2048 2847 2243 2911 istum
2311 2847 2655 2912 articulum
2729 2847 2935 2910 statui

623 2947 690 3006 et
733 2941 1147 3006 determinari
1209 2942 1460 3008 debere.
1563 2941 1670 3007 Sic
1723 2945 1931 3008 omnis
1992 2943 2284 3028 quaestio
2327 2943 2448 3007 hac
2503 2944 2579 3007 de
2637 2965 2706 3007 re
2752 2942 2933 3026 quie·

621 3040 734 3104 vit.
838 3038 1054 3103 Etiam
1121 3038 1223 3102 hic
1293 3040 1470 3103 nulla
1544 3041 1784 3105 mentio
1853 3042 2126 3105 occurrit
2188 3041 2441 3104 illorum
2510 3039 2936 3113 decretorum,

623 3157 697 3200 ac
743 3137 796 3199 si
852 3137 1233 3200 universalis
1291 3138 1671 3201 constitutio
1720 3136 1810 3201 eis
1857 3139 2331 3211 contineretur;
2388 3142 2454 3200 et
2512 3137 2740 3201 merito
2786 3135 2935 3199 inde

622 3233 1052 3310 concluditur,
1120 3233 1336 3297 eadem
1394 3233 1592 3298 fuisse
1657 3233 2063 3298 considerata
2127 3239 2202 3298 ut
2257 3235 2549 3298 confecta
2600 3255 2715 3316 pro
2771 3237 2932 3295 tem-

623 3350 775 3412 pore
821 3327 1261 3413 schismatis.¹)

799 3481 903 3545 37.
950 3466 1177 3556 ‘Quum
1241 3503 1432 3562 porro
1495 3481 1687 3545 initio
1750 3480 1910 3545 anni
1975 3482 2141 3545 1418
2207 3479 2434 3544 Poloni
2495 3479 2770 3543 maxime
2804 3479 2931 3542 -in-

621 3581 905 3655 starent,
966 3583 1041 3641 ut
1086 3577 1408 3641 Martinus
1464 3576 1803 3641 damnaret
1856 3577 2144 3642 libellum
2198 3576 2471 3641 Joannis
2526 3576 2602 3639 de
2648 3573 2933 3639 Falken-

624 3676 809 3757 berg,
874 3678 939 3737 et
998 3695 1276 3737 summus
1338 3672 1645 3738 Pontifex
1700 3674 1822 3738 hoc
1880 3677 2229 3750 recusaret,
2296 3672 2496 3756 legati
2556 3672 2637 3736 ad
2696 3670 2761 3734 id
2817 3669 2931 3734 de-

623 3775 973 3849 venerunt,
1042 3775 1114 3835 ut
1183 3770 1503 3853 appellare
1571 3772 1817 3835 vellent
1882 3770 1962 3834 ad
2029 3771 2319 3834 futurum
2390 3769 2693 3854 generale
2760 3768 2934 3833 Con-

624 3869 858 3932 cilium.
930 3867 1115 3931 Tunc
1158 3866 1466 3932 Pontifex
1514 3867 1617 3932 die
1667 3865 1779 3931 10⁰
1807 3867 2029 3932 Martii
2075 3890 2130 3932 a.
2183 3868 2351 3930 1418
2398 3865 2651 3930 Bullam
2700 3864 2935 3940 emisit,

803 4122 844 4189 ¹)
883 4122 988 4176 Cfr.
1027 4121 1343 4176 Muzzarelli
1380 4123 1415 4175 1.
1456 4139 1500 4175 c.
