3281 5014
362 3246 533 3290 Electio
563 3248 674 3290 Pon-

446 3309 594 3352 tineis.

683 431 792 489 246'
1177 436 1441 490 XXXIII.
1483 436 1564 490 De
1599 452 1803 505 magno
1842 434 2154 490 Occidentis
2192 435 2501 491 schismatess

684 598 800 661 pro
833 577 970 642 Deo
1014 578 1262 661 placeat
1309 578 1507 654 vobiS,
1555 584 1938 643 contentato
1983 578 2292 662 populum
2340 583 2407 643 et
2454 578 2558 642 eis·
2589 577 2795 643 solum
2841 577 3001 643 dare

684 673 1072 753 Romanum,
1119 674 1279 738 alias
1325 674 1539 751 time0,
1598 696 1683 738 ne
1730 673 2100 739 scandalum
2148 676 2410 752 oriatur,
2459 675 2629 759 quod
2686 674 2870 740 nobis
2925 682 3001 740 et

683 771 864 836 vobis
911 769 1161 855 poterit'
1187 770 1623 835 verisimiliter
1662 769 2057 855 displicere.“
2137 770 2233 835 Ex
2273 770 2371 835 his
2409 772 2547 856 jam
2593 770 2790 851 vides,
2835 770 2993 835 Car-

683 868 953 948 dinales,
996 868 1049 932 si
1099 890 1248 932 vere
1294 867 1511 932 timori
1557 868 1915 943 cessissent,
1964 867 2260 933 debuisse
2305 868 2669 932 Romanum
2717 868 3000 952 eligere;

682 963 793 1030 sed
838 970 914 1028 nt
959 987 1137 1029 suam
1195 965 1562 1029 libertatem
1607 973 1969 1030 assererent
2027 965 2091 1029 id
2131 964 2503 1042 noluerunt,
2562 970 2631 1028 at
2686 962 2995 1047 Neapoli-

681 1067 911 1127 tanum
982 1066 1363 1126 creaverunt
1428 1060 1833 1126 Pontificem.
1927 1061 2265 1126 Praefecto
2332 1061 2443 1126 isti
2505 1060 2839 1143 regionum
2905 1061 2997 1125 sic

685 1158 1015 1242 respondit
1062 1159 1325 1222 nomine
1383 1159 1672 1223 omnium
1719 1156 2079 1223 cardinalis
2125 1157 2611 1223 Glandacensis:
2662 1154 3004 1236 „Multum

685 1254 1022 1319 mirantur
1049 1252 1328 1319 Domini
1357 1252 1483 1318 mei
1528 1258 1590 1317 et
1631 1275 1761 1337 eye,
1811 1252 2094 1336 qualiter
2137 1273 2256 1319 nos
2300 1252 2393 1318 sic
2436 1250 2787 1334 infestatis,
2836 1250 3000 1332 quia

686 1350 807 1416 tibi
849 1356 911 1415 et
942 1367 945 1370 “
954 1350 1192 1435 populo
1221 1350 1526 1416 Romano
1570 1350 1950 1433 satisfacere
1980 1350 2206 1416 debent
2242 1348 2689 1433 responsiones
2731 1352 3006 1414 nostrae

685 1446 863 1512 vobis
896 1446 1154 1529 pluries
1194 1447 1412 1529 factae
1456 1467 1655 1529 super
1683 1446 1809 1512 isto
1845 1447 2116 1531 neyotia
2189 1446 2533 1512 Recedatis
2558 1445 2788 1528 iyitar,
2836 1444 2996 1527 quia

685 1544 779 1609 sic
824 1564 1072 1625 semper
1115 1542 1425 1623 diximus,
1487 1543 1658 1608 sicut
1703 1543 1980 1609 dicimus
2035 1565 2230 1623 nunc,
2287 1564 2402 1609 nec
2456 1563 2496 1607 a
2549 1540 2734 1607 nobis
2790 1541 2995 1606 aliam

686 1639 1163 1723 responsionem
1187 1639 1493 1721 poteritis
1525 1638 1825 1705 obtinere.
1901 1640 2035 1705 Ille
2068 1645 2287 1706 autem
2311 1639 2608 1704 recedens
2651 1637 2745 1703 sic
2791 1636 3006 1703 dixit.-

687 1736 953 1802 Placeat
981 1737 1140 1816 Deo,
1189 1737 1358 1818 quod
1386 1736 1572 1802 nobis
1602 1737 1768 1802 detis
1795 1736 2191 1817 Romanum,
2241 1736 2409 1802 alias
2440 1757 2569 1823 pro
2613 1739 2781 1800 certo
2812 1733 3002 1800 aliud

688 1854 884 1917 quam
956 1832 1150 1898 verba
1219 1833 1528 1899 sentietis
1648 1834 1847 1901 Facta
1918 1835 2231 1900 relatione
2311 1835 2455 1898 aliis
2527 1832 2996 1911 cardinalibus,

686 1932 1043 1997 Cardinalis
1087 1931 1578 2008 LemovicensiS,
1623 1932 1914 1997 Joannes
1959 1931 2230 2008 OrosiuS,
2294 1932 2363 1996 in
2410 1931 2566 1995 haec
2609 1931 2801 1994 verba
2845 1951 2997 2013 pro-

686 2029 894 2111 rupit:
954 2026 1232 2092 Domini
1291 2026 1417 2091 mei
1476 2047 1587 2091 vos
1645 2027 1895 2106 videtis,
1964 2027 2134 2109 quod
2198 2026 2315 2091 isti
2357 2025 2649 2092 Romani
2701 2024 2997 2107 primum

680 2122 1014 2206 petierunt
1070 2143 1308 2201 unum,
1370 2123 1485 2205 qai
1553 2123 1803 2188 deberet
1861 2144 1992 2188 esse
2054 2128 2353 2205 acceptas
2408 2123 2549 2187 Deo
2612 2125 2673 2185 et
2734 2120 3003 2200 mande,

686 2240 801 2284 nec
868 2219 1274 2302 excipiebant
1331 2220 1597 2302 patrias
1664 2219 1761 2284 vel
1829 2240 2142 2302 personas
2160 2239 2184 2298 ,·
2244 2219 2499 2284 demum
2563 2218 2639 2283 in
2713 2216 3000 2283 introitu

691 2316 1027 2383 Conclavis
1049 2316 1613 2400 yeneralissimam
1634 2315 2143 2399 propositionem
2168 2314 2659 2381 restrinxerunt
2683 2313 2770 2379 ad
2792 2334 2995 2379 unam

685 2413 1019 2479 nationem
1066 2413 1306 2479 scilicet
1350 2414 1694 2493 Italicam;
1753 2434 1930 2478 nunc
1987 2418 2204 2479 autem
2258 2433 2373 2478 nec
2418 2411 2538 2478 hac
2583 2410 2867 2477 contenti
2911 2409 3006 2475 ad

688 2510 1222 2593 specialissimam
1284 2511 1727 2594 restrinyunt,
1788 2510 2029 2576 scilicet
2083 2511 2455 2576 Romanam
2471 2529 2498 2589 ,·
2570 2509 2740 2591 quod
2798 2506 2997 2572 etiam

689 2607 749 2673 si
793 2628 926 2672 non
977 2608 1252 2688 fecisset,
1316 2608 1425 2673 sed
1480 2611 1732 2673 starent
1794 2607 1990 2673 etiam
2050 2606 2168 2673 sub
2230 2606 2361 2671 ista
2419 2605 2657 2672 ultima
2711 2603 2999 2688 speciali,

688 2725 822 2769 non
866 2703 1066 2783 video,
1125 2704 1296 2786 qaod
1339 2704 1415 2769 de
1461 2704 1762 2770 Romano
1804 2703 1953 2785 fieri
1984 2708 2201 2786 posset
2255 2701 2490 2783 electio,
2547 2701 2705 2785 quia
2749 2702 2890 2766 Deo
2935 2705 3007 2764 et

690 2799 933 2865 mundo
999 2800 1323 2866 diceretur
1390 2801 1710 2866 veraciter
1771 2800 2173 2883 impressiva.
2186 2802 2230 2881 ¹)
2337 2801 2434 2865 Ex
2503 2800 2604 2865 his
2673 2800 3004 2883 colligitur

692 2898 882 2974 clare,
930 2897 1375 2964 cardinalibus
1419 2900 1821 2983 propositum
1879 2899 2097 2978 fuisse,
2156 2906 2231 2964 ut
2283 2899 2647 2963 libertatem
2695 2917 2874 2961 suam
2922 2916 3004 2959 eo

691 2997 829 3078 ipso
904 2995 1429 3073 manifestarent,
1515 2996 1686 3080 quod
1767 2996 2309 3078 postulationibus
2376 2994 2549 3058 haud
2618 2992 2997 3057 accedentes

692 3112 827 3155 non
873 3091 1184 3175 eligerent
1231 3091 1614 3157 Romanum.

877 3251 976 3315 12.
1044 3250 1300 3316 Relatio
1358 3249 1434 3314 de
1491 3248 1637 3335 ipsa
1699 3247 1997 3312 electione
2057 3250 2123 3313 in
2188 3246 2456 3327 Fact02)
2519 3246 2765 3312 Urbani
2830 3248 3001 3332 ejus-

694 3346 865 3410 modi
909 3352 1038 3412 est:
1084 3336 1537 3425 „Adveniente
1568 3346 1669 3409 die
1703 3346 1769 3409 8·
1806 3344 2090 3430 ejusdem
2124 3346 2356 3410 mensis
2384 3346 2454 3409 in
2488 3366 2675 3409 mane
2706 3343 3006 3427 sequenti

695 3442 846 3507 dicti
892 3444 1208 3509 sexdecim
1254 3448 1411 3506 tunc
1444 3440 1813 3506 Cardinales
1860 3442 2151 3506 fecerunt
2195 3462 2409 3505 coram
2452 3462 2519 3505 se
2572 3440 2728 3505 duas
2772 3439 3002 3504 missas

694 3540 1020 3617 celebrari,
1067 3561 1266 3603 unam
1312 3538 1388 3601 de
1433 3545 1659 3603 sancto
1691 3535 1956 3621 Spiritu,
2003 3538 2195 3602 aliam
2242 3537 2318 3601 de
2363 3537 2524 3602 feria
2565 3537 3009 3602 concurrenti:

695 3642 760 3701 et
805 3636 976 3702 dicto
1023 3635 1305 3701 conclavi
1353 3635 1517 3698 bene
1562 3633 1777 3698 clauso
1836 3634 2117 3718 undique
2177 3634 2454 3711 firmato,
2517 3635 2870 3698 existentes
2932 3632 3001 3697 in

696 3733 939 3817 capella
985 3732 1205 3816 palatii
1255 3729 1583 3815 praedicta
1636 3730 1812 3795 intra
1865 3730 2108 3795 dictum
2155 3731 2455 3796 conclave
2497 3731 2878 3813 inceperunt
2923 3729 3006 3794 de

697 3830 962 3915 negotio
1029 3829 1357 3894 electionis
1423 3827 1703 3912 colloqui
1773 3834 1839 3890 et
1910 3832 2209 3904 tractare,
2279 3834 2345 3892 et
2417 3835 2578 3893 tunc
2647 3826 3006 3892 Cardinalis

696 3927 1123 3993 Pictaviensis
1153 3925 1317 3989 dixit
1357 3925 1436 3988 ad
1469 3931 1722 4009 partem
1752 3922 2079 3988 Cardinali
2113 3924 2610 3990 Mediolanensi:
2641 3922 2723 3987 In
2752 3923 3012 4006 effectu,

880 4099 920 4166 1)
956 4100 1058 4166 Ap.
1096 4098 1366 4165 Raynald.
1404 4116 1453 4152 a.
1492 4100 1644 4151 1378.
1684 4115 1735 4150 ιι.
1772 4101 1822 4150 4.

876 4177 920 4246 ¹)
959 4178 1024 4232 V.
1062 4177 1402 4245 Raynaldum
1438 4195 1486 4232 a.
1530 4179 1681 4231 1378.
1721 4194 1771 4231 n.
1809 4179 2032 4230 73—96.
