3281 5014
364 2026 494 2068 Bulla
581 2041 676 2067 uam

699 406 770 457 48
1278 402 1453 456 XXX.
1491 402 1574 457 De
1608 401 1944 457 Pontificatu
1981 401 2245 456 Bonifatii
2272 403 2450 456 V111.·

701 545 824 628 prii
870 545 1034 629 juris
1092 539 1461 628 usurparet,
1518 545 1840 628 episcopos
1898 551 2115 610 autem
2173 565 2256 608 ne
2302 543 2638 608 Pontificis
2690 544 3016 609 mandatis

698 642 1224 723 obtemperarent
1254 641 1623 725 impediretz,
1654 640 2021 706 Bonifatius
2042 640 2225 707 VIII.
2260 640 2798 706 constitutionem
2831 641 3007 707 illam

713 735 923 802 Unam
976 740 1271 801 sanctam
1319 736 1547 816 edidit,
1602 737 1671 801 in
1717 759 1846 821 qua
1897 737 2055 801 scite
2107 736 2364 801 disserit
2409 736 2488 800 de
2532 737 2780 803 duabus
2825 744 3006 822 pote·

698 834 1003 911 statibus,
1062 834 1382 916 spirituali
1438 839 1505 897 et
1558 833 1933 917 temporali,
1988 833 2065 896 de
2124 855 2254 898 uua
2309 837 2377 897 et
2427 838 2652 898 sancta
2699 834 3014 909 Ecclesia,

696 930 775 994 de
841 952 988 1007 usu,
1057 931 1187 994 fine
1245 935 1312 995 et
1371 930 1592 995 ordine
1648 930 1985 1014 utriusque
2045 930 2418 1014 potestatis,
2480 930 2558 993 de
2623 932 3016 996 excellentia

695 1027 1039 1110 potestatis
1069 1027 1423 1110 spiritualis
1471 1049 1667 1110 supra
1709 1028 2147 1110 temporalem,
2191 1033 2255 1091 et
2287 1026 2612 1090 concludit
2655 1032 2851 1111 atque
2897 1027 3011 1091 de·

700 1124 874 1201 finit,
931 1145 1189 1188 omnem
1235 1128 1624 1204 creaturam,
1679 1123 1957 1204 (omnem
2006 1123 2329 1186 hominem
2376 1121 2673 1187 videlicet
2727 1124 2861 1188 sive
2907 1146 3010 1188 re·-

696 1241 840 1305 gem
885 1221 1022 1285 sive
1072 1221 1317 1302 alium,)
1362 1220 1440 1284 de
1485 1220 1870 1285 necessitate
1912 1219 2141 1284 salutis
2188 1218 2483 1284 Romano
2513 1219 2812 1286 Pontifici
2858 1221 3013 1285 sub·

697 1339 853 1382 esse.
947 1316 1104 1382 Cum
1162 1317 1319 1383 haec
1363 1316 1556 1381 Bulla
1609 1338 1650 1380 a
1706 1312 2059 1381 Gallicanis
2116 1322 2340 1392 antea,
2402 1317 2639 1381 nostris
2684 1338 2833 1382 vero
2877 1318 3008 1382 die·

695 1413 813 1477 bus
882 1414 965 1478 ab
1027 1415 1340 1498 apostatis
1401 1413 1771 1479 recentibus
1835 1413 2393 1477 vehementissime
2454 1414 2834 1499 impugnata
2899 1415 3014 1491 sit,

694 1514 890 1593 atque
949 1511 1363 1589 exhibeatur,
1437 1516 1510 1576 ut
1573 1514 2062 1574 monumentum
2125 1509 2536 1593 praecipuum
2592 1511 3005 1594 arrogantiae

697 1606 1136 1671 Romanorum
1165 1606 1575 1682 Pontificum,
1623 1628 1754 1691 qua
1798 1605 2302 1670 dominationem
2350 1606 2707 1672 absolutam
2749 1612 2816 1672 et
2859 1608 3009 1671 uni·

695 1704 1005 1771 versalem
1075 1725 1268 1788 super
1330 1726 1513 1788 reges
1578 1704 1776 1767 etiam
1844 1706 1914 1766 et
1980 1722 2182 1785 regna
2250 1703 2550 1767 universa
2612 1686 2736 1770 sibi
2802 1703 3009 1767 vindi·

696 1800 1013 1877 caverint,
1062 1800 1325 1883 juvabit
1369 1800 1682 1884 imprimis
1729 1821 1894 1882 quae
1938 1799 2006 1863 in
2060 1799 2186 1862 ista
2232 1797 2712 1865 Constitutione
2760 1800 3009 1865 haben-

692 1900 819 1972 tur,
867 1896 1080 1960 citare.
1133 1922 1137 1926 ⁴

875 2029 978 2091 53.
1043 2025 1252 2091 Unam
1297 2031 1591 2091 sanctam
1638 2023 1998 2091 Ecclesiam
2045 2023 2441 2104 catholicam,
2490 2030 2549 2090 et
2592 2025 2805 2109 ipsam
2851 2048 3007 2110 apo·

530 2097 570 2130 ια
612 2117 624 2130 ”
694 2121 1004 2203 stolicam,
1053 2126 1324 2205 uryente
1365 2122 1506 2202 fide,
1555 2121 1807 2187 credere
1836 2119 2129 2202 coyimur
2173 2126 2232 2185 et
2274 2126 2501 2200 tenere,
2550 2143 2790 2204 nosque
2832 2122 3009 2189 hane

692 2219 973 2300 firmiter
1018 2219 1340 2285 credimus
1384 2225 1445 2284 et
1497 2217 1880 2302 simpliciter
1935 2217 2345 2299 confitentum
2399 2223 2588 2285 extra
2645 2239 2839 2301 quam
2886 2241 3008 2286 nec

686 2317 873 2383 salus
918 2321 1042 2398 est,
1100 2338 1215 2382 nec
1255 2316 1549 2381 remissio
1594 2319 2033 2398 peccatorum,
2094 2336 2325 2397 sponso
2382 2318 2454 2382 in
2506 2315 2794 2382 Canticis
2838 2338 3001 2399 pro·

693 2413 1044 2480 clamante:
1110 2413 1253 2480 Una
1299 2417 1394 2477 est
1438 2412 1729 2478 columba
1775 2430 1934 2489 mea,
1975 2413 2265 2494 perfecta
2309 2432 2486 2492 mea;
2543 2433 2679 2479 una
2726 2419 2818 2478 est
2862 2435 2997 2478 ma-

692 2512 816 2576 tris
861 2531 1036 2592 suae,
1083 2511 1278 2577 electa
1316 2510 1661 2595 yenitricis
1706 2530 1880 2588 suae,
1929 2527 2094 2589 quae
2124 2530 2331 2576 unum
2378 2531 2610 2593 corpus
2651 2512 2998 2593 mysticum

692 2613 1154 2691 repraesentat,
1189 2608 1377 2691 cujus
1408 2608 1696 2691 corporis
1728 2616 1922 2692 caput
1948 2606 2277 2686 Christus,
2315 2606 2570 2673 Christi
2596 2628 2744 2674 vero
2775 2609 2996 2687 Deus;

688 2706 762 2771 in
805 2726 935 2787 qua
981 2725 1156 2771 unus
1195 2703 1543 2784 Dominus,
1589 2724 1724 2771 una
1768 2706 1941 2786 fi'des,
1990 2724 2196 2772 unum
2246 2703 2629 2786 baptisma..
2714 2705 3003 2788 ‚Igitur

689 2802 1017 2867 Ecclesiae
1044 2801 1248 2866 unius
1283 2805 1345 2864 et
1376 2800 1607 2866 unicae
1655 2822 1862 2868 unum
1890 2822 2141 2885 corpus,
2189 2821 2399 2866 unum
2445 2805 2657 2883 caput,
2703 2822 2836 2866 non
2868 2802 3002 2867 duo

690 2898 906 2981 capita
953 2896 1145 2980 quasi
1188 2902 1578 2977 monstrum,
1638 2897 1948 2964 Christus
1992 2897 2233 2963 scilicet
2276 2900 2336 2960 et
2386 2894 2641 2961 Christi
2686 2898 3000 2976 vicarius,

687 2997 928 3061 Petrus
972 2994 1280 3076 Petrique
1325 3015 1666 3075 successor,
1712 2994 1959 3060 dicente
2004 2993 2289 3059 Domino
2334 2993 2465 3075 ipsi
2508 2993 2733 3059 Petro:
2789 2992 2994 3061 Pasce

687 3112 830 3157 oves
890 3112 1081 3157 meas.
1130 3143 1141 3156 .
1190 3142 1203 3156 .
1251 3142 1264 3155 .
1321 3090 1471 3156 Sive
1532 3112 1682 3174 erqo
1734 3091 1971 3157 Graeci
2031 3090 2165 3155 sive
2221 3089 2343 3154 alii
2395 3110 2461 3153 se
2521 3089 2743 3156 dicant
2796 3091 3002 3156 Petro

687 3189 949 3271 ejusque
1009 3188 1477 3253 successoribus
1510 3207 1664 3254 'non
1707 3208 1840 3253 esse
1894 3187 2283 3266 commissos,
2343 3186 2690 3268 fateantur
2747 3208 3002 3253 necesse·

685 3290 807 3366 est,
873 3305 938 3349 se
983 3286 1059 3350 de
1105 3284 1328 3351 ovibus
1377 3284 1634 3350 Christi
1687 3306 1817 3350 non
1865 3283 2070 3365 esse,¹)
2124 3284 2371 3349 dicente
2415 3283 2701 3349 Domino
2755 3282 2829 3349 in
2875 3284 2992 3348 Jo-

685 3402 886 3462 anne,
941 3402 1146 3447 unum
1196 3381 1357 3446 ovile
1402 3386 1462 3446 et
1506 3381 1776 3447 unicum
1824 3403 1955 3447 esse
1998 3387 2337 3465 pastorem.
2430 3380 2516 3446 In
2562 3379 2683 3446 hac
2728 3381 3000 3464 ejusque

675 3482 994 3561 potestate
1047 3478 1210 3543 duos
1262 3498 1395 3542 esse
1447 3476 1705 3560 yladios
1756 3478 2168 3561 spiritualem
2228 3477 2520 3542 videlicet
2572 3482 2634 3542 et
2679 3483 2990 3561 tempora·

686 3575 836 3654 lem,
884 3574 1303 3659 Evanqelicis
1345 3574 1538 3640 dictis
1581 3576 1999 3641 instruimur.
2091 3575 2265 3640 Nam
2312 3574 2672 3640 dicentibus
2718 3573 2995 3658 Aposto-

685 3671 800 3736 lis:
854 3672 1019 3738 Ecce
1060 3673 1269 3754 yladii
1316 3673 1442 3737 duo
1490 3671 1619 3750 hic,
1667 3673 1740 3739 in
1787 3673 2078 3738 Ecclesia
2125 3672 2393 3753 scilicet,
2447 3693 2647 3755 quum
2696 3671 2998 3754 Apostoli

685 3769 1132 3854 loquerentur,
1197 3791 1327 3835 non
1380 3769 1715 3851 respondit
1758 3769 2119 3848 Dominus,
2181 3768 2383 3833 nimis
2440 3790 2598 3849 esse,
2657 3769 2765 3832 sed
2809 3767 2996 3833 satis.

687 3864 870 3931 Certe
915 3865 1029 3947 qui
1072 3864 1143 3931 in
1194 3869 1514 3950 potestate
1558 3865 1744 3930 Petri
1791 3865 2203 3948 temporalem
2252 3865 2550 3948 yladium
2600 3885 2731 3929 esse
2775 3869 2996 3947 neyat,

684 3962 859 4028 male
894 3964 1157 4029 verbum
1204 3962 1483 4029 attendit
1527 3961 1806 4027 Domini
1857 3962 2283 4045 proferentis:
2339 3961 2644 4028 Converte
2689 3960 2991 4044 qladium

900 4087 1099 4097 ...τῴ-

860 4138 904 4204 ¹)
940 4139 1006 4193 V.
1048 4139 1099 4192 S.
1136 4139 1398 4192 Beruard.
1436 4138 1503 4190 de
1542 4136 1867 4191 considerat.
1906 4137 1965 4192 L.
2003 4138 2075 4192 H.
2114 4154 2159 4191 c.
2197 4140 2246 4190 8.
