3281 5014
1100 430 1183 486 De
1218 431 1381 485 Bulla
1429 431 1602 486 Unam
1638 434 1910 488 Sanctam.
2591 437 2661 489 61

350 568 629 651 spiritus
701 590 897 651 quam
961 592 1222 655 corpus,
1292 576 1474 637 tanto
1546 571 1921 655 spiritualis
1978 577 2269 656 potestas
2338 578 2664 640 terrenam

349 665 484 730 sive
549 666 945 731 saecularem
1011 671 1395 750 potestatem-
1466 667 1708 734 honore
1782 689 1857 734 ac
1931 670 2250 754 diqnitate
2299 668 2302 669 ⁷
2315 670 2665 753 praecedit·

350 760 528 826 Nam
592 761 966 844 spiritualis
1015 768 1304 846 potestas
1364 770 1690 832 terrenam
1746 771 2128 849 potestatem
2198 772 2259 832 et
2320 767 2670 833 instituere

349 853 569 937 habet,
633 863 709 923 ut
753 859 867 936 sit,
927 864 988 923 et
1017 860 1353 943 Judicare,
1410 863 1469 925 si
1528 863 1693 928 bona
1747 885 1879 929 non
1933 865 2178 944 fuerit,·
2236 863 2383 946 ipsa
2428 885 2576 929 vero
2621 885 2666 929 a

352 954 494 1019 Deo
529 954 827 1037 primum
881 956 1193 1023 instituta
1249 963 1377 1037 est,·
1430 964 1491 1023 et
1545 980 1692 1024 cum
1748 960 1964 1025 deviat
2010 981 2054 1025 a
2109 961 2240 1025 solo
2289 960 2432 1024 Deo
2472 960 2663 1043 judi-

352 1051 495 1115 cari
551 1057 784 1133 potest,
850 1052 1020 1118 sicut
1087 1061 1180 1118 est
1237 1054 1577 1137 scriptum:
1649 1055 2041 1138 Spiritualis
2093 1056 2279 1123 homo
2341 1056 2667 1139 dijudicat

352 1147 576 1213 omnia
621 1153 681 1212 et
721 1150 859 1231 ipse
889 1169 930 1214 a
961 1150 1218 1216 nemine
1244 1151 1597 1234 judicatur
1639 1151 1816 1233 (Cor.
1848 1153 1965 1232 II.,
2015 1153 2144 1235 15).
2228 1153 2414 1234 Quod
2444 1158 2664 1219 autem

351 1243 726 1327 spiritualis
762 1250 1079 1328 potestas,
1143 1252 1463 1329 quantum
1517 1248 1604 1312 ad
1657 1249 1949 1314 divinam
2007 1250 2484 1316 institutionem
2527 1270 2662 1333 spe-

351 1345 502 1421 ctat,
550 1346 610 1406 et
644 1341 839 1424 prior
883 1343 972 1408 sit
1019 1347 1313 1427 tempore,
1361 1349 1421 1408 et
1464 1346 1679 1426 major
1727 1345 2065 1428 diqnitate,
2111 1347 2185 1412 in
2229 1346 2344 1412 illo
2389 1346 2666 1428 antiquo

351 1437 585 1502 veteris
627 1437 1054 1505 instrumenti
1089 1441 1333 1523 populo
1377 1441 1726 1523 manifesto
1769 1442 2168 1522 declaratur,
2218 1444 2330 1509 ubi
2365 1443 2665 1526 primum

352 1554 394 1597 a
436 1533 580 1599 Deo
639 1536 1070 1604 sacerdotium
1115 1537 1498 1603 institutum
1553 1541 1673 1618 est,
1725 1543 1953 1620 postea
2006 1560 2155 1605 vero
2205 1561 2327 1622 per
2378 1539 2664 1605 sacerdo-

352 1629 518 1696 tium
566 1631 839 1714 jubente
892 1633 1034 1698 Deo
1096 1633 1338 1717 reyalis
1389 1639 1682 1720 potestas
1743 1638 1838 1698 est
1899 1636 2221 1701 ordinata.
2348 1636 2525 1702 Unde
2585 1635 2664 1700 in

350 1725 646 1792 Ecclesia
690 1727 903 1794 adhuc
948 1730 1370 1795 sacerdotalis
1423 1730 1716 1814 diynitas
1768 1735 2142 1813 potestatem
2190 1732 2466 1814 reyalem
2520 1752 2662 1797 con-

351 1828 586 1902 secrat,
644 1829 705 1888 et
749 1825 1167 1906 sanctificans
1204 1847 1328 1909 per
1373 1827 1898 1907 benedictionem,
1954 1833 2013 1892 et
2056 1829 2355 1909 formans
2389 1849 2513 1910 per
2556 1828 2663 1893 in·

351 1919 774 1987 stitutionem.
866 1922 942 1987 Si
989 1944 1156 2006 erqo,
1200 1928 1274 1989 ut
1315 1923 1474 1988 dicit
1521 1923 1888 2006 Apostolus,
1935 1925 2050 2006 qui
2097 1924 2407 1990 benedicit
2449 1925 2663 2008 major

351 2020 477 2096 est,
526 2022 587 2082 et
630 2017 849 2084 minor
893 2019 1008 2101 qui
1054 2019 1451 2085 benedicitur
1494 2020 1723 2100 (Hebr.
1771 2021 1943 2102 VII„
1993 2022 2084 2104 7),
2132 2027 2381 2088 constat
2425 2022 2668 2104 absque

352 2113 531 2178 omni
588 2114 1020 2196 dubitatione,
1076 2117 1247 2198 quod
1306 2121 1565 2182 terrena
1614 2122 1933 2201 potestas,
1999 2139 2164 2200 quae
2223 2139 2265 2184 a
2325 2117 2668 2201 spirituali

353 2210 850 2278 benedictionem
918 2213 1180 2297 accipit,
1232 2213 1394 2297 jure
1461 2213 1744 2297 inferior
1814 2214 2298 2297 existimetur.¹)
2410 2215 2664 2287 Similia

349 2309 542 2394 plane
589 2310 785 2374 habet
827 2312 1199 2377 Alexander
1244 2311 1564 2390 Halensis‚
1606 2314 1713 2396 qui
1763 2313 1899 2377 fere
1942 2314 2080 2396 ipsa
2120 2313 2421 2398 Hugonis
2465 2313 2662 2378 verba

345 2403 614 2487 affert.²)
714 2407 1026 2494 Aegidius
1081 2406 1416 2473 Romanus
1464 2413 1712 2491 autem,
1771 2433 1849 2474 ex
1913 2432 2041 2494 quo
2099 2415 2443 2474 contextus
2496 2408 2663 2474 Con·

344 2504 710 2570 stitutionis
772 2505 1138 2571 immediate
1201 2505 1575 2589 desumptus
1640 2513 1964 2584 censetur,
2028 2507 2121 2572 ita
2184 2506 2404 2571 habet:
2477 2504 2668 2586 Quod

344 2600 722 2683 spiritualis
783 2606 1066 2684 potestas
1123 2601 1469 2667 instituere
1522 2600 1712 2666 habet
1767 2606 2093 2668 terrenam
2128 2607 2540 2687 potestatem,
2600 2606 2663 2666 et

344 2697 406 2762 si
454 2702 717 2763 terrena
754 2703 1042 2780 potestas
1089 2698 1254 2763 bona
1305 2719 1437 2763 non
1480 2697 1718 2781 fuerit,
1770 2698 2143 2782 spiritualis
2186 2696 2491 2782 potestas
2519 2719 2662 2764 eam

336 2795 586 2877 poterit
610 2794 993 2878 judicare.³)
1087 2796 1391 2860 Advertit
1445 2797 1701 2880 quidem
1757 2795 1898 2860 Em.
1946 2797 2436 2882 Hergenrbther
2490 2798 2663 2861 inter

348 2894 476 2957 alia
524 2892 790 2972 (Kirche
835 2916 896 2959 u.
945 2891 1136 2958 Staat
1180 2892 1270 2959 ed.
1325 2894 1377 2955 l.
1421 2914 1483 2975 p.
1537 2893 1687 2956 302.
1735 2900 1892 2957 nota
1936 2894 2034 2972 9),
2094 2915 2292 2978 quum
2350 2894 2470 2958 hoc
2522 2893 2664 2958 loco

347 2995 571 3055 textus
626 2989 853 3054 Bullae
906 2990 1145 3054 directe
1204 2994 1271 3054 et
1330 2988 1697 3054 immediate
1754 3010 1835 3053 ex
1880 2987 2154 3074 Aegidio
2201 2990 2497 3055 Romano
2557 2990 2667 3053 de-

346 3095 605 3172 cerptus
661 3088 774 3166 sit,
837 3108 1097 3151 sensum
1155 3086 1495 3151 verborum
1560 3108 1693 3150 non
1748 3086 1957 3150 dirimi
2022 3108 2101 3151 ex
2166 3090 2473 3151 contextu
2521 3086 2661 3151 Hu-

345 3187 535 3271 gonis
581 3210 618 3250 a
664 3184 729 3251 S.
766 3184 1053 3269 Victore3
1109 3183 1178 3248 in
1228 3187 1412 3248 textu
1469 3188 1689 3247 autem
1736 3183 1990 3267 Aegidii
2035 3183 2274 3266 optime
2320 3181 2668 3247 instituere

343 3282 512 3346 sumi
560 3304 743 3364 posse
785 3304 901 3365 pro
953 3280 1402 3346 instructione.
1496 3277 1927 3344 Admitterem
1987 3280 2274 3363 quidem,
2329 3302 2465 3344 non
2511 3299 2665 3360 per·

346 3376 658 3460 emptoris
700 3378 875 3444 hunc
919 3399 1179 3443 sensum
1221 3377 1452 3454 refelli,
1499 3375 1610 3441 sed
1656 3398 1854 3459 quum
1886 3376 2225 3461 AegidiuS,
2268 3376 2369 3441 uti
2415 3381 2481 3441 et
2508 3378 2660 3441 Ale·

346 3474 597 3539 xander
640 3473 973 3553 HalensiS,
1029 3495 1145 3537 sua
1190 3472 1619 3555 desumpserit
1665 3493 1742 3536 ex
1795 3471 2101 3557 Hugone‚
2149 3474 2380 3537 merito
2425 3494 2661 3555 suppo-

346 3574 551 3649 nitur,
594 3571 777 3635 illum
823 3571 1017 3635 etiam
1051 3568 1273 3635 eodem
1317 3590 1508 3633 sensu
1555 3570 1683 3633 ista
1712 3568 1904 3633 verba
1949 3569 2332 3648 adhibuisse,
2381 3575 2448 3635 et
2491 3569 2664 3634 hunc

345 3670 546 3733 fuisse
593 3667 797 3732 veluti
843 3690 1100 3731 sensum
1149 3665 1628 3732 traditionalem
1676 3665 1825 3729 inde
1872 3687 1910 3729 a
1956 3666 2203 3731 duobus
2249 3668 2536 3733 saeculis.

527 3929 581 3997 ¹)
609 3929 692 3984 De
731 3928 968 3983 Sacram.
1007 3928 1066 3982 L.
1107 3929 1211 3981 ΙΠ.
1250 3945 1295 3982 c.
1331 3932 1382 3981 4.

525 4008 568 4075 ²)
608 4008 826 4062 Summa
876 4006 1067 4061 Theol.
1120 4008 1184 4060 P.
1230 4007 1325 4062 IV.
1376 4023 1464 4074 qu.
1511 4006 1580 4060 X.
1638 4007 1866 4062 membr.
1917 4008 1965 4060 5.
2018 4012 2121 4061 art.
2157 4009 2206 4061 2.
2257 4007 2341 4063 De
2391 4006 2667 4062 sacrificio

346 4089 566 4154 missae,
602 4089 795 4142 verbo:
834 4093 893 4142 et
926 4102 1062 4156 rege
1098 4091 1303 4141 nostro.
1379 4088 1484 4155 Ap.
1521 4085 1749 4140 Molitor
1784 4087 1821 4140 1.
1861 4102 1905 4141 c.
1944 4102 1998 4153 p.
2040 4088 2155 4141 101.

528 4166 572 4234 ³)
609 4168 692 4222 De
730 4167 922 4222 eccles.
961 4172 1070 4234 pot.
1109 4167 1169 4220 L.
1208 4167 1251 4221 I.
1292 4184 1336 4220 c.
1372 4171 1424 4220 4.
