3281 5014
358 3368 529 3410 'sextus
564 3367 671 3411 Con-

383 3429 641 3472 stitutionis.

688 428 759 479 22
1276 426 1446 480 XXX.
1486 427 1570 481 De
1607 426 1942 482 Pontificatu
1977 427 2248 482 Bonifatii
2273 427 2426 482 VIII.

664 566 860 649 ³mias
923 565 1214 648 deplorat
1287 570 1634 649 competere
1696 565 1996 633 videatur
2015 588 2037 632 .·
2108 568 2446 652 „princeps
2502 566 3000 651 provinciarum

687 663 868 746 facta
914 666 1008 727 est
1051 662 1169 728 sub
1219 661 1526 742 tributo“,
1583 662 1717 728 sive
1772 663 2029 744 quidem
2076 664 2355 731 decimas
2412 685 2527 730 seu
2575 663 2713 730 alia
2759 666 2999 746 quaeli-

694 758 791 824 bet
836 758 964 824 sibi
1009 757 1411 825 attrahentes
1455 758 1533 823 de
1579 758 1764 825 bonis
1808 760 2247 841 ecclesiarum,
2309 760 2689 827 clericorum
2734 766 2797 826 et
2831 783 2999 846 pau·

682 876 921 939 perum
957 854 1213 921 Christi
1243 854 1475 921 usibus
1502 855 1849 938 deputatis,
1881 857 2412 939 jurisdictionem
2442 860 2641 923 etiam
2688 862 2750 923 et
2779 863 3000 924 aucto-

691 952 955 1017 ritatem
1001 973 1221 1019 eorum
1269 950 1491 1017 taliter
1531 957 1946 1033 evacuantes,
2005 958 2081 1019 ut
2126 953 2220 1018 eis
2270 954 2576 1020 videatur
2616 954 2787 1020 nihil
2822 959 3000 1039 pote-

690 1050 882 1115 statis
927 1070 1123 1132 super
1166 1047 1445 1114 ecclesiis
1489 1048 1588 1113 vel
1622 1050 1927 1131 personis
1971 1050 2413 1117 ecclesiasticis
2461 1052 2867 1117 remansisse.
2895 1103 2909 1117 .
2943 1103 2956 1116 .
2986 1103 3000 1117 .

695 1145 881 1225 Quod
925 1146 1017 1210 eis
1054 1166 1180 1229 per
1210 1148 1596 1229 potestatem
1630 1166 1994 1212 concessum
2042 1151 2160 1223 est,
2221 1147 2295 1213 in
2343 1147 2498 1212 cleri
2555 1147 2880 1230 injuriam
2927 1167 3003 1214 ac

690 1240 764 1307 in
800 1263 1174 1325 pauperum
1208 1241 1566 1324 penuriam
1607 1243 1871 1326 faciunt
1900 1243 2287 1324 redundare,
2331 1249 2392 1310 et
2436 1265 2579 1310 cum
2627 1245 2821 1311 multi
2846 1267 3000 1311 con·

690 1338 862 1404 sules
896 1338 1308 1422 principum,
1369 1343 1502 1404 tam
1548 1338 1766 1405 clerici
1811 1360 2006 1421 quam
2048 1338 2198 1419 alii,
2257 1340 2563 1423 propriae
2611 1341 3003 1424 prudentiae

689 1434 1043 1500 innitentes
1088 1439 1148 1499 et
1192 1434 1552 1500 humanam
1597 1435 1897 1501 amittere
1947 1435 2241 1518 qratiam
2291 1436 2724 1519 formidantes
2767 1437 2861 1503 eis
2904 1452 3000 1502 re·

691 1535 792 1597 cta
844 1531 1021 1614 loqui
1078 1531 1271 1597 libere
1321 1531 1793 1614 pertimescunt
1836 1581 1850 1597 .
1897 1582 1912 1596 .
1960 1582 1973 1597 .
2023 1532 2201 1597 Hinc
2245 1538 2367 1613 est,
2422 1534 2592 1616 quod
2649 1532 3002 1599 Sanctitati

689 1633 939 1698 vestrae
984 1629 1059 1693 de
1104 1649 1235 1710 qua
1279 1628 1350 1692 id
1390 1628 1561 1711 quod
1595 1649 1823 1695 sumus
1876 1633 1938 1694 et
1984 1629 2232 1694 erimus
2270 1636 2642 1713 cognoscere
2687 1631 3000 1710 volumus,

688 1724 1136 1813 supplicamus
1195 1745 1339 1790 cum
1402 1724 1579 1791 omni
1626 1724 1963 1808 affectione
2010 1747 2140 1808 qua
2190 1747 2539 1811 possumus
2583 1732 2643 1792 et
2689 1726 3003 1792 desiderio

679 1822 844 1905 puri
887 1821 1128 1899 cordiS,
1177 1827 1254 1886 ut
1298 1820 1449 1886 huic
1494 1821 1714 1887 morbo
1760 1822 2070 1903 pestifero
2115 1828 2366 1888 vestrae
2404 1824 2665 1907 qratiae
2709 1844 2787 1888 ac
2821 1828 3000 1907 pote-

688 1920 880 1984 statis
926 1918 1218 1983 subsidia
1263 1916 1660 2001 porriyatis,
1714 1918 1855 1983 sine
1910 1918 2150 2001 quibus
2211 1924 2425 1986 status
2478 1918 2594 1985 diu
2650 1925 2826 1984 stare
2871 1941 3000 1985 non

680 2016 924 2098 poterit
972 2013 1314 2093 clericalis,
1371 2012 1486 2095 qui
1533 2034 1711 2079 nunc
1757 2035 1881 2097 per
1932 2016 2251 2081 mundum
2308 2015 2649 2081 titubando
2688 2016 3003 2099 ,qv-aditur

688 2111 1098 2189 universum,
1158 2132 1297 2175 cum
1345 2110 1571 2176 nullus
1616 2110 1857 2177 audeat
1891 2132 2019 2194 pro
2065 2111 2434 2194 defensione
2479 2112 2806 2177 Ecclesiae
2854 2133 2996 2177 voce

689 2207 893 2272 libera
959 2207 1161 2290 hujus
1226 2207 1457 2273 mundi
1500 2207 1931 2289 potestatibus
1991 2208 2352 2288 contraire,
2401 2209 2576 2274 licet
2621 2209 3003 2291 pastoribus

688 2309 864 2369 recta
920 2304 1213 2369 timuisse
1267 2303 1501 2383 dicere,
1555 2303 1728 2369 nihil
1779 2304 1865 2369 ad
1917 2325 2027 2370 eas
2081 2325 2279 2413 quam
2324 2309 2507 2387 terya
2566 2303 2757 2370 tacite
2803 2324 3001 2387 prae·

692 2400 901 2466 buisse
955 2421 1030 2466 ac
1082 2421 1381 2484 puqnam
1436 2421 1558 2482 pro
1612 2400 1797 2466 domo
1856 2401 2071 2467 Isra'e‘l
2130 2401 2206 2467 in
2254 2401 2512 2484 praelio
2559 2399 2833 2466 Domini
2878 2401 3004 2465 evi-

689 2502 888 2578 tasse,
948 2520 1107 2581 quos
1152 2497 1483 2564 Dominus
1536 2497 1832 2582 increpat
1873 2520 1992 2583 per
2040 2498 2328 2565 Isaiam:
2396 2497 2603 2566 Canes
2657 2498 2825 2564 muti
2869 2519 3000 2564 non

689 2595 974 2660 valentes
1018 2595 1079 2660 la
1089 2600 1284 2660 trare.
1368 2594 1556 2659 Vivat
1602 2615 1679 2659 ac
1723 2596 1937 2661 valeat
1980 2595 2205 2661 Vestra
2251 2594 2587 2661 Sanctitas
2631 2595 2999 2674 reverenda,

687 2690 875 2756 nobis
926 2694 989 2756 et
1033 2688 1287 2756 Christi
1330 2691 1739 2773 pauperibus
1795 2692 1863 2757 in
1911 2691 2270 2776 praedictis
2330 2690 2595 2773 aliquod
2646 2690 3001 2756 remedium

688 2787 966 2867 salubre,
1015 2787 1397 2869 conferendo
1443 2809 1586 2854 cum
1638 2788 1790 2853 libet
1829 2788 2116 2854 Domino
2154 2809 2494 2871 prospera,
2544 2787 2658 2869 qui
2704 2786 2783 2851 ab
2825 2785 3000 2871 affli-

689 2883 810 2949 ctis
847 2883 1036 2966 pellit
1081 2875 1369 2964 adversa,
1415 2889 1490 2950 ut
1535 2884 1654 2951 sub
1701 2885 1810 2950 ala
1843 2885 2271 2968 protectionis
2306 2883 2653 2968 possimus,
2700 2888 2777 2949 ut
2823 2882 3002 2966 cupi-

689 3002 862 3061 mus,
913 2982 1240 3065 respirare
1285 3002 1360 3047 ac
1390 2981 1704 3056 ,umbram
1750 2981 2110 3047 sentiamus
2149 2980 2589 3065 qratitudinis
2634 2985 2695 3045 et
2742 2980 2999 3062 quietis.

692 3079 929 3146 Eodem
1002 3089 1289 3164 tempore
1371 3081 1565 3144 etiam
1637 3103 1716 3144 ex
1785 3078 2027 3164 Anglia
2107 3080 2347 3145 similes
2415 3079 2711 3164 querelae
2778 3083 3003 3143 eontra

698 3176 1060 3242 Eduardum
1109 3198 1324 3262 regem
1372 3177 1448 3241 ad
1497 3175 1720 3242 Sedem
1769 3175 2207 3260 Apostolicam
2253 3175 2502 3240 delatae
2548 3179 2718 3241 sunt.

866 3275 967 3337 24.
1021 3273 1207 3338 Tunc
1264 3274 1467 3359 igitur
1509 3271 1914 3351 Bonifatius,
1974 3279 2048 3335 ut
2102 3273 2362 3336 clericos
2419 3274 2646 3336 contra
2700 3271 2844 3336 illas
2890 3292 2999 3335 ex-

693 3371 978 3437 actiones
1024 3375 1343 3447 tueretur‚-
1382 3369 1926 3435 constitutionem
1979 3365 2257 3432 Clericis
2303 3365 2501 3431 laicos
2546 3366 2763 3431 edidit.
2856 3363 2998 3430 C'le-

690 3465 849 3532 ricis
902 3465 1127 3545 laicos,
1186 3469 1280 3531 ita
1332 3468 1400 3531 in
1461 3466 1579 3529 hae
1635 3464 2121 3530 Constitutione
2173 3464 2514 3540 Pontifex,
2573 3461 2847 3545 infestos
2892 3482 2997 3543 op-

681 3562 840 3645 pido
888 3562 1094 3628 tradit
1124 3561 1524 3644 antiquitas:
1568 3559 1740 3643 quod
1781 3564 1842 3624 et
1880 3559 2329 3642 praesentium
2375 3557 2818 3640 experimenta
2850 3561 2998 3622 tem·

682 3680 921 3742 porum
981 3658 1326 3740 manifeste
1379 3657 1743 3739 declarant,
1810 3655 1965 3720 dum
2020 3653 2160 3720 suis
2214 3653 2459 3735 finibus
2520 3674 2652 3719 non
2697 3651 2996 3737 contenti,

688 3755 1002 3821 nituntur
1045 3755 1116 3820 in
1163 3754 1461 3831 vetit-um,
1521 3751 1608 3818 ad
1646 3751 1881 3816 illicita
1934 3751 2130 3833 frena
2175 3751 2507 3829 relaxant,
2558 3769 2673 3814 nec
2709 3749 2996 3831 pruden-

691 3857 789 3917 ter
837 3851 1211 3929 attendunt,
1270 3870 1465 3932 quam
1512 3848 1599 3913 sit
1648 3848 1741 3913 eis
1785 3848 1858 3912 in
1905 3845 2164 3913 clericos
2208 3845 2743 3911 ecclesiasticasve
2777 3865 2996 3929 perso-

689 3969 813 4014 nas
861 3952 920 4012 et
967 3948 1134 4013 bona
1186 3945 1536 4012 interdicta
1580 3948 1907 4029 potestas:
1962 3942 2373 4008 ecclesiarum
2408 3940 2758 4024 praelatis,
2817 3941 2998 4006 eccle-

691 4044 828 4124 siis,
875 4043 1444 4125 ecclesiasticisque
1480 4041 1783 4125 personis
1828 4039 2241 4123 reqularibus
2286 4043 2348 4103 et
2392 4036 2837 4104 saecularibus
2877 4036 2997 4101 im·

683 4145 944 4224 ponunt
990 4160 1187 4205 onera
1224 4139 1492 4223 qravia,
1538 4138 1835 4222 ipsosque
1880 4134 2171 4213 talliant,
2218 4140 2280 4200 et
2326 4135 2419 4199 eis
2462 4133 2749 4199 collectas
2795 4133 2996 4215 impo-
