3281 5014
671 437 777 489 418
1071 435 1321 488 XXXVI.
1361 436 1442 490 De
1481 440 1633 489 statu
1670 435 1954 490 Ecclesiae
1992 440 2257 503 vergente
2297 451 2437 490 saec.
2475 434 2597 488 XV.

672 577 918 641 illatam
983 576 1283 660 injuriam
1347 578 1790 662 injustamque
1841 577 2280 661 ignominiam.
2385 577 2633 662 Rejecti
2695 599 2733 640 a
2790 582 2855 641 te
2912 596 2993 643 ac

671 682 806 737 tam
875 673 1117 756 insigni
1194 674 1583 739 contumelia
1659 674 1904 755 affecti,
1991 673 2345 737 dilabemur
2420 675 2653 757 passim
2729 674 2807 737 ad
2883 696 2989 737 re·

672 791 784 855 ges
829 791 903 833 ac
955 770 1270 853 principes
1327 791 1561 854 eosque
1616 770 2132 846 adhortabimur,
2189 777 2264 834 ut
2316 771 2433 834 tibi
2487 769 2842 834 Concilium
2889 771 2991 834 in·

672 867 922 944 dicant,
993 868 1062 931 in
1133 874 1261 951 quo
1329 868 1730 950 potissimum
1800 868 2115 931 rationem
2187 867 2452 931 reddere
2519 867 2797 950 cogaris,
2876 888 2996 931 cur

674 985 792 1028 nos
863 964 1154 1046 legitima
1221 965 1624 1047 possessione
1692 964 2080 1046 spoliaveris.
2199 963 2408 1027 Lectis
2478 964 2713 1027 litteris
2783 963 2983 1027 Plati-

672 1083 825 1124 nam
869 1082 1047 1125 reum
1095 1061 1454 1144 majestatis
1501 1061 1787 1137 accersit,
1835 1061 1904 1123 in
1953 1081 2268 1124 carcerem
2306 1060 2530 1135 trahit,
2578 1059 2993 1142 compedibus

672 1158 978 1239 revincit,
1032 1158 1239 1221 mittit
1283 1156 1686 1221 Theodorum
1735 1156 2144 1220 Tarvisinum
2201 1157 2563 1239 episcopum
2622 1159 2732 1239 qui
2791 1178 2985 1239 quae-

675 1254 948 1317 stionem
997 1253 1292 1317 habeat.“

852 1394 957 1457 22.
1017 1392 1173 1456 Post
1234 1397 1513 1475 quatuor
1571 1415 1822 1456 menses
1884 1397 2105 1456 tamen
2164 1392 2458 1456 dimissus
2519 1393 2643 1456 fuit
2710 1392 2991 1470 Platina,

674 1489 785 1553 sed
843 1487 991 1565 inde
1046 1490 1126 1552 ab
1180 1489 1424 1572 aliquot
1469 1490 1659 1553 annis
1711 1490 1860 1574 jure
1919 1490 2296 1571 gravissima
2355 1491 2629 1573 suspicio
2691 1493 2832 1553 orta
2862 1495 2993 1553 ,est

670 1586 748 1650 de
816 1585 1264 1670 conjuratione
1333 1585 1403 1648 in
1479 1584 1750 1648 Paulum
1815 1585 1899 1651 ΙΙ.
1966 1586 2139 1650 facta
2201 1608 2239 1649 a
2305 1585 2695 1650 Callimacho
2763 1572 2987 1665 acade-

670 1683 864 1761 micO,
936 1687 1003 1746 et
1066 1682 1147 1744 ob
1211 1680 1446 1745 indicia
1515 1682 1825 1765 quaedam
1892 1683 2086 1746 etiam
2157 1681 2421 1746 Platina
2487 1705 2627 1746 cum
2698 1683 2994 1766 pluribus

672 1780 814 1844 aliis
885 1777 1149 1842 eruditis
1218 1768 1390 1841 viris'
1435 1779 1503 1842 in
1571 1800 1777 1843 arcem
1850 1777 1914 1844 S.
1978 1780 2216 1864 Angeli
2286 1780 2602 1853 inclusuS,
2672 1791 2740 1844 et
2800 1801 2998 1844 causa

670 1880 893 1940 contra
970 1897 1075 1939 eos
1145 1879 1289 1938 acta
1364 1880 1479 1938 est.
1602 1874 1738 1949 Qua
1807 1875 1874 1938 in
1950 1897 2019 1957 re
2087 1875 2435 1940 secundum
2506 1897 2743 1939 morem
2812 1875 2995 1938 illius

669 1972 973 2055 temporis
1043 1971 1237 2035 etiam
1310 1972 1603 2055 quaestio
1663 1969 1969 2055 (tortura)
2039 1971 2327 2036 adhibita
2391 1973 2536 2035 fuit.
2643 1972 2815 2047 Quae
2885 1975 2993 2035 ta-

670 2091 821 2133 men
876 2068 953 2132 de
996 2074 1135 2132 toto
1190 2068 1300 2132 illo
1350 2068 1608 2151 negotio
1662 2073 1726 2132 et
1780 2068 1857 2132 de
1914 2069 2260 2132 tormentis
2318 2075 2545 2132 narrat
2589 2067 2869 2132 Platina·
2905 2068 2989 2130 ad

545 2160 573 2188 '
668 2165 999 2229 rhetorum
1054 2169 1258 2229 artem
1319 2170 1712 2248 exaggerata
1769 2171 1943 2230 sunt.
1984 2244 1985 2247 Ἴ
2038 2165 2277 2249 Liquet
2321 2186 2470 2229 vero
2527 2187 2658 2229 non
2694 2166 2793 2227 'ex
2841 2164 2995 2228 odio

668 2263 738 2326 in
795 2262 962 2326 viros
1022 2261 1349 2324 litteratos
1412 2268 1477 2324 et
1538 2260 1786 2334 doctos,
1849 2261 1955 2325 secl
2012 2267 2271 2345 propter
2325 2260 2767 2326 vehementem
2830 2283 2991 2325 con·

666 2359 1040 2442 spirationis
1084 2357 1513 2440 suspicionem
1559 2355 1944 2422 Pontificem
1994 2359 2063 2421 in
2110 2357 2224 2422 hos
2272 2358 2438 2421 viros
2486 2358 2710 2421 durius
2758 2360 2990 2442 egisse.

668 2452 817 2520 Non
874 2456 1107 2520 mirum
1161 2459 1380 2519 tamen
1438 2457 1563 2531 est,
1627 2454 1820 2518 simul
1862 2453 2137 2520 Paulum
2187 2453 2301 2530 ΙΙ..
2365 2455 2460 2519 uti
2514 2454 2774 2519 Platina
2829 2476 2989 2519 nar-

666 2557 798 2629 rat,
858 2553 935 2616 de
983 2551 1350 2615 vehementi
1406 2556 1471 2614 et
1524 2551 1660 2614 fere
1713 2552 1937 2634 inepta
1994 2551 2404 2635 antiquitatis
2458 2573 2746 2635 paganae
2795 2549 2985 2635 prae-'-

667 2650 1037 2725 dilectione,
1097 2669 1224 2731 qua
1277 2648 1695 2711 christianam
1752 2648 2128 2732 religionem
2184 2669 2385 2731 paene
2441 2647 2761 2759 despicere
2810 2647 2980 2711 vide-

667 2748 934 2825 bantur,
996 2746 1140 2809 illos
1206 2744 1500 2808 homines
1561 2747 1944 2828 increpasse.
2049 2744 2427 2808 Videbimus
2490 2746 2690 2821 enim,
2752 2741 2989 2808 huma-

667 2841 880 2907 nisiae
927 2842 1165 2906 multos
1216 2862 1291 2903 ea
1335 2845 1550 2904 aetate
1597 2863 1823 2904 revera
1867 2847 2006 2905 tum
2056 2841 2338 2904 moribus
2383 2846 2520 2904 tum
2572 2841 2992 2924 opinionibus

597 3015 600 3020 .
666 2940 942 3024 gentiles
1002 2938 1216 3021 potius
1281 2959 1474 3021 quam
1537 2937 1937 3002 Christianos
2002 2937 2198 3001 fuisse
2259 2941 2531 3002 secutos.
2640 2937 2989 3018 Caeterum

667 3057 817 3100 vero
880 3036 1051 3098 viros
1113 3035 1436 3100 litteratos
1495 3056 1533 3097 a
1583 3034 1781 3098 Paulo
1843 3035 2007 3098 bene
2054 3033 2310 3097 habitos
2371 3037 2438 3098 et
2497 3017 2861 3097 beneficiis
2873 3054 2988 3097 cu-

667 3133 946 3195 mulatos
1008 3131 1234 3208 fuisse,
1300 3132 1473 3196 facta
1536 3137 1602 3197 et
1670 3132 1908 3214 scripta
1971 3153 2345 3195 coaevorum
2417 3137 2764 3195 testantur.
2877 3128 2992 3193 Sic

667 3227 1081 3316 ΡΙῙΔΡΙῙΠΒ,
1131 3227 1446 3313 Georgius
1492 3227 2039 3314 TrapezuntinuS,
2097 3227 2353 3292 Flavius
2398 3226 2714 3309 Blondus‚
2772 3225 2981 3289 Theo-

669 3325 859 3388 dorus
926 3324 1125 3414 Gaza,
1199 3324 1491 3389 Joannes
1561 3325 1893 3404 Antonius
1954 3321 2321 3438 Campanus
2390 3327 2527 3409 ejus
2603 3324 2992 3388 benevolum

670 3422 950 3485 animum
1000 3423 1246 3504 experti
1294 3429 1467 3485 sunt.

677 3637 678 3640 ,
845 3571 946 3633 23.
1026 3568 1327 3634 Platinae
1393 3569 1852 3633 accusationes*
1901 3519 2064 3632 alias
2129 3525 2372 3633 nullius
2412 3567 2751 3631 ·momenti
2827 3588 2995 3641 esse,

667 3687 745 3729 ex
793 3666 980 3729 dictis
1034 3666 1359 3748 conjicies:
1417 3665 1487 3727 in
1545 3665 1775 3728 malam
1835 3669 2084 3747 partem
2133 3665 2427 3728 videlicet
2471 3663 2819 3727 Pontificis
2854 3684 2996 3727 mo*

667 3785 766 3829 res
834 3767 899 3827 et
970 3768 1149 3825 actus
1218 3762 1707 3844 interpretatur.
1823 3759 1928 3826 Sic
1997 3761 2235 3825 Paulus
2299 3761 2383 3825 ΙΙ.
2444 3763 2602 3825 satis
2668 3759 2994 3823 sollicitus

669 3866 809 3925 erat
882 3859 959 3922 de
1031 3864 1301 3922 externa
1371 3856 1646 3940 quadam
1715 3860 2057 3943 majestate
2126 3864 2192 3922 et
2258 3858 2580 3943 dignitate
2646 3855 2996 3920 Pontificis

669 3961 734 4021 et
795 3954 1263 4028 Car-dinalium3
1332 3954 1482 4018 inde
1542 3953 1844 4030 Platinae
1916 3956 2279 4033 accusatio,
2340 3976 2479 4018 eum
2551 3953 2745 4017 fuisse
2793 3973 3009 4021 ‚sum·‚

665 4059 988 4136 ptuosum.
1109 4050 1409 4130 „Etenim
1468 4052 1595 4115 fuit
1654 4054 1724 4115 in
1786 4051 2075 4129 homine,
2138 4051 2362 4116 scribit
2426 4050 2711 4126 Platina,
2779 4070 2986 4132 quan·

666 4161 805 4215 tum
850 4149 928 4213 ad
976 4140 1204 4231 corpus
1252 4148 1556 4232 pertinet,
1599 4150 1903 4232 majestas
1948 4147 2264 4213 Pontifice
2311 4148 2527 4232 digna.
2605 4146 2766 4211 Erat
2810 4146 2994 4210 enim
