3281 5014
1135 398 1405 453 Theoriae
1442 398 1509 453 de
1544 398 1802 467 Imperio,
2525 401 2628 452 199

308 540 678 606 immediate
730 566 767 607 a
814 541 953 606 Deo
1001 563 1136 606 esse
1184 545 1381 624 atque
1434 541 1731 605 conferri.
1824 539 2180 623 Imperator
2234 563 2453 623 porr0,
2512 562 2622 604 seu

310 636 664 703 Monarcha
720 637 1086 713 Romanus,
1144 635 1487 702 secundum
1552 642 1875 701 auctorem
1933 636 2009 701 de
2062 639 2214 722 jure
2271 635 2629 701 Monarcha

310 733 534 798 m'undi
587 738 715 814 est,
776 735 1066 818 adeoque
1127 734 1489 798 universale
1550 733 1744 798 habet
1799 731 2165 816 Imperium.
2260 732 2620 798 Identicum

310 852 462 895 vero
500 830 625 915 ipsi
676 836 773 896 est
826 832 1163 915 antiquum
1215 829 1561 913 Imperium
1604 829 1967 895 Romanum
2020 831 2303 915 Augusti
2361 837 2428 895 et
2474 829 2626 895 Tra·

301 928 446 1013 jani
493 949 635 993 cum
683 950 851 993 novo
898 928 1177 1011 Imperio
1236 926 1603 993 christiano.
1699 927 1993 992 Romana
2052 928 2205 991 urbs
2260 933 2474 991 autem
2523 934 2628 990 est

309 1024 572 1088 feudum
619 1026 980 1109 imperiale,
1038 1031 1105 1088 et
1151 1022 1485 1101 Pontifex,
1541 1026 1652 1108 qui
1701 1046 1780 1088 ex
1817 1024 2166 1089 donatione
2206 1023 2623 1089 Constantini

310 1121 742 1205 principatum
799 1122 1048 1185 civilem
1092 1119 1322 1196 habet,
1383 1126 1484 1184 est
1533 1121 1812 1185 vasallus
1858 1118 2300 1204 Imperatoria,
2358 1124 2424 1183 et
2483 1120 2628 1182 uni·

311 1218 543 1282 versim
600 1217 751 1281 huic
806 1218 875 1282 in
935 1217 1123 1281 rebus
1180 1216 1453 1300 politicis
1511 1219 1576 1279 et
1632 1216 2091 1300 temporalibus
2145 1215 2626 1280 subordinatur.

311 1312 435 1379 Sed
489 1313 848 1398 Imperator
903 1313 1356 1378 subordinatus
1410 1318 1508 1378 est
1559 1312 1862 1378 Pontifici
1923 1319 1994 1377 ut
2049 1312 2370 1378 Ecclesiae
2429 1312 2624 1395 capiti

312 1413 379 1475 in
435 1411 627 1475 rebus
686 1410 1162 1494 spiritualibus,
1225 1432 1298 1474 ac
1356 1409 1716 1494 generatim
1777 1409 2052 1474 maxime
2107 1409 2384 1473 revereri
2437 1409 2631 1473 debet

311 1506 694 1572 Pontificem
750 1512 825 1571 ut
878 1507 1049 1571 filius
1106 1511 1355 1590 patrem
1414 1507 1609 1570 etiam
1666 1507 1732 1570 in
1791 1528 1907 1570 sua
1958 1527 2168 1571 rerum
2218 1506 2629 1569 administra-

312 1605 511 1669 tione.
603 1601 743 1668 Illa
788 1601 1001 1685 iqitur
1036 1601 1432 1680 reverentia,
1491 1601 1735 1685 inquit,
1796 1599 2036 1666 Caesar
2092 1605 2328 1666 utatur
2378 1601 2465 1666 ad
2509 1600 2631 1665 Pe-

313 1703 519 1777 trum,
578 1719 709 1782 qua
744 1697 1226 1782 primoyenitus
1277 1696 1459 1775 filius
1512 1696 1689 1762 debet
1743 1697 1845 1763 uti
1890 1696 1977 1762 ad
2018 1700 2310 1780 patrem,
2370 1702 2444 1761 ut
2490 1696 2630 1763 luce

301 1799 623 1879 paternae
682 1795 944 1880 qratiae
1005 1794 1382 1860 illustratus
1447 1792 1810 1860 virtuosius
1877 1793 2088 1860 orbem
2161 1799 2374 1860 terrae
2449 1793 2626 1860 irra-

313 1892 515 1974 diet.¹)
608 1893 751 1958 Etsi
796 1916 947 1959 vero
996 1894 1273 1970 DanteS,
1318 1893 1640 1958 inculcata
1686 1893 1999 1976 ejusmodi
2045 1892 2408 1957 reverentia
2455 1893 2625 1956 miti·

312 1997 425 2075 get
472 1994 537 2054 et
583 1991 886 2055 emulciat
913 1990 1270 2055 doctrinam
1319 2012 1522 2068 suam,
1568 2010 1709 2053 cum
1757 2010 1833 2053 ea
1877 1994 2095 2054 tamen
2142 2011 2294 2055 vera
2342 1981 2630 2073 potestas

312 2086 623 2151 indirecta
669 2087 945 2152 Romani
989 2085 1324 2151 Pontificis
1377 2088 1445 2150 in
1493 2086 1873 2170 temporalia
1928 2088 2277 2151 consistere
2324 2082 2645 2171 nequit&

315 2183 651 2248 Caeterum
715 2183 981 2248 theoriis
1050 2183 1215 2259 suis,
1284 2204 1449 2266 quae
1518 2182 1598 2246 ad
1646 2187 1933 2266 'systema
2002 2184 2331 2268 cujusdam
2392 2183 2628 2247 coordi-

313 2280 598 2345 nationis
660 2281 998 2364 utriusque
1059 2280 1404 2363 potestatis
1456 2280 1808 2362 spiritualis
1860 2286 1927 2344 et
1987 2279 2357 2362 temporalis
2413 2279 2628 2343 reduci

312 2377 591 2461 possint,
665 2379 800 2461 ipse
866 2375 1239 2461 Alighierus
1311 2382 1484 2440 certe
1553 2377 1799 2441 nullam
1867 2377 2331 2461 oppositionem
2403 2380 2628 2440 contra

314 2474 693 2540 Pontificem
743 2473 1145 2540 intendebat.

489 2619 594 2683 53.
662 2617 1010 2681 Doctrinae
1079 2616 1243 2680 istae
1303 2615 1381 2679 de
1448 2615 1665 2679 indole
1730 2637 1803 2679 ac
1864 2615 2183 2700 dignitate
2243 2613 2503 2698 Imperii
2561 2621 2627 2680 et

314 2715 391 2779 de
437 2716 575 2799 ejus
633 2712 1134 2797 independentia
1187 2734 1224 2776 a
1270 2712 1563 2777 Romano
1612 2712 1926 2777 Pontifice
1973 2710 2313 2776 Gibellinis
2371 2713 2437 2776 in
2498 2712 2626 2777 Ita-

313 2813 400 2877 lia
446 2810 630 2874 valde
684 2816 982 2893 acceptae
1035 2809 1322 2887 fuerunt,
1384 2818 1451 2873 et
1507 2814 1796 2891 tempore
1855 2809 1986 2872 litis
2041 2807 2347 2872 Ludovici
2394 2808 2625 2874 Bavari

315 2931 458 2974 cum
503 2907 758 2972 Joanne
805 2906 1017 2972 XXII.
1074 2908 1267 2972 etiam
1313 2907 1381 2971 in
1431 2906 1575 2972 aliis
1632 2905 2002 2990 regionibus
2055 2926 2124 2970 se
2168 2914 2627 2990 propagarunt,

316 3004 647 3090 magisque
712 3005 1010 3068 evolutae
1074 3011 1245 3067 sunt.
1353 3002 1714 3069 Ludovicus
1778 3006 1843 3066 et
1906 3004 2044 3087 ejus
2108 3003 2411 3076 asseclae,
2474 3004 2628 3066 scri-

314 3105 658 3186 ptoresque
725 3100 837 3184 qui
902 3101 1037 3184 ejus
1106 3121 1354 3165 causam
1427 3099 1858 3163 defenderunt
1925 3099 2160 3181 passim
2229 3099 2627 3177 statuebant,

316 3198 627 3264 electione
694 3197 761 3261 in
828 3217 1042 3281 regem
1115 3195 1497 3261 Germaniae
1569 3197 1844 3261 electum
1919 3199 2055 3259 tum
2126 3194 2284 3258 illud
2355 3217 2627 3280 regnum

315 3300 452 3359 tum
514 3293 864 3376 Imperium
924 3295 1280 3378 acquirere,
1342 3314 1459 3357 nec
1517 3292 1851 3357 Pontificis
1913 3292 2465 3357 confirmationem
2526 3315 2630 3357 re-

316 3391 516 3475 quiri,
576 3394 648 3453 ut
702 3391 845 3474 quis
890 3390 1167 3475 Imperio
1228 3391 1534 3473 potiatur.
1639 3388 1884 3453 Romae
1940 3411 2089 3454 vero
2143 3389 2348 3472 plebis
2410 3390 2625 3454 multi-

314 3487 470 3552 tudo
532 3486 600 3550 in
655 3488 1071 3552 coronatione
1130 3485 1436 3551 Ludovici
1499 3486 1634 3550 visa
1700 3489 1798 3549 est
1855 3492 2217 3565 autumare,
2291 3488 2629 3550 voluntate

495 3660 536 3725 ¹)
573 3659 633 3712 L.
672 3660 774 3712 ΠΙ.
815 3659 862 3727 ξ.
905 3661 988 3712 15.

493 3739 536 3806 ²)
574 3739 835 3793 Advertit
883 3739 952 3792 ad
999 3744 1210 3793 textum
1258 3739 1486 3794 citatum
1532 3737 1885 3793 Monarchiae
1920 3736 2248 3806 Friedberg,
2308 3738 2391 3792 De
2441 3736 2627 3792 finium

315 3819 461 3875 inter
501 3817 714 3873 EccleS.
751 3823 808 3872 et
844 3818 1133 3872 civitatum
1169 3819 1526 3886 regendorum
1566 3816 1775 3885 judicio
1812 3815 1861 3886 ξ.
1899 3820 1947 3870 4.
1986 3834 2037 3884 p.
2077 3818 2173 3871 61:
2223 3816 2477 3884 „Minime
2524 3817 2630 3871 hac

316 3898 374 3952 in
409 3913 468 3953 re
507 3898 822 3964 discrepans
860 3914 893 3951 a
927 3896 1286 3964 Bellarmin0‚
1334 3896 1426 3964 qui
1462 3895 1568 3950 nisi
1615 3896 1758 3949 hanc
1804 3896 2174 3952 reverentiam
2212 3898 2401 3964 Papae
2452 3896 2628 3950 vindi·

318 3993 472 4041 canS,
524 3984 709 4031 tamen
756 3975 1002 4030 omnibus
1048 3975 1202 4029 illum
1252 3975 1521 4042 imperare
1570 3974 1903 4040 praedicat.“
1992 3975 2096 4030 Sed
2143 3984 2295 4032 certe
2339 3975 2629 4030 Bellarmi-

317 4072 419 4110 nus
456 4056 624 4111 talem
673 4055 1057 4109 auctoritatem
1104 4060 1161 4109 et
1206 4054 1343 4108 talia
1382 4055 1508 4122 jura
1544 4052 1803 4107 Pontifici
1842 4053 2113 4121 vindicat,
2164 4071 2301 4123 quae
2352 4055 2406 4108 in
2450 4057 2629 4121 syste-

316 4140 461 4192 mate
497 4135 697 4190 Dantis
735 4150 843 4188 non
881 4133 1247 4187 inveniuntur.

2692 2626 2915 2669 Theoriae

2731 2687 2882 2729 falsae.
