3281 5014
1055 468 1136 523 De
1173 469 1622 524 condemnatione
1659 470 1866 527 Hussii.
2516 476 2622 527 325

308 612 656 675 reticorum
713 632 848 675 esse
902 611 1392 685 comburendos,
1450 612 1557 675 sed
1608 614 1801 677 etiam
1860 614 2016 677 satis
2061 614 2229 678 clare
2287 616 2622 697 impugnat

309 708 754 772 auctoritatem
803 706 1222 785 Traditionis,
1287 707 1460 772 haud
1516 710 1741 788 alium,
1813 731 2141 788 asserens,
2208 732 2341 774 esse
2404 710 2625 774 haere-

309 805 542 881 ticum,
596 803 724 867 nisi
773 804 881 886 qui
929 825 1144 867 sacrae
1194 802 1562 887 Scripturae
1604 806 2007 872 contradicit.
2102 808 2249 872 Alio
2299 809 2625 889 opusculo,

311 898 519 963 Actus
553 919 681 981 pro
728 897 1095 981 defensione
1154 898 1418 981 Wiclefi,
1466 901 1658 987 hujus
1706 902 2015 966 haeretici
2060 903 2258 968 libros
2305 903 2623 979 defendit3

313 1000 578 1081 ejusque
626 997 1062 1061 defensionem
1111 999 1354 1080 pariter
1400 1000 1686 1083 suscepit
1731 1000 2063 1083 opusculo,
2112 998 2427 1080 Defensio
2474 1019 2623 1080 quo-

309 1091 614 1157 rumdam
675 1090 1106 1157 articulorum
1169 1093 1232 1157 J.
1292 1092 1545 1175 Wiclefi'.
1646 1095 1728 1160 In
1791 1096 2043 1178 scriptis
2104 1119 2291 1179 porro
2352 1096 2457 1159 De
2515 1094 2621 1160 ab·

312 1188 554 1254 latione
601 1187 1053 1271 temporalium
1100 1210 1142 1255 a
1188 1189 1438 1255 clericis
1483 1215 1556 1256 ac
1603 1191 1708 1255 De
1752 1191 2015 1256 decimis
2062 1194 2398 1258 ostendere
2446 1194 2624 1259 nisus

314 1293 439 1360 est,
506 1288 700 1352 laicos
763 1308 948 1371 posse
1003 1287 1244 1351 clericis
1305 1289 1680 1354 subtrahere
1744 1290 2051 1367 decimaS,
2110 1297 2305 1374 atque
2369 1290 2448 1355 ad
2504 1290 2627 1355 hoc

312 1385 552 1462 teneri,
609 1386 664 1449 si
720 1384 815 1447 illi
872 1384 1095 1447 iisdem
1152 1384 1522 1450 abutantur.
1619 1386 2130 1471 propositionem
2190 1409 2443 1471 quoque
2489 1385 2626 1450 Wi-

312 1482 453 1546 clefi
495 1482 731 1547 ibidem
779 1480 1091 1558 defendit,
1147 1487 1544 1564 peccatorem
1597 1505 1718 1547 nec
1773 1484 2270 1548 ecclesiasticum
2317 1505 2434 1547 nec
2479 1484 2625 1548 civi·

313 1579 439 1650 lem
487 1579 875 1662 superiorem
925 1599 1063 1642 esse
1108 1599 1310 1661 posse.

490 1770 592 1833 48.
671 1770 907 1835 Sbinco
975 1769 1488 1853 archiepiscopus
1555 1792 1754 1855 quum
1825 1771 2108 1855 pericula
2174 1772 2421 1835 videret
2489 1793 2621 1835 cre-

315 1889 520 1947 scere,
586 1868 910 1951 profectus
971 1871 1068 1931 est
1125 1867 1205 1931 ad
1263 1866 1739 1952 Sigismundum
1806 1867 2180 1953 Hungariae
2240 1890 2482 1953 regem,
2547 1873 2623 1933 ut

315 1968 453 2050 ejus
513 1969 762 2047 peteret
825 1964 1167 2041 auxilium,
1236 1965 1450 2049 ibique
1513 1987 1726 2029 mense
1790 1964 2151 2049 Septembri
2216 1988 2388 2029 anno
2455 1966 2617 2029 1411

314 2061 496 2127 obiit.
600 2060 680 2125 Ei
741 2061 1046 2125 successit
1108 2059 1378 2126 Albicus
1435 2084 1667 2145 senex,
1728 2063 1851 2126 sub
1912 2085 2040 2146 quo
2100 2062 2371 2127 Hussius
2430 2063 2621 2126 etiam

315 2157 616 2222 audacius
694 2161 960 2221 conatus
1031 2181 1176 2222 suos
1251 2165 1623 2241 prosecutus
1697 2165 1812 2222 est.
1928 2158 2130 2234 Quum
2204 2181 2278 2223 eo
2342 2164 2628 2242 tempore

314 2253 562 2339 Pragae
627 2252 835 2318 Bulla
907 2252 1134 2318 Crucis
1208 2255 1677 2338 publicaretur,
1750 2276 1939 2338 quam
2010 2254 2299 2319 Joannes
2368 2253 2625 2319 XXIII.

313 2373 427 2435 pro
489 2350 656 2414 bello
714 2356 940 2414 contra
1001 2351 1369 2415 Ladislaum
1431 2372 1650 2435 regem
1706 2350 2013 2435 Neapolis
2072 2353 2355 2435 gerendo
2408 2353 2626 2416 emise-

312 2455 444 2526 rat,
518 2469 657 2513 eam
719 2447 992 2513 Hussius
1056 2449 1456 2515 sermonibus
1523 2449 1934 2534 impugnavit
1995 2454 2061 2514 et
2122 2449 2309 2514 editis
2376 2450 2628 2533 scriptis

314 2545 419 2609 De
461 2543 892 2627 indulqentiis
946 2551 1011 2610 et
1061 2542 1303 2610 Contra
1357 2544 1598 2610 bullam
1648 2543 1887 2628 Papae.
1991 2545 2331 2610 Tumultus
2384 2545 2628 2631 Pragae

315 2644 521 2707 exorti
567 2647 750 2720 sunt,
817 2643 1194 2726 magnisque
1238 2643 1539 2708 conviciis
1587 2642 1891 2708 Pontifex
1939 2643 2066 2707 fuit
2112 2644 2398 2708 affectus.
2489 2643 2628 2719 Qua

314 2739 642 2804 occasione
697 2762 733 2802 a
791 2741 1172 2823 magistratu
1220 2738 1532 2824 Pragensi
1592 2762 1671 2804 ex
1728 2740 2274 2804 tumultuantibus
2330 2747 2463 2803 tres
2520 2740 2627 2803 ho·

314 2837 518 2901 mines
587 2836 852 2921 plebeji,
923 2857 1072 2919 prae
1141 2838 1411 2900 caeteris
1478 2837 1602 2914 rei,
1672 2836 1909 2901 carceri
1978 2835 2213 2901 addicti
2284 2843 2349 2901 et
2421 2837 2626 2919 capite

316 2935 474 3019 pleti
537 2939 710 2998 sunt.
823 2932 911 2996 Hi
979 2934 1047 2996 in
1113 2933 1346 2998 sacello
1407 2931 1945 2997 Bethlehemitico
2002 2934 2267 3016 sepulti,
2336 2956 2409 2998 ac
2465 2940 2628 2998 tam-

315 3053 504 3115 quam
577 3035 895 3112 martyres
965 3029 1046 3092 ab
1113 3029 1349 3094 Hussio
1419 3053 1712 3095 sermone
1780 3029 2006 3094 habito
2077 3031 2383 3094 celebrati
2451 3038 2625 3096 sunt.

316 3127 411 3193 Eo
456 3131 744 3210 tempore
788 3125 1178 3209 professores
1222 3124 1494 3190 Bohemi
1526 3126 1990 3191 Universitatis
2039 3127 2384 3211 Pragensis
2433 3129 2624 3192 etiam

314 3247 381 3289 se
435 3224 699 3288 omnino
765 3223 847 3286 ab
904 3222 1143 3286 Hussio
1204 3228 1617 3304 separarunt,
1683 3224 1949 3306 ejusque
2015 3223 2332 3287 erroribus
2395 3246 2462 3287 se
2521 3245 2630 3286 ve-

314 3321 653 3384 hementer
709 3324 1167 3404 opposuerunt.
1269 3318 1559 3383 Joannes
1604 3317 1900 3394 XXIII.,
1960 3319 2400 3383 condemnatis
2456 3342 2628 3384 anno

319 3419 487 3481 1412
557 3418 626 3480 in
696 3415 990 3480 Romana
1059 3415 1302 3499 synodo
1372 3413 1627 3479 Wiclefl
1697 3416 1912 3494 libris,
1981 3415 2286 3480 Hussium
2358 3415 2628 3480 Romam

315 3515 536 3578 venire
584 3514 783 3599 jussit
839 3513 919 3577 ad
969 3512 1304 3576 dicendam
1353 3532 1636 3595 causam3
1693 3512 1797 3576 hic
1853 3534 2003 3576 vero
2062 3512 2145 3576 ob
2192 3514 2403 3576 varios
2450 3535 2625 3595 prae·

313 3616 533 3677 textus
600 3610 964 3675 Romanum
1032 3610 1158 3673 iter
1219 3608 1597 3684 declinavit,
1673 3608 1900 3692 suique
1974 3609 2113 3672 loco
2189 3615 2630 3691 procuratores

315 3710 521 3784 misit,
583 3709 694 3791 qui
753 3707 952 3789 ipsius
1012 3727 1267 3770 causam
1325 3711 1611 3789 agerent.
1717 3705 2000 3770 Joannes
2045 3705 2196 3768 dein
2253 3727 2365 3788 per
2412 3703 2631 3769 Cardi-

314 3806 529 3871 nalem
577 3804 642 3870 S.
680 3804 917 3887 Angeli
974 3803 1395 3867 concionandi
1435 3803 1758 3886 sacrisque
1800 3802 2104 3884 operandi
2146 3825 2412 3866 munere
2457 3802 2629 3867 Hus-

314 3903 477 3968 sium
524 3902 893 3982 interdixit,
952 3905 1018 3963 et
1071 3899 1486 3963 interdictum
1542 3900 1994 3982 pronuntiavit
2051 3900 2120 3962 in
2178 3901 2315 3963 loca
2372 3901 2440 3964 in
2499 3902 2631 3983 qui-

315 4000 438 4063 bus
485 4000 609 4064 iste
664 4002 1050 4062 versaretur.
1141 3995 1350 4071 Quum
1397 4017 1549 4060 vero
1604 3994 1862 4078 parochi
1917 3994 2270 4078 Pragenses
2318 3996 2629 4080 ejusmodi

317 4097 763 4178 interdictum,
818 4093 1059 4158 Hussio
1105 4093 1352 4177 Pragae
1408 4096 1773 4174 praesente,
1830 4097 2164 4156 servarent
2221 4098 2287 4156 et
2350 4093 2432 4156 ab
2488 4093 2629 4155 offi-

318 4194 431 4257 ciis
494 4193 688 4256 sacris
749 4194 1107 4266 cessarent,
1173 4190 1447 4254 Hussius
1508 4193 1842 4271 magnates
1902 4192 2129 4251 contra
2187 4188 2306 4252 hoc
2366 4188 2627 4251 interdi-

2667 1784 2838 1825 Turbas
2866 1795 2940 1825 ex·

2744 1845 2862 1888 citat.
