3281 5014
311 3000 543 3042 sententia.

599 402 703 453 442
993 370 1242 453 XXXVI.
1281 398 1364 453 De
1401 406 1550 453 statu
1587 399 1871 455 Ecclesiae
1910 406 2176 469 vergente
2215 416 2353 455 saec.
2391 400 2508 454 XV.

601 542 977 606 commercio
1052 564 1195 607 oum
1268 541 1637 608 Alexandro
1707 541 1856 605 dein
1919 546 2211 607 auctores
2275 542 2525 607 fabulas
2597 541 2903 606 texerint.

600 636 727 703 Sed
771 637 927 704 haec
977 639 1332 723 suppositio
1389 643 1489 703 est
1539 638 1783 721 pariter
1839 637 2022 702 falsa.
2113 637 2393 704 Exstant
2445 639 2616 702 enim
2667 638 2906 702 Romae

601 737 671 800 in
715 734 995 819 hospitio
1048 736 1389 801 mulierum
1447 757 1645 818 prope
1690 731 1758 798 S.
1802 732 2075 800 Mariam
2130 734 2207 799 de
2254 735 2707 802 Consolatione
2763 735 2906 818 plu-

598 853 700 896 res
746 831 1212 916 inscriptiones,
1261 854 1429 915 quae
1473 836 1771 915 spectant
1801 830 2148 897 Vanotiam
2197 832 2692 896 benefactricem
2736 832 2907 896 illius

598 928 881 1011 hospitii.
969 927 1138 992 Sunt
1185 932 1402 992 autem
1447 927 1906 1011 inscriptiones
1962 927 2353 1013 hujusmodi:
2410 928 2744 993 Vannozia
2788 927 2906 993 Ca·

597 1026 739 1089 tani
785 1023 1051 1108 Borgia3
1100 1024 1379 1090 Vanotia
1435 1023 1671 1089 Catani
1719 1022 1957 1108 Borgia
2002 1024 2079 1088 de
2127 1024 2512 1109 Carignano.
2606 1025 2758 1090 Alia
2812 1025 2907 1088 in-

598 1121 861 1204 scriptio
920 1122 1175 1206 longior
1240 1121 1495 1204 incipit:
1560 1120 1871 1203 Vanogza
1933 1120 2223 1186 Catanea
2283 1120 2506 1186 Madre
2565 1121 2667 1186 del
2726 1119 2908 1186 Duca

601 1217 841 1302 Borge3
911 1221 977 1281 et
1030 1218 1256 1282 ‘eadem
1320 1217 1620 1298 edicitur,
1680 1216 2021 1282 Vanotiam
2087 1242 2140 1284 a.
2200 1219 2368 1283 1517
2429 1218 2556 1282 tria
2617 1219 2909 1283 anniver-

602 1314 770 1377 saria
827 1314 1158 1392 fundasse,
1220 1336 1332 1397 pro
1387 1335 1454 1378 se
1512 1318 1579 1378 et
1627 1312 1878 1377 maritis
1925 1313 2052 1379 suis
2106 1314 2351 1381 duobus
2396 1314 2673 1399 Georgio
2715 1313 2908 1380 Croce

601 1415 667 1473 et
700 1409 885 1474 Carlo
924 1409 1181 1476 Canale.
1258 1410 1727 1493 Appellabatur
1765 1410 2062 1474 videlicet
2111 1411 2252 1495 ipsa
2282 1410 2563 1477 Vanotia
2603 1411 2907 1490 (Joanna)

599 1504 677 1570 de
743 1506 1103 1583 Cattaneis,
1169 1513 1234 1572 et
1294 1507 1421 1571 illis
1484 1506 1732 1570 duobus
1793 1507 1944 1570 viris
2008 1508 2419 1574 matrimonio
2469 1511 2703 1594 juncta
2764 1509 2908 1586 fuit,

597 1602 709 1666 sed
756 1625 992 1668 nomen
1036 1602 1310 1688 Borgiae
1358 1602 1685 1667 interdum
1733 1603 1980 1667 nomini
2026 1605 2165 1687 ejus
2200 1605 2625 1689 jungebatur.
2700 1605 2907 1681 Quum

600 1720 753 1764 vero
812 1701 993 1764 nulla
1050 1701 1217 1765 ratio
1280 1699 1447 1764 adsit
1507 1699 1844 1764 dubitandi
1906 1699 1983 1763 de
2044 1701 2389 1765 veracitate
2450 1701 2761 1786 ejusmodi
2817 1702 2909 1765 in·

601 1797 1016 1879 scriptionum
1062 1795 1274 1880 quoad
1317 1794 1580 1877 hospitii
1628 1795 2146 1874 benefactricem,
2207 1798 2380 1862 vides
2424 1798 2705 1863 validum
2759 1797 2910 1862 hinc

602 1898 1059 1976 argumentum
1115 1893 1359 1958 deduci.
1455 1890 1664 1957 Omne
1724 1892 1988 1955 dubium
2044 1893 2192 1957 dein
2249 1894 2504 1959 tollitur
2565 1917 2642 1959 ex
2704 1895 2909 1978 epita-

602 1988 754 2072 phio
804 1987 1154 2064 Vanotiae,
1220 1988 1386 2073 quod
1426 1988 1585 2052 alias
1651 1988 1721 2052 in
1782 1988 2048 2053 ecclesia
2102 1987 2165 2054 S.
2213 1989 2459 2054 Mariae
2523 1990 2625 2054 del
2683 1991 2911 2075 popolo

603 2084 1075 2160 inveniebatur,
1125 2090 1191 2150 et
1233 2107 1311 2149 ex
1344 2085 1720 2150 collectione
1767 2085 2263 2168 inscriptionum
2297 2088 2729 2171 manuscripta
2771 2110 2910 2152 sae·

600 2182 744 2246 culo
803 2179 980 2245 XVI.
1047 2182 1288 2247 editum
1354 2182 1482 2245 fuit
1546 2203 1721 2245 anno
1790 2182 1955 2245 1867
2020 2204 2134 2265 per
2176 2182 2480 2249 Vincent.
2546 2181 2912 2263 Forcella.²)

604 2276 726 2342 Est
772 2283 987 2342 autem
1038 2278 1435 2363 hujusmodi:

673 2390 946 2446 Vanotiae
988 2391 1267 2445 Cathanae
1305 2390 1543 2445 Caesare
1567 2389 1859 2444 Valentiae
1895 2390 2071 2444 Joane
2107 2390 2313 2446 Gadiae

678 2469 832 2525 Jafre
868 2470 1176 2539 Doscylatii
1215 2470 1292 2524 Et
1327 2469 1616 2525 Lucretiae
1653 2468 1937 2525 Ferrariae
1974 2469 2165 2524 Duab.’
2203 2470 2363 2526 Filiis
2402 2470 2672 2540 Nobili&

670 2552 956 2607 Probitate
991 2548 1208 2618 Insigni
1246 2548 1539 2617 Religione
1578 2547 1798 2601 Eximia
1833 2547 1964 2602 Pari
2000 2550 2074 2603 Et
2110 2550 2313 2605 Aetate
2349 2552 2428 2605 Et

671 2630 971 2685 Prudentia
1008 2627 1225 2695 Optime
1261 2627 1344 2682 De
1381 2626 1737 2681 Xenodochio
1774 2626 2084 2683 Lateranen
2122 2629 2357 2684 Meritae

672 2709 1038 2775 Hieronymus
1078 2706 1240 2760 Picus
1278 2704 1656 2759 Fideicomiss.
1693 2706 1921 2759 Procur.
1960 2706 2047 2760 Ex
2085 2707 2252 2762 'resto
2289 2708 2413 2762 Pos.

671 2789 794 2842 Vix.
824 2788 965 2840 Ann.
993 2784 1224 2839 LXXVI
1255 2784 1326 2837 M.
1348 2783 1532 2836 IIIID.
1556 2783 1699 2836 XIII
1724 2783 1874 2839 Obiit
1899 2785 2057 2840 Anno
2083 2786 2155 2839 M.
2180 2787 2247 2839 D.
2262 2787 2471 2841 XVIII.
2497 2786 2685 2840 XXVI
2703 2786 2843 2840 Nov.

781 2928 884 2993 52.
962 2927 1176 2991 Aliam
1246 2925 1562 2990 rationem
1632 2925 2003 2991 vindicandi
2073 2924 2428 2991 Alexandri
2492 2926 2605 2992 VI.
2683 2948 2915 2991 memo-

603 3027 766 3091 riam
820 3024 969 3089 iniit
1022 3023 1099 3088 P.
1147 3021 1470 3087 Leonetti.
1568 3020 1816 3087 Statuit
1872 3023 2167 3088 videlicet
2219 3022 2381 3105 ipse,
2447 3024 2558 3108 qui
2611 3023 2913 3088 dicuntur

601 3124 800 3187 fuisse
869 3119 1223 3184 Alexandri
1300 3119 1524 3196 liberi,
1604 3141 1739 3184 esse
1815 3120 1955 3204 ejus
2030 3123 2331 3203 nepotes,
2402 3119 2483 3183 ab
2556 3116 2911 3184 Alexandri

600 3221 801 3284 fratre
873 3217 1068 3281 Petro
1132 3215 1490 3293 LudovicO,
1563 3215 1666 3279 vel
1734 3215 1815 3278 ab
1880 3216 2006 3280 alio
2073 3215 2433 3300 propinquo
2505 3238 2582 3281 ex
2629 3213 2914 3279 Vanotia

605 3336 801 3381 uxore
854 3315 1125 3399 genitos.
1221 3312 1476 3377 Mortuo
1527 3333 1744 3377 eorum
1802 3316 2003 3396 patre,
2062 3316 2280 3379 censet
2326 3311 2709 3377 Rodericum
2756 3310 2914 3376 Bor-

781 3495 820 3563 ¹)
858 3493 1146 3550 Iscrizioni
1187 3494 1331 3548 delle
1368 3493 1564 3549 Chiese
1603 3536 1615 3548 .
1656 3536 1668 3548 .
1710 3536 1722 3548 .
1761 3494 1815 3548 di
1853 3495 2043 3547 Roma.
2081 3494 2202 3549 Vol.
2240 3495 2282 3548 I.
2321 3509 2372 3560 p.
2411 3496 2532 3549 335.
2571 3512 2622 3548 n.
2664 3496 2816 3548 1276.

779 3574 823 3644 2)
854 3575 1107 3644 Corrige:
1157 3573 1193 3627 J
1197 3574 1382 3628 osredo
1421 3574 1655 3641 Scylatii
1699 3574 1776 3627 Et
1810 3573 2099 3628 Lucretiae
2144 3573 2435 3627 Ferrariae
2478 3573 2718 3628 Ducibus
2756 3572 2914 3627 Filiis

602 3655 800 3709 Nobili.
862 3684 931 3690 —
988 3653 1110 3707 Non
1164 3660 1610 3707 commemoratur
1658 3652 1745 3706 hic
1794 3652 1994 3706 Petrus
2044 3652 2352 3706 Ludovicus
2402 3651 2703 3706 Alexandri
2751 3651 2912 3716 filius,

601 3735 692 3789 vel
730 3733 872 3800 quod
910 3749 977 3787 ex
1015 3733 1125 3785 alia
1152 3739 1298 3786 esset
1335 3731 1576 3798 muliere,
1614 3731 1706 3787 vel
1734 3730 1860 3797 quia
1895 3736 2139 3784 mortuus
2177 3736 2265 3785 est
2301 3746 2434 3799 puer
2462 3746 2525 3785 ac
2560 3747 2755 3785 nomen
2796 3731 2912 3799 ejus

602 3829 803 3883 ponere
849 3812 1014 3866 Picus
1062 3811 1262 3865 oblitus
1310 3814 1412 3866 est.
1464 3841 1528 3849 —
1576 3812 1663 3864 Ad
1697 3810 1902 3864 Juliam
1938 3809 2282 3874 Farnesiam,
2333 3810 2473 3875 quod
2520 3810 2746 3877 attinet,
2791 3815 2914 3864 erat

604 3895 737 3948 haec
785 3907 937 3946 soror
981 3889 1286 3944 Alexandri
1333 3890 1586 3944 Farnesii
1623 3888 1931 3943 Cardinalis
1979 3888 2165 3954 (Pauli
2202 3888 2356 3953 ΠΙ.),
2402 3893 2641 3955 tempore
2679 3889 2914 3943 Alexan-

604 3971 693 4026 dri
729 3971 825 4024 VI.
875 3968 1223 4023 matrimonio
1267 3969 1462 4037 juncta
1513 3986 1632 4023 cum
1683 3966 1853 4021 nobili
1901 3983 1967 4022 ex
2015 3967 2225 4021 familia
2275 3966 2457 4021 Orsini
2508 3971 2566 4022 et
2613 3966 2670 4021 in
2718 3967 2914 4021 florida

606 4059 807 4106 aetate.
892 4048 1116 4102 Mortua
1163 4053 1252 4102 est
1307 4064 1448 4101 anno
1497 4050 1650 4102 1524.
1744 4046 1851 4101 Cfr.
1903 4046 2107 4100 Civilta
2158 4046 2345 4100 cattol.
2398 4045 2513 4100 Ser.
2550 4047 2704 4100 VIII.
2761 4063 2813 4100 V.
2864 4049 2913 4101 9.

604 4146 656 4197 p.
696 4132 799 4182 718
837 4144 951 4194 sqq.
