3281 5014
1159 433 1513 488 Continuatio
1551 433 1754 489 luctae.
2509 437 2610 488 211

298 576 508 651 Quum
554 598 707 640 vera
761 597 836 640 ea
881 575 1097 658 opinio
1156 583 1512 660 propagata
1567 584 1766 654 esset,
1828 575 2188 641 Romanum
2236 576 2614 640 Pontificem

297 674 368 735 in
428 673 737 736 servitute
802 671 1072 756 quadam
1134 672 1366 756 degere
1428 676 1599 757 regis
1658 672 2017 749 Gallorum,
2085 694 2356 757 eumque
2417 673 2615 756 ipsius

297 768 510 852 gratia
552 789 852 833 censuras
909 767 1077 832 haud
1124 769 1403 845 solvere,
1463 770 1685 853 populi
1731 769 2058 852 aspernari
2115 772 2467 853 coeperunt
2523 770 2617 832 in-

296 864 639 928 terdictum
695 869 761 928 et
818 865 1113 929 resistere
1169 866 1250 929 iis
1308 866 1421 949 qui
1478 866 1635 931 illud
1693 866 2142 932 observabant.
2249 867 2469 950 Atque
2525 867 2616 929 sic
2682 907 2794 1008 Ἀ

296 964 558 1044 propter
621 960 1035 1026 residentiam
1105 960 1489 1026 Pontificum
1555 963 1626 1027 in
1698 962 1909 1028 Gallia
1978 984 2194 1027 eorum
2266 963 2616 1027 auctoritas

296 1057 480 1122 valde
531 1058 875 1121 imminuta
917 1062 1030 1122 est.

476 1209 579 1272 66.
639 1204 890 1271 Ultimo
948 1229 1122 1271 anno
1177 1229 1303 1291 quo
1348 1205 1740 1272 Benedictus
1788 1206 1933 1289 XII.
1982 1207 2330 1273 Ecclesiam
2386 1210 2614 1294 guber·
2668 1217 2915 1287 Matrisson·

296 1305 511 1384 navit,
591 1304 887 1368 videlicet
952 1327 1008 1368 a.
1079 1304 1281 1382 1341,
1359 1311 1424 1369 et
1485 1305 1787 1389 sequenti
1848 1327 1904 1368 a.
1977 1306 2172 1383 1342,
2252 1304 2613 1370 Ludovicus
2650 1279 2918 1381 ffiffiffiffi

295 1400 585 1465 Bavarus
652 1401 718 1464 id
780 1400 1024 1464 addidit
1092 1400 1521 1465 anterioribus
1594 1401 1855 1478 erratiS,
1935 1407 2006 1465 ut
2070 1403 2222 1485 jura
2300 1400 2616 1466 Ecclesiae

294 1519 541 1563 summa
603 1519 745 1561 cum
808 1498 1181 1582 arrogantia
1237 1498 1507 1562 violaret
1567 1497 1636 1562 in
1702 1519 1769 1560 re
1832 1498 2241 1562 matrimonii.
2341 1496 2472 1562 Sua
2530 1500 2618 1562 vi·
2673 1542 2734 1597 ,Δ

293 1593 521 1659 delicet
594 1595 984 1658 auctoritate
1050 1594 1344 1658 dissolvit
1408 1594 1891 1658 matrimonium
1962 1595 2135 1658 inter
2195 1593 2615 1678 Margaritam

295 1689 674 1754 Carinthiae
744 1694 810 1755 et
869 1690 1090 1773 Tyroli
1152 1690 1573 1766 comitissam,
1650 1689 1713 1772 (a
1783 1691 2044 1754 castello
2116 1690 2226 1754 ubi
2297 1696 2454 1754 nata
2522 1696 2622 1755 est

292 1788 431 1869 ipsa
491 1786 724 1850 dicitur
780 1784 1194 1871 Maultasch,)
1255 1790 1321 1850 et
1372 1785 1691 1851 Joannem
1755 1786 1924 1870 regis
1986 1785 2332 1852 Bohemiae
2392 1788 2617 1865 filium,

291 1887 554 1967 propter
616 1883 1043 1966 impotentiae
1101 1883 1669 1966 impedimentum,
1741 1882 1911 1968 quod
1974 1883 2197 1948 adesse
2260 1883 2618 1967 Margarita

291 1980 745 2046 contendebat.
859 1978 1044 2043 Hanc
1098 1980 1519 2064 Margaritam
1576 1985 1792 2044 autem
1866 1980 2275 2044 matrimonio
2337 1983 2618 2067 jungere

291 2076 554 2141 volebat
619 2077 752 2141 filio
821 2098 937 2141 suo
1009 2075 1329 2141 Ludovioo
1398 2076 2053 2161 Brandenburgensi3
2131 2079 2242 2141 sed
2319 2078 2625 2142 obstabat

290 2173 396 2237 lex
441 2195 696 2258 quoque
743 2173 1053 2237 canonica
1097 2174 1174 2238 de
1219 2174 1524 2257 gradibus
1571 2173 2189 2257 consanguinitatiS,
2249 2196 2449 2258 quum
2497 2179 2618 2238 ter·

291 2270 385 2334 tio
442 2271 644 2355 gradu
704 2270 805 2334 hic
851 2269 1244 2353 Margaritae
1300 2271 1817 2354 consanguineus
1879 2275 2063 2334 esset.
2168 2271 2261 2336 At
2307 2292 2459 2335 vero
2521 2271 2615 2334 di-

292 2367 574 2450 plomate
642 2366 791 2430 dato
863 2365 1223 2430 Ludovicus
1295 2367 1489 2430 etiam
1558 2366 1680 2431 hoc
1746 2366 2277 2449 impedimentum
2342 2368 2412 2431 in
2476 2390 2616 2451 spe-

292 2463 451 2529 ciem
510 2464 800 2528 removit.
894 2461 1259 2548 Utrumque
1317 2463 1606 2548 profecto
1665 2462 2035 2547 pertinebat
2086 2463 2162 2528 ad
2210 2462 2614 2539 Pontificem,

294 2559 591 2625 videlicet
645 2561 971 2644 inquirere
1025 2560 1104 2624 de
1161 2559 1599 2644 praecedentis
1655 2560 2050 2624 matrimonii
2109 2558 2504 2641 nullitate&p
2550 2567 2615 2624 et

293 2656 660 2740 dispensare
729 2657 807 2720 de
876 2656 1183 2739 gradibus
1255 2657 1861 2741 consanguinitatis.
1976 2655 2076 2722 Ob
2140 2657 2455 2742 ejusmodi
2519 2658 2613 2721 fa-

293 2755 476 2818 cinus
549 2753 847 2842 Clemens
901 2752 1056 2832 VI.,
1135 2752 1466 2817 Benedicti
1548 2774 1906 2831 successor,
1977 2752 2375 2818 Ludovicum
2446 2776 2615 2818 novo

289 2838 710 2914 anathemate
769 2850 1063 2930 confixit,
1121 2850 1460 2934 effecitque
1518 2849 1927 2934 gravioribus
1984 2850 2224 2933 poenis,
2328 2849 2394 2914 Si
2456 2849 2614 2914 talia

294 2945 682 3029 LudovicuS‚
742 2948 893 3011 dum
941 2945 1263 3012 Ecclesiae
1318 2947 1597 3030 gratiam
1645 2950 1869 3029 optare
1917 2946 2418 3029 praeseferebat,
2483 2967 2610 3009 non

290 3042 519 3127 adepta
589 3042 852 3126 Imperii
923 3043 1440 3120 confirmatione,
1520 3048 1778 3126 patrare
1848 3063 2041 3107 ausus
2117 3047 2246 3126 est3
2318 3042 2470 3127 quid
2530 3043 2612 3107 ab

288 3139 425 3222 ipso
486 3159 699 3203 rerum
767 3139 974 3223 potito
1037 3144 1409 3222 exspectare
1470 3139 1687 3222 potuit
1737 3138 2090 3204 Pontifex?
2149 3174 2236 3187 —-
2292 3139 2382 3204 Iis
2445 3162 2614 3223 quae

288 3236 424 3320 egit
479 3234 766 3300 Bavarus
825 3235 893 3299 in
957 3257 1150 3300 eausa
1213 3235 1676 3300 matrimoniali
1728 3235 2154 3320 Margaritae,
2216 3236 2612 3300 adversarios

467 3451 508 3519 ¹)
545 3452 854 3520 Margarita
887 3468 1080 3507 versus
1119 3469 1166 3505 a.
1199 3454 1354 3518 1335,
1393 3469 1552 3520 quum
1591 3453 1819 3507 haberet
1856 3452 2060 3521 viginti
2102 3454 2235 3508 duos
2273 3469 2464 3519 annos,
2499 3467 2620 3506 ma·

287 3530 543 3585 trimonio
593 3531 791 3599 juncta
846 3537 971 3586 erat
1059 3530 1263 3585 Joanni
1320 3532 1554 3584 secundo
1619 3530 1732 3584 filio
1792 3531 2025 3585 Joannis
2090 3532 2242 3600 regis
2300 3531 2617 3585 Bohemiae.

284 3611 349 3662 A.
394 3612 527 3663 1341
578 3609 985 3665 matrimonium
1036 3627 1069 3664 a
1105 3609 1383 3664 Ludovico
1431 3609 1758 3663 dissolutum
1811 3616 1912 3664 est.
1989 3610 2223 3665 Videtur
2273 3627 2467 3678 reapse
2514 3611 2611 3662 im·

284 3688 652 3754 pedimentum
692 3689 1058 3755 impotentiae
1093 3688 1437 3756 respectivae
1474 3688 1739 3755 adfuisse,
1791 3706 1914 3743 nam
1955 3706 2001 3743 a.
2047 3692 2182 3743 1349
2221 3690 2468 3744 Clemens
2496 3689 2622 3751 VI.‚.

284 3772 508 3833 petente
545 3767 784 3834 Joanne,
833 3769 1144 3823 nullitatem
1184 3767 1518 3822 matrimonii
1567 3768 1652 3821 sui
1699 3783 1818 3821 cum
1855 3768 2164 3838 Margarita
2209 3769 2619 3837 pronuntiavit,

284 3846 441 3912 eique
493 3852 554 3900 ut
603 3846 770 3900 aliam
820 3848 1045 3902 duceret
1092 3846 1359 3915 permisit.
1433 3847 1500 3900 V.
1538 3847 1882 3914 Damberger
1919 3848 2069 3901 XIV.
2108 3851 2226 3902 636.
2300 3848 2610 3902 Ludovicus

283 3924 503 3979 videtur
550 3925 688 3979 illud
730 3925 1136 3980 matrimonium
1185 3942 1295 3979 non
1348 3925 1561 3994 quidem
1616 3925 1912 3992 diplomate
1962 3927 2143 3995 aliquo
2205 3927 2463 3993 solvisse,
2515 3930 2611 3983 sed

282 4002 612 4069 simpliciter
659 4013 720 4058 ut
757 4004 961 4058 nullum
1000 4004 1256 4059 habuisse
1305 4014 1363 4060 et
1410 4005 1742 4060 declarasse.
1820 4005 1932 4059 Cfr.
1971 4006 2194 4062 Riezler
2229 4006 2265 4060 l.
2306 4024 2348 4060 c.
2388 4024 2439 4074 p.
2478 4009 2582 4060 236
2595 4020 2613 4067 ;

280 4081 482 4137 Miiller
533 4082 570 4136 l.
611 4099 656 4137 c.
705 4084 780 4138 II.
822 4086 938 4137 160.
1029 4083 1132 4137 Sed
1189 4083 1433 4150 profecto
1487 4084 1836 4139 interventus
1893 4085 2127 4140 Romani
2180 4084 2470 4139 Pontificis
2527 4101 2613 4140 re·

282 4160 613 4228 quii-ebatur.
