3281 5014
686 438 792 489 432
1079 436 1333 489 XXXVI.
1372 437 1454 490 De
1493 441 1644 490 statu
1682 438 1966 494 Ecclesiae
2002 445 2266 507 vergente
2303 456 2445 495 saec.
2485 441 2600 494 XV.

689 576 1059 642 Generatim
1137 578 1550 661 pontificatus
1612 577 1790 643 Sixti'
1853 580 2189 663 splendore
2241 604 2374 647 non
2427 581 2633 646 caruit
2647 626 2665 659 ,
2739 602 2811 645 ac
2882 602 2996 664 pro

688 674 1177 739 difficultatibus
1225 676 1530 758 temporis
1577 696 1679 739 res
1727 677 2185 741 ecclesiasticae
2231 682 2298 742 et
2342 679 2563 743 civiles
2609 677 2767 741 satis
2811 677 2997 741 flore-

688 771 865 833 bant.
965 767 1110 854 Ipse
1173 772 1422 836 celebre
1481 772 1784 836 sacellum
1843 771 2170 837 Sixtinum
2231 796 2304 838 ac
2364 772 2815 839 bibliothecam
2864 773 2995 837 Va-

686 866 1334 1028 ticananssgjondidit.
1439 867 1735 933 Mortuus
1799 874 1897 934 est
1942 868 2162 933 Sixtus
2209 869 2324 936 IV.
2390 871 2491 934 die
2559 867 2668 934 13⁰
2713 870 2994 954 Augusti

689 963 845 1027 anni
895 967 926 1027 1
1068 1014 1082 1028 .
2822 1016 2829 1021 .

868 1112 972 1176 38.
1019 1109 1529 1174 Innocentius
1566 1110 1752 1177 VIII.
1799 1110 2313 1196 (1484—1492).
2357 1150 2449 1159 ——
2490 1112 2807 1195 Raynaldi
2859 1111 2994 1176 An-

688 1206 869 1271 nales
899 1226 1225 1271 annorum
1261 1205 1715 1271 1484—1492.
1742 1244 1824 1254 —
1865 1207 2110 1273 Diario
2142 1207 2212 1272 di
2251 1207 2484 1288 Roma,
2532 1231 2634 1292 ap.
2663 1208 2995 1289 Muratori‚

687 1304 808 1368 III.
855 1305 916 1367 2.
963 1326 1023 1387 p.
1061 1304 1222 1367 1091
1268 1326 1404 1388 sqq.
1452 1340 1540 1349 —
1587 1303 1941 1385 Infessura,
1991 1302 2326 1369 Diariwm.
2372 1342 2455 1351 —
2507 1304 2804 1382 Panvini,
2851 1303 2995 1368 Vita

690 1399 1140 1464 Romanorum
1208 1398 1617 1480 Pontificum.
1684 1437 1771 1447 -—
1821 1401 2109 1467 Vialardi
2129 1450 2144 1479 ,
2214 1401 2360 1466 Vita
2426 1401 2496 1465 di
2551 1420 2735 1484 papa
2795 1399 2994 1466 Inno-

691 1515 879 1561 cenzo
922 1495 1130 1576 VIII;
1178 1496 1457 1561 Venezia
1503 1498 1692 1563 1613.

869 1629 1185 1694 Successit
1230 1625 1416 1695 Sixto
1462 1629 1575 1693 IV.
1636 1629 1738 1694 die
1790 1626 1906 1692 29⁰
1948 1626 2234 1714 Augusti
2282 1630 2438 1695 anni
2487 1630 2654 1694 1484
2710 1629 2996 1712 joannes

624 1713 634 1724 ⁹
687 1725 985 1809 Baptista
1039 1723 1397 1790 Cardinalis
1443 1725 1620 1809 OQ
1649 1725 2038 1802 Genuensis,
2109 1727 2221 1810 qui
2266 1748 2500 1790 nomen
2558 1716 2829 1809 sumpsit
2870 1725 2994 1805 ,Ei-

686 1823 1023 1887 nocentius
1077 1819 1258 1885 VIII.
1380 1821 1750 1887 cardinales
1827 1827 2170 1907 antequam
2247 1823 2554 1907 suffragia
2629 1822 2998 1903 conferrent

687 1906 1062 1984 nsshffillffs'
1093 1906 1278 2001 Ieg'ess
1348 1919 1579 2002 partim
1648 1919 1726 1982 ad
1796 1918 2090 2002 augenda
2156 1941 2273 1984 sua
2340 1921 2695 2000 commoda,
2763 1920 2996 2003 partim

687 2016 766 2080 ad
820 2037 954 2080 rem
1009 2014 1500 2079 ecclesiasticam
1550 2015 2038 2098 temperandam
2084 2015 2537 2095 condiderunt,
2596 2016 2829 2100 quibus
2885 2038 2997 2080 no-

687 2135 837 2176 vum
907 2110 1287 2176 Pontificem
1351 2111 1728 2176 obstrictum
1798 2112 2080 2187 voluere,
2148 2113 2442 2197 quamvis
2498 2114 2634 2197 jam
2698 2118 2851 2176 ante
2916 2112 2998 2176 ab

686 2208 1071 2273 Innocentio
1117 2206 1229 2273 VI.
1299 2208 1618 2273 sancitum
1688 2208 1913 2289 fuerit,
1986 2209 2167 2272 nulla
2233 2207 2513 2276 humana
2575 2215 2712 2275 arte
2783 2209 2996 2292 ponti-

686 2305 894 2369 ficiam
962 2305 1414 2369 auctoritatem
1482 2304 1778 2370 contrahi
1847 2327 2064 2389 posse,
2133 2328 2339 2390 neque
2394 2306 2800 2383 Cardinales,
2870 2305 2993 2369 Ro-

686 2424 880 2466 mana
927 2400 1209 2466 Ecclesia
1253 2423 1370 2466 sua
1414 2401 1678 2466 viduata
1724 2406 2010 2486 pastore,
2054 2402 2186 2467 ulla
2230 2402 2358 2466 alia
2405 2406 2754 2487 potestate,
2800 2422 2994 2486 quam

688 2499 767 2564 ad
827 2498 1106 2565 dandum
1168 2497 1307 2563 orbi
1366 2498 1730 2564 antistitem
1787 2499 2045 2584 pollere.
2159 2498 2583 2565 Innocentius
2626 2497 2803 2563 VIII.
2862 2497 3000 2582 qui-

690 2597 829 2661 dem
893 2597 1087 2661 etiam
1145 2602 1290 2679 post
1350 2595 1724 2660 electionem
1792 2596 1992 2674 vovit,
2055 2619 2121 2661 se
2179 2596 2490 2681 ejusmodi
2553 2598 2724 2680 leges
2782 2617 2998 2660 serva·

689 2698 907 2757 turum
976 2714 1138 2772 esse,
1214 2698 1436 2776 postea
1499 2715 1649 2758 vero
1718 2693 1965 2777 aliquas
2043 2693 2296 2777 quidem
2367 2692 2759 2771 observavit,
2840 2692 2997 2756 alias

692 2811 843 2854 vero
906 2790 1030 2853 sibi
1090 2811 1226 2853 non
1293 2791 1637 2854 servandas
1693 2811 1828 2854 esse
1889 2795 2068 2853 ratus
2133 2794 2257 2869 est,
2323 2811 2397 2854 eo
2461 2788 2633 2873 quod
2686 2787 2995 2853 constrin-

689 2907 843 2971 gere
901 2885 1239 2950 Pontificis
1303 2887 1752 2951 auctoritatem
1824 2908 1957 2950 non
2020 2887 2259 2951 liceret.
2322 2922 2410 2931 —-
2453 2884 2636 2949 Varii
2704 2891 2997 2949 auctores

692 2984 858 3047 male
917 2982 994 3046 de
1048 2982 1434 3047 Innocentio
1469 2981 1651 3047 VIII.
1711 2982 2134 3067 scripserunt3
2202 3006 2419 3048 verum
2478 2980 2769 3066 quamvis
2826 2982 3000 3046 inter

692 3217 774 3286 gli
811 3217 905 3271 uni
942 3232 1040 3285 per
1084 3217 1333 3271 umiliare
1380 3217 1461 3286 gli
1498 3214 1681 3271 altri.“
1728 3233 1782 3270 n.
1819 3217 1915 3271 IX.
1988 3218 2065 3271 Et
2100 3216 2161 3274 L.
2196 3216 2508 3271 XXXVIII.
2547 3233 2598 3269 n.
2636 3215 2771 3269 111.:
2812 3215 2997 3282 „Ales-

692 3296 888 3350 sandro
917 3296 997 3350 VI
1033 3312 1127 3350 era
1164 3302 1356 3351 stanco
1402 3296 1457 3349 di
1496 3296 1618 3363 quel
1663 3302 1928 3363 perpetuo
1976 3295 2198 3365 flagello
2236 3297 2336 3351 che
2373 3311 2537 3351 erano
2584 3310 2681 3362 per
2729 3293 2813 3363 gli
2851 3292 2997 3348 Stati

692 3374 836 3429 della
872 3374 1069 3429 Chiesa
1104 3375 1120 3427 i
1160 3375 1374 3440 baroni,
1419 3373 1731 3441 usurpatori
1780 3375 1931 3441 quasi
1975 3375 2110 3430 tutti
2159 3391 2189 3431 e
2234 3375 2442 3441 ribelli,
2491 3372 2694 3429 torbidi
2740 3371 2996 3427 traditori

691 3454 761 3507 ad
808 3453 939 3522 ogni
988 3454 1300 3516 occasione,
1357 3452 1637 3507 riluttanti
1687 3453 1742 3507 al
1790 3456 1989 3510 dovere
2038 3455 2105 3510 ed
2154 3455 2265 3509 alla
2314 3453 2665 3519 ubbidienza,
2723 3451 2927 3506 tiranni
2977 3452 2996 3503 i

697 3532 815 3599 piu,
872 3533 1095 3588 duranti
1142 3533 1291 3588 nella
1348 3531 1597 3601 signoria
1644 3531 1732 3587 col
1779 3539 1989 3588 terrore
2043 3549 2072 3588 e
2123 3534 2207 3588 col
2258 3548 2485 3602 sangue.
2578 3520 2626 3586 E
2671 3530 2996 3600 ingiustizia

692 3607 917 3667 stimate
962 3614 1060 3667 che
1110 3612 1444 3666 Alessandro
1491 3627 1688 3666 avesse
1737 3628 1770 3665 a
1816 3611 1931 3667 solo
1982 3612 2089 3667 fine
2133 3612 2189 3666 lo
2236 3611 2497 3666 arrichire
2546 3611 2744 3666 Cesare
2787 3609 2996 3677 Borgia

692 3692 835 3748 delle
884 3698 1029 3746 terre
1078 3692 1134 3747 di
1181 3692 1392 3759 coloro;
1438 3691 1534 3759 piu
1574 3693 1672 3746 che
1723 3692 1866 3746 altro
1917 3691 2223 3758 importava
2270 3690 2508 3746 liberare
2557 3689 2577 3743 i
2629 3689 2813 3758 populi
2858 3705 2887 3743 e
2937 3704 2993 3742 se

691 3779 896 3838 stesso;
942 3787 999 3826 se
1038 3772 1235 3827 Cesare
1271 3772 1328 3824 fu
1366 3769 1408 3824 il
1445 3770 1692 3825 terribile
1739 3770 1991 3839 capitano
2037 3772 2137 3825 che
2171 3774 2336 3839 opero
2374 3771 2392 3823 i
2431 3769 2563 3824 fatti
2599 3785 2628 3824 e
2668 3783 2726 3823 se
2762 3770 2828 3823 de
2863 3767 2994 3822 fatti

693 3867 726 3904 a
760 3850 841 3905 lui
877 3851 1325 3919 principalmente
1369 3865 1544 3904 venne
1589 3848 1811 3915 profitto
1859 3849 2005 3904 forse
2049 3856 2245 3916 troppo
2283 3850 2516 3918 grande,
2560 3864 2666 3902 non
2703 3849 2733 3901 e
2770 3864 2803 3900 a
2838 3846 2993 3901 farne

693 3946 834 3999 gran
869 3931 1049 3997 colpa3
1099 3930 1321 3985 l’indole
1365 3929 1526 3983 trista
1575 3929 1662 3983 dei
1701 3928 1868 3995 tempi
1907 3944 1936 3983 e
1975 3927 2126 3996 degli
2170 3928 2375 3982 nomini
2420 3944 2526 3982 non
2569 3926 2815 3981 lasciava
2849 3925 2995 3979 modi

692 4012 761 4064 ne
806 4008 1046 4063 ministri
1091 4008 1354 4076 migliori‚
1413 4022 1443 4061 e
1491 4013 1823 4070 certamente
1870 4006 2203 4062 Alessandro
2251 4006 2425 4075 compi
2472 4005 2562 4060 un‘
2608 4020 2773 4072 opera
2816 4006 2994 4059 buona

694 4105 723 4143 e
759 4088 928 4154 bella3
976 4087 996 4140 i
1039 4088 1185 4142 modi
1229 4103 1335 4141 non
1381 4086 1573 4140 furono
1619 4101 1828 4154 sempre
1872 4086 2061 4152 buoni,
2111 4102 2200 4140 ma
2244 4101 2433 4154 spesso
2471 4101 2502 4141 o
2534 4082 2778 4153 ignorati
2817 4099 2848 4137 o
2884 4099 2993 4137 non

692 4168 872 4237 potuti
908 4167 1170 4236 impedire
1207 4168 1295 4222 dal
1331 4163 1533 4234 Papa.“
