3281 5014
651 435 755 487 212
1077 433 1307 487 XXXII.
1345 434 1429 488 De
1464 434 1823 489 Pontificibus
1859 435 2141 489 Avenione
2181 437 2542 493 commoratis.

651 575 1096 640 infestissimos
1142 575 1259 640 sibi
1310 575 1584 640 reddidit
1621 576 1942 660 principes
1988 598 2065 640 ex
2114 577 2359 641 familia
2406 576 2963 663 Luxemburgensi

653 671 1036 755 ruinamque
1102 694 1280 736 suam
1348 673 1741 738 acceleravit.
1853 672 2191 738 Caeterum
2244 672 2590 740 Ecclesiam
2661 683 2726 740 et
2789 674 2960 741 Pon-

651 768 885 832 tificem
934 768 1125 832 variis
1186 790 1440 858 quoque
1502 769 1646 834 aliis
1700 769 1902 834 modis
1954 769 2229 834 vexabat
2287 774 2354 834 et
2409 770 2667 856 injuriis
2725 771 2964 836 afficie-

653 865 783 928 bat.
891 865 1097 942 Quum
1164 863 1556 930 Benedictus
1620 866 1691 931 in
1748 865 2159 931 Germaniam
2226 867 2529 950 misisset,
2595 869 2705 952 qui
2772 890 2964 953 pecu-

652 961 829 1025 niam
875 983 990 1045 pro
1038 962 1442 1046 expeditione
1491 963 1775 1027 cruciata
1819 962 2229 1047 colligerent,
2286 961 2660 1028 mdcvicus
2709 983 2813 1028 eos
2856 985 2964 1029 ex-

645 1056 844 1141 pulit,
892 1060 954 1122 et
1001 1077 1195 1139 quam
1225 1057 1301 1123 in
1347 1056 1734 1139 quibusdam
1767 1057 1922 1123 locis
1968 1062 2307 1142 co'e'qerant
2342 1058 2692 1142 pecuniam
2722 1058 2968 1143 eripuit

652 1152 822 1233 illis,·
885 1154 1273 1233 sacerdotia,
1332 1154 1761 1238 episcopatus,
1831 1175 2172 1238 omnesque
2230 1154 2690 1221 ecclesiasticas
2751 1155 2965 1241 diffini·

655 1254 821 1316 tates
877 1271 957 1315 ex
1019 1271 1136 1316 suo
1190 1250 1468 1315 arbitrio
1528 1250 1960 1336 conferebat1)
2031 1253 2285 1318 asseclis
2354 1254 2481 1318 suis
2539 1256 2968 1319 excommuni-

654 1343 841 1424 catis;
907 1370 1020 1432 per
1086 1347 1314 1412 Sedem
1378 1369 1529 1412 vero
1582 1349 2022 1432 Apostolicam
2075 1350 2200 1414 rite
2255 1355 2580 1433 promotos
2640 1373 2678 1415 a
2727 1372 2967 1435 posses·

653 1445 835 1510 sione
909 1444 1294 1528 impediebat
1372 1449 1437 1508 et
1509 1444 1844 1529 affligebat
1910 1446 2369 1530 multipliciter.
2500 1446 2697 1511 Fama
2773 1448 2968 1512 etiam

657 1541 1058 1626 divulgabat,
1116 1538 1520 1605 Ludovicum
1576 1560 1764 1623 saepe
1817 1538 2063 1606 dictum
2117 1540 2535 1607 sensualitati
2583 1562 2708 1625 per
2752 1542 2970 1625 ipsum

655 1635 912 1702 ratione
969 1636 1285 1720 subjecta,
1349 1635 1555 1702 multa
1618 1635 1755 1702 alia
1810 1658 2024 1720 prava
2086 1658 2250 1720 quae
2313 1660 2445 1705 non
2501 1637 2674 1719 licet,
2746 1638 2971 1723 turpia

660 1752 825 1816 quae
887 1754 1017 1799 non
1081 1733 1277 1813 decet,
1346 1737 1408 1798 et
1468 1733 1659 1799 varia
1728 1754 1893 1816 quae
1960 1756 2092 1801 non
2157 1735 2509 1819 eaepediwnt
2567 1734 2654 1800 ad
2711 1733 2970 1801 libitum

661 1828 939 1914 operari,
987 1850 1119 1896 non
1168 1829 1343 1894 brevi
1387 1830 1555 1912 stylo
1597 1829 1891 1913 faciliter
1935 1829 2352 1917 recitanda.²)

326 1961 619 2069 fflssssfiffissft‘
835 1971 937 2035 67.
992 1968 1157 2048 „Sed
1213 1992 1410 2054 quum
1469 1970 1730 2034 tandem
1786 1971 1948 2035 vidit
2004 1970 2364 2036 Ludovicus
2416 1970 2751 2037 Pontificis
2813 1972 2974 2037 ami-

658 2068 812 2133 citia
862 2071 926 2132 et
981 2067 1199 2131 favore
1255 2087 1393 2129 esse
1449 2065 1574 2130 sibi
1632 2088 1792 2149 opus
1846 2065 1928 2131 ad
1982 2067 2330 2150 Imperium
2393 2067 2970 2133 administrandum

660 2169 726 2230 et
784 2163 1226 2238 retinendum,
1288 2162 1797 2247 accidissentque
1857 2185 1958 2228 res
2018 2163 2441 2240 difficiliores,
2506 2164 2709 2228 multo
2762 2163 2971 2228 humi·

659 2263 783 2327 lior
837 2256 1247 2342 redditus‚“⁸)
1311 2260 1545 2323 iterum
1605 2282 1662 2324 a.
1725 2260 1895 2323 1344
1961 2261 2097 2344 egit
2155 2282 2298 2325 cum
2354 2260 2683 2325 Clemente
2737 2260 2815 2324 de
2875 2281 2974 2324 re-

661 2357 1109 2425 conciliatione
1163 2378 1276 2440 per
1320 2354 1693 2439 Philippum
1743 2355 1990 2422 Galliae
2048 2377 2286 2441 regem.
2380 2355 2798 2421 Conditiones
2853 2357 2975 2440 ipsi

661 2455 909 2541 positae
959 2458 1141 2531 sunt,
1204 2458 1277 2517 ut
1333 2452 1619 2518 facinora
1673 2475 1786 2519 sua
1836 2457 2242 2538 agnosceret,
2303 2454 2712 2521 renuntiaret
2765 2453 2972 2538 Impe-

663 2553 789 2630 rio,
845 2572 1106 2635 seseque
1154 2551 1472 2634 obligaret
1525 2556 1601 2613 ut
1648 2550 1804 2615 illud
1852 2573 1985 2617 non
2044 2555 2397 2616 resumeret
2443 2552 2568 2616 nisi
2625 2573 2702 2615 ex
2752 2550 2977 2616 Ponti·

662 2649 797 2714 ficis
856 2648 1302 2731 permissione,
1374 2654 1575 2731 utque
1635 2669 1735 2730 se,
1805 2648 1969 2713 filios
2025 2670 2173 2713 suos
2236 2670 2310 2712 ac
2372 2649 2540 2712 bona
2605 2648 2671 2712 in
2749 2669 2978 2713 manus

665 2745 946 2810 traderet
1012 2742 1261 2808 Summi
1317 2742 1675 2808 Pontificis.
1792 2743 2324 2828 Subscripserunt
2395 2745 2592 2829 legati
2661 2740 2979 2809 Ludovici

665 2842 794 2907 illis
840 2840 1337 2923 conditionibus,
1397 2840 1506 2904 sed
1554 2839 1914 2905 Ludovicus
1970 2863 2078 2905 eas
2127 2841 2427 2906 submisit
2471 2841 2754 2906 consiliis
2800 2841 2980 2925 prin·

665 2940 872 3022 cipum
922 2935 1323 3001 Germaniae.
1415 2936 1520 3000 Ab
1576 2936 1704 3014 his,
1768 2937 1864 3000 uti
1922 2937 2175 3002 videtur
2232 2936 2497 3003 subdole
2554 2941 2788 3022 agente
2848 2936 2977 3000 Lu·

665 3034 915 3111 dovico‚
980 3033 1378 3098 conditiones
1440 3033 1733 3116 rejectae
1773 3038 1927 3098 sunt
1987 3038 2062 3098 ut
2125 3034 2366 3099 honore
2418 3034 2604 3119 regni
2664 3033 2835 3097 haud
2891 3033 2982 3096 di-

665 3153 855 3216 gnae,
918 3137 983 3195 et
1040 3130 1129 3194 sic
1190 3129 1603 3194 continuatus
1666 3138 1764 3194 est
1824 3131 2215 3214 perniciosus
2276 3153 2490 3195 rerum
2550 3134 2780 3196 status
2892 3131 2981 3192 At

666 3249 816 3292 mox
863 3228 1150 3292 instante
1190 3224 1523 3290 Clemente
1569 3227 1741 3291 inter
1787 3228 2106 3311 principes
2148 3231 2366 3293 actum
2410 3231 2509 3291 est
2547 3227 2623 3291 de
2604 3227 2980 3323 electione

665 3324 813 3388 novi
848 3321 1369 3409 Ιωρθτειῂοτίεῄ)
1413 3323 1667 3405 plurimi
1712 3347 1749 3388 a
1781 3322 2105 3389 Ludovico
2152 3324 2548 3402 defecerunt,
2597 3327 2662 3388 et
2708 3316 2751 3388 a
2770 3320 3015 3408 quin-³*

849 3535 889 3601 ¹)
928 3535 1152 3599 MutiuS,
1194 3535 1374 3589 Germ.
1415 3533 1612 3587 Chron.
1652 3533 1710 3586 L.
1738 3533 1939 3588 XXIV.
1978 3550 2028 3602 p.
2068 3536 2190 3599 881,
2225 3534 2346 3586 882.
2387 3511 2472 3600 ap.
2503 3530 2830 3599 christophe
2857 3531 2893 3584 1.
2933 3546 2980 3583 c.

666 3617 732 3670 V·
770 3615 1221 3804 upp'pigcessus
1261 3691 1556 3747 Clementis
1583 3691 1677 3743 VI.
1718 3706 1802 3757 ap.
1841 3691 2111 3759 Raynald.
2150 3708 2198 3746 a.
2243 3693 2396 3745 1343.
2434 3705 2522 3743 nn.
2563 3689 2630 3742 55
2669 3695 2726 3743 et
2764 3689 2848 3741 56.

840 3774 889 3920 *ζ
924 3773 1462 3918 ἕξΙῐὶΙὲἶΒᾳῙιΞαρ-ᾶθωιο
1488 3866 1521 3903 a
1552 3849 1831 3904 Clemente
1865 3849 2220 3904 anathemata
2256 3848 2312 3901 in
2340 3846 2677 3901 Ludovicum
2714 3852 2982 3900 renovata

670 3943 826 3999 sunt,
883 3932 1022 3985 male
1077 3934 1303 3986 notatur
1357 3935 1583 3997 propter
1638 3927 2015 3983 execrationes
2071 3943 2207 3994 quae
2264 3926 2320 3980 in
2375 3926 2529 3980 illum
2589 3930 2981 3993 congeruntur.

668 4012 774 4067 Sed
830 4012 941 4065 ista
996 4011 1163 4064 indoli
1221 4008 1435 4063 illorum
1491 4006 1849 4061 adscribenda
1907 4011 2035 4059 sunt
2089 4013 2416 4071 temporum,
2481 4003 2675 4071 quibus
2732 4017 2869 4070 quae
2925 4002 2984 4055 in

669 4090 859 4147 Veteri
897 4090 1247 4146 Testamento
1292 4087 1651 4142 inveniuntur
1696 4085 1885 4152 effata,
1936 4084 2294 4150 adhibebant,
2343 4089 2402 4137 ut
2450 4082 2735 4152 impiorum
2774 4080 2983 4135 scelera

669 4172 1080 4227 detestarentur
1137 4182 1446 4235 poenasque
1502 4165 1719 4219 divinas
1775 4164 1854 4219 eis
1911 4164 2243 4218 nuntiarent.
2332 4163 2631 4231 Praecipue
2687 4161 2743 4214 id
2797 4159 2982 4226 fiebat,
