3281 5014
495 2534 628 2779 11

553 2988 592 3060 *l-
653 3024 787 3067 esse
848 3003 1204 3086 theologice
1263 3002 1456 3081 falsa,
1517 3001 1628 3066 sed
1687 3002 2120 3086 philosophice
2179 3025 2349 3068 vera.
2440 3001 2707 3067 Secutus
2768 3025 2957 3087 porro

663 510 767 560 460
1104 504 1356 557 XXXVI.
1395 504 1476 559 De
1515 510 1669 558 statu
1701 501 1986 560 'Ecclesiae
2023 504 2180 559 initio
2219 521 2358 560 saec.
2397 506 2544 559 XVI.

840 646 941 709 70.
1005 643 1342 709 Decretum
1407 667 1595 728 porro
1657 645 1734 709 de
1793 646 2248 711 reformatione
2308 649 2522 712 curiae
2584 671 2697 732 per
2756 649 2970 714 subse-

660 751 933 828 quentes
1003 763 1250 805 menses
1323 742 1496 805 varie
1559 747 1880 806 mutatum
1950 743 2110 822 fuit,
2182 743 2450 828 ideoque
2518 746 2710 810 etiam
2781 746 2972 810 sessio

662 862 864 917 nona,
913 860 1078 922 quae
1124 837 1369 902 indicta
1416 843 1558 903 erat
1599 861 1715 922 pro
1759 839 1862 903 die
1910 837 1981 902 9⁰
2025 839 2302 923 Aprilis,
2358 850 2703 927 prorogata
2748 850 2846 906 est
2893 841 2971 906 ad

659 936 826 1001 diem
875 937 985 998 5⁰¹²*
1031 933 1210 1018 MaJ‘i.
1301 934 1382 1000 In
1443 935 1665 999 eadem
1727 957 1875 1000 vero
1929 958 2104 1001 nona
2157 938 2440 1002 sessione
2498 940 2971 1023 promulgatum

661 1033 785 1097 fuit
815 1033 975 1098 illud
1009 1032 1858 1121 (1111101113μᾴ88881881881188
1889 1031 2222 1123 disciplina
2253 1034 2692 1115 instauranda,
2737 1036 2971 1099 multa·

660 1151 785 1214 que
842 1129 961 1195 hoc
1016 1130 1346 1197 decretum
1401 1129 1722 1207 continet,
1777 1120 2391 1213 quae‘fion’solam
2446 1130 2690 1196 curiam
2738 1130 2969 1196 Roma-

661 1248 845 1304 nam,
905 1226 1017 1290 sed
1080 1231 1273 1294 etiam
1332 1225 1694 1311 generatim
1752 1225 1991 1290 clerum
2053 1233 2372 1310 spectant.
2461 1228 2777 1292 Attamen
2838 1251 2967 1292 non

660 1323 816 1387 satis
862 1324 1186 1407 provisum
1244 1325 1441 1390 fuisse
1486 1322 1862 1387 difficillimo
1916 1322 2391 1388 reformationis
2436 1325 2817 1389 universalis
2862 1348 2970 1389 ne-

660 1419 859 1502 gotio,
897 1421 1033 1504 jam
1084 1419 1677 1487 animadvertimus.

840 1552 939 1617 ¹71.
1005 1550 1572 1618 Commemoranda
1632 1557 1958 1634 postremo
2019 1554 2173 1615 sunt
2230 1551 2514 1630 decreta,
2575 1574 2741 1636 quae
2802 1575 2966 1617 erro·

564 1628 622 1658 ‘³⁸‘
659 1670 761 1735 res
807 1648 1118 1732 quosdam
1164 1646 2023 1734 philosophico-theologicos
2071 1648 2468 1731 spectabant.
2563 1649 2660 1713 De
2707 1648 2805 1714 his
2823 1646 2967 1713 *ffi-

657 1767 785 1829 qua
848 1744 1058 1810 dicere
1128 1752 1561 1830 opportunum
1629 1743 1781 1820 erit,
1857 1765 2057 1828 quum
2124 1745 2351 1809 intime
2415 1751 2762 1810 nectantur
2828 1768 2965 1811 cum

656 1847 829 1906 statu
900 1843 1228 1907 societatis
1296 1842 1688 1906 christianae
1752 1840 1924 1904 illius
1994 1842 2320 1923 temporis
2444 1840 2711 1907 Saeculo
2780 1841 2965 1908 XIV.

658 1942 725 2002 et
779 1935 929 2002 XV.
988 1941 1175 2023 plura
1235 1944 1584 2022 systemata
1643 1936 2497 2024 philosophico-theologica
2555 1946 2698 2003 orta
2760 1946 2965 2017 erant,

659 2036 892 2120 quibus
957 2035 1284 2101 doctrinae
1347 2035 1599 2100 scholae
1668 2033 1859 2098 medii
1929 2035 2070 2099 aevi
2136 2036 2702 2119 impugnabantur.
2816 2035 2967 2101 Per-

660 2133 1147 2196 niciosissimum
1179 2134 1437 2196 illorum
1472 2134 1894 2213 systematum
1927 2130 2054 2195 fuit
2090 2131 2201 2195 ille
2241 2130 2760 2197 Aristotelismus
2799 2132 2966 2197 anti-

654 2227 1101 2307 scholasticus,
1164 2230 1273 2313 qui
1335 2229 1666 2312 praecipue
1725 2227 1793 2291 in
1861 2227 2047 2292 Italia
2105 2229 2430 2311 superiore
2489 2232 2965 2314 propagabatur

655 2331 722 2390 et
792 2326 1099 2392 doctrinis
1171 2326 1471 2390 Averrois
1539 2323 1898 2408 philosophi
1969 2324 2196 2389 Arabis
2269 2326 2544 2390 maxime
2612 2327 2960 2410 nitebatur.

655 2423 956 2487 Averrois
1022 2423 1402 2507 principium
1464 2421 1948 2486 fundamentale
2012 2426 2181 2500 erat,
2245 2422 2620 2506 religionem
2689 2424 2960 2487 maxime

653 2520 980 2585 colendam
1028 2526 1095 2585 et
1150 2522 1384 2605 populo
1431 2520 1614 2585 valde
1668 2521 2095 2583 necessariam
2143 2541 2306 2602 esse3
2366 2542 2506 2583 eam
2562 2525 2778 2585 tamen
2830 2543 2961 2584 non

654 2618 946 2683 absolute
1009 2639 1140 2682 esse
1197 2640 1441 2692 veram,
1498 2616 1786 2699 adeoque
1846 2616 2055 2679 varias
2115 2617 2455 2700 religiones
2515 2639 2718 2701 aeque
2773 2620 2961 2682 aesti-

653 2712 939 2779 mandaS.
1056 2713 1510 2796 Philosophum
1582 2714 1783 2795 igitur
1859 2713 2159 2796 religioni
2227 2715 2706 2778 venerationem
2784 2713 2960 2777 exhi·

653 2811 804 2874 bere
850 2810 1109 2889 debere,
1165 2809 1278 2874 sed
1325 2808 1793 2893 philosophiam
1841 2810 2153 2894 religione
2193 2811 2580 2894 superiorem
2631 2832 2792 2885 esse,
2849 2833 2958 2875 va·

652 2907 872 2990 riaque
918 2928 1104 2990 posse
1150 2906 1367 2970 eadem
1416 2906 1733 2970 contineri
1782 2906 2082 2991 religioni
2121 2907 2441 2990 opposita3
2489 2907 2648 2971 talia
2695 2906 2957 2990 proinde

649 3099 864 3163 fuerat
931 3099 1247 3163 Averroe’s
1317 3099 1761 3177 Aristotelem,
1833 3101 2098 3184 ejusque
2167 3098 2625 3183 philosophiam
2700 3100 2791 3164 ita
2855 3121 2957 3162 ex-

649 3196 964 3279 ponebat,
1021 3200 1094 3259 ut
1140 3197 1319 3279 plura
1376 3195 1767 3260 christianae
1822 3197 2119 3281 religioni
2172 3198 2364 3280 plane
2418 3199 2710 3279 opposita
2756 3218 2832 3260 ex
2882 3218 2956 3259 ea

647 3292 1005 3357 deduceret.
1115 3293 1622 3357 Aristotelismus
1681 3292 2236 3359 antischolasticus
2296 3293 2707 3358 Averroismo
2765 3292 2955 3376 plane

649 3390 865 3454 affinis
933 3391 1170 3455 multos
1238 3391 1508 3454 asseclas
1578 3391 1832 3454 saeculo
1891 3388 2037 3455 XV.
2107 3391 2358 3454 invenit
2424 3391 2493 3453 in
2555 3388 2953 3453 Venetorum

648 3487 1003 3571 republica,
1065 3495 1259 3572 atque
1318 3487 1388 3550 in
1448 3486 1681 3551 celebri
1744 3487 2181 3553 Universitate
2239 3485 2548 3552 Paduana
2610 3507 2723 3569 per
2780 3486 2949 3549 viros

649 3583 926 3648 famosos
989 3583 1384 3648 tradebatur.
1493 3583 1776 3647 Ineunte
1831 3585 2085 3648 saeculo
2130 3581 2313 3649 XVI.
2373 3582 2608 3647 ibidem
2670 3586 2951 3666 systema

644 3702 831 3745 suum
881 3680 1364 3745 Aristotelicum
1411 3680 1812 3763 proponebat
1859 3680 2093 3764 Petrus
2142 3679 2630 3764 RomponatiuS,
2682 3679 2950 3743 famam·

646 3799 771 3862 que
818 3781 884 3840 et
929 3777 1181 3841 laudem
1228 3798 1539 3841 summam
1584 3776 1709 3841 sibi
1754 3780 2255 3860 comparaverat.
2327 3776 2712 3859 Praecipuae
2760 3797 2948 3860 quae·

645 3875 919 3949 stiones,
990 3896 1154 3958 quae
1218 3873 1705 3956 explicabantur
1777 3873 1857 3936 ab
1927 3873 2052 3937 illis
2115 3872 2506 3956 philosophis
2569 3873 2947 3956 spectabant

646 4081 700 4135 di
737 4081 936 4136 Paride
974 4081 1039 4135 de
1075 4080 1284 4146 Grassi,
1321 4081 1493 4135 Roma
1521 4082 1682 4148 1884)
1721 4087 1778 4136 et
1803 4081 2091 4151 Dollinger
2125 4081 2410 4150 (Beitriige
2447 4086 2550 4135 etc.
2589 4081 2651 4134 Τ.
2678 4080 2779 4134 III.
2819 4081 2945 4146 363)

646 4161 954 4230 colligitur,
1004 4160 1256 4214 Paridem
1302 4175 1528 4228 pronum
1564 4161 1735 4216 fuisse
1783 4162 1852 4214 ad
1889 4162 2136 4215 ironiam.
2211 4159 2484 4226 Quomodo
2531 4160 2822 4227 aliquando
2861 4176 2945 4213 ar·

643 4239 961 4309 chaeologis
999 4239 1252 4305 illuserit,
1289 4238 1415 4294 vide
1453 4255 1537 4306 ap.
1575 4240 1795 4306 Jocher,
1833 4240 2234 4295 Gelehrtenlex.
2272 4240 2360 4293 tit.
2401 4240 2466 4294 de
2505 4239 2742 4293 GrassiS.
