3281 5014
558 446 663 496 380
827 441 1050 494 XXXV.
1090 442 1172 496 De
1211 439 1416 495 Concil.
1453 440 1762 495 Basileensi
1803 456 1866 494 ac
1905 440 1971 495 de
2009 440 2226 508 Synodo
2265 440 2602 495 Florentina.

562 586 757 648 libere
818 584 1119 647 unionem
1179 583 1431 656 iniisse,
1496 583 1604 646 sed
1662 582 1907 659 taedio,
1972 583 2218 666 inopia,
2281 583 2450 646 fame
2509 588 2740 663 motOS‚
2801 606 2875 648 ac

563 670 837 745 R‘ffm‘ani
902 680 1234 743 Pontificis
1277 684 1342 743 et
1390 678 1770 743 Latinorum
1834 679 2406 761 pollicitationibus
2467 686 2530 743 et
2590 680 2873 744 muneri·

564 780 679 842 bus
741 777 1034 854 allectOS,
1108 775 1570 859 fraudibusque
1636 776 2100 840 circumventos
2168 798 2243 839 eo
2304 776 2611 842 adductos
2678 777 2875 841 fuisse

563 882 633 940 ut
695 874 919 938 unioni
978 873 1474 938 subscriberent.
1579 870 1832 937 Similia
1895 872 1994 936 his
2054 873 2275 936 diebus
2333 873 2551 937 innuit
2592 870 2876 963 Jha-n-usj)

562 971 931 1036 Calumnias
987 971 1145 1035 istas
1197 971 1331 1054 jam
1383 991 1459 1033 eo
1504 974 1792 1053 tempore
1850 970 2067 1033 eximii
2117 969 2374 1047 Graeci,
2432 971 2544 1054 qui
2592 969 2877 1034 Concilio

560 1069 930 1144 adfuerant,
988 1066 1082 1129 uti
1138 1065 1476 1130 Bessarion
1537 1070 1603 1129 et
1648 1065 1967 1148 ‚Iosephus
2026 1067 2359 1149 episcopus
2411 1065 2880 1142 Methonensis,

562 1164 964 1245 refutarunt,
1032 1170 1227 1245 atque
1295 1184 1370 1225 ex
1440 1162 1596 1245 ipsis
1650 1163 1832 1227 Actis
1900 1185 2064 1247 quae
2130 1168 2392 1227 exstant
2459 1163 2874 1227 manifestum

562 1265 689 1335 est,
746 1282 876 1325 non
925 1259 1214 1335 fraudeS,
1271 1281 1403 1323 non
1450 1259 1610 1332 vim,
1674 1280 1802 1323 non
1865 1260 2074 1323 minas
2119 1259 2316 1323 fuisse
2364 1259 2711 1340 adhibitas,
2766 1259 2875 1322 sed

563 1356 818 1441 publica
875 1360 942 1419 et
993 1356 1252 1440 pacifica
1298 1356 1526 1439 agendi
1587 1354 1917 1432 libertate,
1979 1360 2190 1421 totum
2236 1357 2498 1420 unionis
2545 1357 2876 1439 negotium

563 1452 928 1516 Florentiae
983 1452 1181 1516 fuisse
1239 1456 1594 1535 peractum,
1663 1457 1729 1515 et
1778 1458 2220 1517 controversas
2279 1452 2688 1536 quaestiones
2732 1473 2875 1536 gra·

561 1550 727 1614 viter
783 1553 850 1613 et
895 1549 1143 1612 erudite
1202 1549 1527 1631 utrimque
1584 1549 1784 1612 fuisse
1837 1552 2169 1614 tractatas.
2266 1548 2569 1613 Pontifex
2618 1570 2769 1613 vero
2814 1553 2879 1611 et

563 1645 839 1729 episcopi
888 1646 1077 1709 latini
1125 1644 1509 1710 Graecorum
1559 1646 1997 1710 commoditati
2046 1651 2363 1730 quantum
2420 1652 2724 1728 poterant
2768 1645 2882 1708 im·

563 1764 757 1826 pense
805 1742 1249 1825 providebant,
1298 1763 1529 1825 eosque
1575 1741 1759 1805 valde
1803 1742 2154 1808 honorifice
2188 1748 2257 1806 et
2297 1741 2604 1806 benevole
2649 1745 2883 1805 tracta·

565 1841 740 1904 bant.
808 1838 1021 1902 Moras
1063 1837 1367 1902 nectebat
1415 1837 1748 1902 Fert-ariae
1794 1839 2070 1902 maxime
2103 1837 2489 1922 Imperator;
2536 1836 2638 1900 hic
2684 1837 2879 1910 enim,

566 1938 660 2000 uti
705 1940 985 2001 testatur
1041 1935 1174 2018 ipse
1224 1933 1574 2017 Syropulus
1622 1933 2005 1999 Latinorum
2065 1934 2494 2010 adversarius,
2551 1934 2878 1997 venationi

419 2034 422 2037 ’
478 1978 536 2072 7
563 2032 837 2109 deditus,
883 2030 1357 2095 inchoationem
1393 2029 1663 2095 Concilii
1712 2032 2020 2097 continuo
2052 2030 2408 2108 differebat,
2457 2030 2671 2113 plures
2701 2030 2873 2114 prin-

564 2130 775 2212 cipum
852 2133 1135 2192 oratores
1210 2135 1276 2191 et
1354 2128 1681 2210 episcopos
1758 2128 1978 2193 adesse
2052 2129 2442 2193 desiderans.
2571 2127 2877 2192 Taedium

566 2230 738 2289 certe
802 2224 1115 2308 quoddam
1174 2224 1434 2290 Graecis
1495 2246 1571 2288 ex
1633 2225 1928 2289 absentia
1992 2249 2108 2290 sua
2168 2249 2206 2289 a
2262 2226 2472 2309 patria
2532 2225 2683 2288 oriri
2739 2229 2883 2307 pot·

566 2326 735 2398 erat,
783 2321 896 2386 sed
941 2322 1229 2405 ineptum
1278 2323 1471 2405 plane
1520 2327 1646 2399 est,
1693 2323 1845 2387 inde
1890 2329 2183 2406 repetere
2229 2343 2611 2388 consensum
2659 2342 2881 2385 eorum

567 2419 642 2484 ad
692 2420 1021 2484 unionem.

242 2540 532 2614 Sssassusdiffi·
744 2536 847 2598 50.
914 2534 1017 2597 Ex
1081 2539 1258 2598 statu
1323 2555 1536 2597 rerum
1590 2534 1778 2597 facile
1824 2533 2243 2617 intelligitur,
2308 2534 2624 2617 quomodo
2686 2533 2883 2597 male·

253 2605 354 2647 θὼς
383 2618 538 2647 mum'
569 2633 728 2707 voli,
784 2653 1053 2715 quorum
1102 2631 1314 2713 plures
1363 2636 1553 2694 erant
1609 2630 1984 2712 praesertim
2034 2651 2110 2693 ex
2157 2630 2399 2695 clericis
2451 2630 2882 2706 inferioribuS,

568 2729 787 2794 omnia
840 2729 911 2791 in
968 2728 1204 2790 malam
1260 2732 1511 2808 partem
1567 2732 1818 2790 vertere
1872 2733 2159 2809 possent.
2265 2727 2470 2803 Quum
2520 2725 2883 2791 Orientales

569 2847 782 2890 rerum
842 2828 1134 2908 egestate
1188 2828 1667 2905 premerentur,
1726 2822 2058 2907 Eugenius
2112 2824 2232 2887 IV.
2290 2846 2601 2906 expensas
2661 2844 2881 2888 omnes

570 2921 915 2997 adventus,
975 2919 1494 2985 commorationis
1542 2924 1606 2983 et
1646 2920 1888 2985 reditus
1939 2921 2063 2984 700
2102 2935 2552 3004 personarum,
2611 2923 2883 3003 Impera·

570 3019 760 3094 toris,
812 3016 1252 3091 Patriarchae,
1309 3014 1773 3099 Episcoporum
1822 3038 1963 3080 cum
2012 3017 2354 3081 comitibus
2399 3017 2644 3081 solvere
2690 3015 2883 3079 debe·

570 3117 714 3192 bat,
777 3118 971 3198 atque
1031 3115 1165 3197 ipse
1223 3115 1291 3177 in
1348 3115 1604 3197 magnis
1659 3114 2070 3196 pecuniarum
2125 3114 2441 3198 angustiis
2493 3113 2883 3178 constitutus

570 3215 735 3287 erat,
793 3210 943 3274 dum
991 3210 1347 3275 necessaria
1403 3210 1694 3275 subsidia
1747 3232 1876 3274 non
1936 3232 2183 3293 semper
2239 3210 2556 3275 adessent.
2646 3208 2721 3272 Id
2781 3208 2882 3271 vel

571 3330 646 3373 ex
695 3329 769 3371 eo
812 3305 1014 3383 vides,
1063 3306 1231 3389 quod
1279 3329 1511 3389 quum,
1558 3306 1932 3389 pestilentia
1981 3305 2307 3370 Ferrariae
2352 3310 2686 3390 grassante
2731 3302 2881 3388 (Sy-

571 3404 832 3487 ropulus
875 3425 935 3486 p.
988 3400 1170 3487 144),
1226 3402 1582 3467 Concilium
1629 3401 2035 3467 Florentiam
2095 3403 2446 3467 transferre
2503 3403 2731 3479 vellet,
2788 3402 2882 3465 id·

571 3523 696 3583 que
764 3498 1144 3583 Imperatori
1213 3499 1605 3582 displiceret,
1685 3498 2019 3584 Eugenius
2088 3499 2237 3564 huic
2304 3501 2500 3565 etiam
2570 3499 2887 3581 exposuit,

572 3596 983 3662 Florentinos
1038 3601 1296 3680 paratos
1352 3617 1486 3660 esse
1542 3596 1943 3660 commodare
1996 3618 2296 3678 magnam
2350 3598 2658 3679 pecuniae
2714 3618 2882 3660 sum-

573 3716 738 3758 mam
800 3694 955 3759 adeo
1007 3714 1123 3776 pro
1185 3694 1483 3776 expensis
1536 3693 1977 3758 necessariam.
2082 3692 2168 3757 Et
2229 3694 2517 3777 quamvis
2577 3692 2882 3757 Pontifex

753 3869 793 3936 ¹)
831 3868 1028 3931 Janus,
1066 3884 1119 3935 p.
1157 3869 1260 3919 344
1298 3882 1440 3934 sqq.:
1492 3868 1652 3936 „Ipse
1699 3874 2000 3934 conceptus
2037 3867 2354 3935 systematis
2392 3866 2605 3935 papalis
2643 3866 2883 3920 Graecos

571 3948 804 4002 maxime
842 3945 1175 4010 offendebat,
1226 3988 1238 4000 .
1279 3987 1291 3998 .
1332 3987 1343 3998 .
1393 3961 1611 4000 exosum
1649 3945 1763 3999 illis
1802 3954 1945 4014 erat,
1988 3947 2301 4015 juramento
2339 3945 2524 4011 Papae
2560 3944 2883 4012 promittere

571 4026 950 4082 obedientiam.
1025 4024 1129 4079 Sed
1168 4024 1352 4079 attriti
1389 4030 1546 4078 erant
1580 4041 1760 4079 rerum
1798 4041 2014 4079 suarum
2053 4025 2370 4079 tristissimo
2409 4028 2592 4087 statu,
2630 4029 2885 4089 tempore

571 4106 776 4175 Synodi
832 4121 897 4160 ex
949 4103 1308 4170 eleemosynis
1359 4102 1643 4157 Pontificis
1691 4104 1982 4170 vivebant,
2040 4119 2239 4171 eosque
2295 4103 2524 4172 pigebat
2569 4117 2630 4156 re
2678 4101 2886 4156 infecta

572 4187 786 4240 domum
823 4181 1078 4238 reverti.“
