3281 5014
916 508 1000 562 De
1039 508 1274 562 decretis
1312 507 1581 563 Sessionis
1621 515 1851 575 quartae
1889 517 1946 563 et
1984 509 2222 576 quintae.
2620 512 2721 564 311

415 646 588 713 tione
648 646 1067 730 suscipimuS,
1132 648 1610 731 complectimur
1668 653 1727 713 et
1787 650 2259 732 veneramur.¹)
2368 652 2556 716 Haud
2612 652 2726 716 du-

416 746 591 808 bium
639 750 763 827 est,
815 746 944 809 illis
991 747 1204 810 verbis
1253 744 1490 827 absque
1536 749 1753 810 tamen
1799 746 2202 828 praejudicio
2249 753 2397 825 etc„
2453 748 2726 813 Pontifi-

415 863 550 906 cem
598 843 877 907 voluisse
910 842 1244 907 excludere
1291 845 1373 908 ab
1403 845 1866 926 approbatione
1898 845 2156 909 decreta
2186 845 2487 909 sessionis
2534 867 2727 929 quar-

414 947 520 1002 tae
568 946 632 1003 et
679 941 975 1022 quintae,
1021 939 1073 1003 si
1125 962 1200 1003 ea
1248 941 1772 1024 intelligerentur
1818 963 2010 1005 sensu
2055 942 2373 1026 generali,
2423 942 2524 1005 vel
2570 964 2725 1026 quo-

416 1057 687 1119 cumque
734 1036 947 1110 modo,
1006 1037 1115 1119 qui
1154 1037 1334 1119 jura,
1400 1036 1782 1120 dignitatem
1831 1060 1904 1101 ac
1950 1038 2286 1121 privilegia
2329 1036 2511 1103 Sedis
2558 1037 2728 1122 Apo·

418 1132 683 1196 stolicae
729 1129 1096 1215 laederet.²)

593 1281 698 1344 32.
769 1280 1003 1345 Restat
1076 1280 1261 1345 nobis
1331 1280 1748 1362 expendenda
1819 1282 2110 1365 quaestio
2177 1283 2392 1366 gravis
2460 1305 2532 1347 ac
2593 1305 2724 1347 non
2763 1292 2938 1335 Indole-0»
2967 1293 3038 1334 de·

417 1378 508 1441 ita
554 1376 792 1455 facilis,
855 1398 1047 1461 quem
1099 1399 1361 1441 sensum
1417 1398 1640 1440 revera
1699 1376 1953 1441 decreta
2009 1378 2120 1441 illa
2182 1379 2487 1443 sessionis
2538 1401 2729 1463 quar·
2787 1356 3018 1396 ‘’mmmm'‘

416 1485 522 1539 tae
579 1480 646 1539 et
704 1475 973 1559 quintae
1028 1473 1376 1537 habuerint
1433 1495 1506 1536 ac
1561 1474 1860 1538 habeant.
1954 1474 2329 1550 Quaerimus
2384 1481 2598 1539 autem
2655 1478 2732 1540 de

415 1593 610 1636 sensu
674 1568 948 1634 litterali
1017 1577 1084 1635 et
1151 1568 1456 1652 objectivo
1522 1570 1958 1647 decretorum,
2035 1573 2145 1654 qui
2213 1572 2421 1637 verbis
2491 1594 2732 1648 eorum,

421 1670 513 1733 uti
578 1670 805 1733 emissa
871 1668 1171 1743 fuerunt,
1241 1669 1442 1745 inest,
1515 1689 1650 1731 non
1713 1689 1864 1731 vero
1923 1667 2000 1731 de
2063 1689 2249 1732 sensu
2313 1691 2501 1753 quem
2566 1669 2732 1733 forte

418 1767 488 1829 in
542 1769 760 1829 mente
815 1764 1158 1828 habuerint
1212 1763 1548 1848 aliqui‘ex
1596 1764 1704 1842 iis,
1770 1765 1880 1849 qui
1941 1766 2007 1828 in
2067 1766 2535 1830 confectionem
2590 1766 2729 1830 illo·

417 1885 554 1926 rum
602 1862 1001 1927 decretorum
1047 1861 1362 1926 influxum
1412 1884 1609 1925 suum·
1636 1867 2063 1926 exercuerunt
2110 1866 2176 1925 et
2221 1884 2477 1926 sensum
2528 1863 2732 1946 magis

419 1965 754 2024 extensum
819 1960 895 2022 iis
958 1960 1311 2022 attribuere
1375 1959 1739 2023 voluerunt.
1856 1959 2157 2035 Quamvis
2226 1959 2398 2023 enim
2454 1959 2524 2023 in
2585 1959 2733 2022 defi-

420 2056 775 2121 nitionibus
835 2055 1264 2120 Conciliorum
1326 2076 1506 2119 mens
1569 2061 1823 2138 patrum
1883 2056 1981 2118 vel
2045 2060 2411 2134 auctorum,
2478 2055 2732 2120 aliunde

416 2154 709 2239 cognita,
774 2153 858 2215 sit
918 2152 1162 2234 optima
1224 2154 1573 2234 interpreS,
1646 2174 1841 2236 quum
1902 2173 2129 2216 sensus
2195 2153 2459 2217 canonis
2521 2152 2733 2236 aliqua

419 2250 844 2333 ambiguitate
906 2249 1190 2331 laborat3
1256 2270 1390 2313 non
1452 2253 1673 2312 tamen
1733 2249 1828 2312 ita
1886 2270 1953 2312 se
2006 2270 2111 2312 res
2169 2248 2464 2324 haberet,
2533 2270 2729 2333 quum

421 2368 602 2411 mens
651 2347 1012 2429 aliquorum
1058 2345 1388 2409 invenitur
1436 2345 1505 2408 in
1555 2344 2067 2409 contradictione
2122 2366 2263 2409 cum
2312 2366 2502 2409 sensu
2550 2344 2735 2408 obvio

420 2449 486 2507 et
553 2443 854 2527 aequiore
913 2442 1184 2518 decreti,
1256 2447 1322 2505 et
1385 2442 1439 2506 si
1502 2442 1761 2525 probari
1824 2446 2038 2524 potest
2101 2443 2200 2506 vel
2258 2442 2485 2505 saltem
2555 2462 2733 2525 prae-

419 2541 620 2619 sumi,
687 2540 858 2624 quod
928 2562 1111 2604 mens
1176 2540 1537 2624 aliquorum
1608 2561 1685 2603 ex
1756 2537 2250 2603 decernentibus
2320 2543 2434 2603 aut
2502 2561 2731 2604 consu-

424 2637 703 2702 lentibus
766 2636 962 2701 fuerit
1027 2658 1292 2702 erronea
1357 2640 1469 2701 aut
1522 2636 1818 2701 absurda.
1927 2634 2006 2699 In
2077 2636 2176 2699 his
2240 2636 2412 2700 enim
2479 2636 2733 2701 casibus

419 2736 559 2800 fieri
612 2739 825 2818 potest
879 2735 1156 2817 sapienti
1206 2733 1326 2798 Dei
1383 2733 1812 2817 providentia,
1867 2738 1942 2797 ut
1987 2755 2118 2798 non
2167 2733 2573 2798 obstantibus
2618 2732 2735 2796 ali-

421 2854 690 2916 quorum
748 2832 858 2915 qui
917 2831 1275 2895 decernunt
1330 2830 1712 2895 adversante
1765 2831 2103 2895 voluntate
2160 2836 2227 2894 et
2285 2853 2501 2895 eorum
2557 2852 2734 2914 prae-

413 2928 703 3013 judiciis,
760 2928 1014 2992 decreta
1061 2929 1401 2992 obtineant
1456 2949 1714 2991 sensum
1772 2928 2034 2991 obvium
2078 2932 2143 2992 et
2188 2928 2566 3004 litteralem,
2624 2927 2736 3011 qui

423 3048 535 3110 per
595 3046 662 3089 se
727 3023 1010 3109 aequiori
1077 3025 1345 3088 aliorum
1415 3025 1780 3088 sententiae
1844 3023 2217 3106 respondet,
2280 3025 2567 3108 quamvis
2637 3023 2735 3086 illi

423 3125 590 3188 forte
649 3123 917 3185 ulterius
975 3142 1121 3184 eum
1177 3121 1523 3185 extendere
1577 3120 1961 3184 desiderent.
2027 3158 2108 3166 ——
2171 3118 2402 3204 Itaque
2457 3142 2588 3184 non
2638 3125 2736 3183 est

422 3218 735 3283 sumenda
800 3218 1250 3301 interpretatio
1330 3218 1727 3281 decretorum
1799 3217 2065 3300 quintae
2132 3217 2431 3281 sessionis
2500 3240 2539 3281 a
2603 3217 2736 3300 pri-

423 3317 590 3380 vatis
648 3315 1056 3398 opinionibus
1103 3314 1530 3380 disseminatis
1586 3315 1657 3376 in
1704 3312 1991 3378 Concilio
2045 3336 2084 3377 a
2132 3312 2448 3377 Gersonio
2508 3320 2571 3376 et
2620 3313 2739 3377 ali-

425 3413 658 3496 quibus
733 3412 874 3475 aliis
951 3411 1300 3496 theologiS,
1377 3433 1650 3495 quorum
1728 3410 2036 3474 doctrinis
2104 3411 2373 3474 nimium
2450 3413 2601 3494 jura
2671 3414 2737 3472 et

425 3509 872 3573 auctoritatem
920 3507 1201 3573 Romani
1246 3507 1580 3572 Pontificis
1629 3507 1797 3572 laedi
1857 3507 2260 3588 exploratum
2315 3511 2433 3571 est.
2532 3506 2739 3569 Erant

425 3605 682 3691 quidem
748 3607 840 3669 illi
909 3605 1182 3669 celebres
1250 3604 1567 3687 theologi,
1639 3626 1911 3688 quorum
1980 3605 2311 3668 consilium
2381 3616 2446 3668 et
2515 3608 2737 3667 aucto-

426 3704 584 3766 ritas
657 3723 1056 3785 summopere
1126 3701 1418 3766 conferre
1489 3700 1714 3764 debuit
1783 3699 1862 3763 ad
1933 3699 2457 3765 determinandos
2526 3701 2735 3765 natio·

427 3824 584 3865 num
649 3806 715 3864 et
782 3805 1036 3882 patrum
1117 3801 1364 3862 animos
1431 3819 1547 3881 pro
1616 3797 1890 3860 decretis
1963 3797 2266 3860 sessionis
2334 3803 2603 3882 quartae
2673 3804 2741 3860 et

424 3898 692 3981 quint-ae
767 3894 1070 3959 ferendis,
1198 3897 1508 3959 Attamen
1584 3894 1815 3977 reliqui
1890 3892 2160 3957 istorum
2238 3893 2566 3959 doctorum
2635 3896 2736 3959 do·

612 4169 649 4233 ¹)
688 4167 956 4233 Raynald‚
996 4182 1043 4219 a.
1087 4168 1236 4217 1446.
1274 4183 1324 4218 n.
1365 4167 1413 4217 3.
1512 4171 1519 4180 “

607 4246 649 4313 ²)
690 4246 797 4299 Cfr.
837 4246 1046 4308 Hefele‚
1086 4246 1141 4298 (¹.
1184 4244 1246 4298 G.
1274 4244 1397 4297 VII.
1438 4246 1486 4310 ξ.
1526 4246 1645 4295 778.
