3281 5014
658 440 764 493 252
1160 440 1420 493 XXXIII.
1458 440 1541 493 De
1579 456 1779 508 magno
1814 439 2129 494 Occidentis
2167 441 2480 495 schismate.

366 594 540 637 Evenut
543 608 615 637 um
657 578 876 662 ipsum
934 578 1318 646 Cardinales
1377 584 1692 662 tanquam
1752 580 2318 647 ultramontanum
2379 585 2440 645 et
2492 579 2787 663 ipsorum
2837 599 2976 643 mo-

372 656 439 697 d³⁸
419 658 555 699 ΜΒ
588 675 845 741 ribus
904 676 1325 759 conformem,
1387 697 1469 741 ex
1526 698 1595 741 eo
1651 676 1821 784 quod
1877 676 2105 759 fuerat
2157 678 2360 743 multo
2422 682 2699 760 tempore
2760 695 2967 740 mora·

660 777 766 837 tus
811 777 872 837 et
918 778 1332 839 conversatus
1386 794 1530 839 cum
1579 772 1672 837 eis
1728 772 1802 838 in
1849 772 2180 840 Avenione
2231 773 2307 838 in
2352 773 2658 840 Romana
2702 770 2974 854 curia.¹)

662 869 1026 953 propositio
1083 870 1442 936 Cardinalis
1490 870 1716 935 Ursini
1770 871 2052 936 ostendit
2104 872 2392 956 quidem,
2456 873 2737 956 aliquam
2797 891 2968 935 com-

659 968 1011 1032 motionem
1073 969 1430 1033 animorum
1485 968 1794 1042 adfuisse,
1850 967 1959 1032 sed
2022 991 2149 1033 non
2215 974 2316 1034 est
2371 969 2590 1054 magni
2639 967 2978 1051 momenti,

655 1065 1032 1146 praesertim
1079 1065 1133 1129 si
1180 1065 1578 1146 attendatur,
1623 1064 1899 1129 testibus
1945 1064 2194 1130 Thoma
2239 1064 2318 1129 de
2347 1064 2603 1129 Acerno
2649 1070 2717 1129 et
2760 1063 2971 1128 Theo-

656 1160 890 1238 doric0‚
936 1161 1145 1245 ipsum
1190 1161 1536 1244 appetiisse
1578 1162 1832 1225 tiaram.
1885 1198 1967 1206 —-
2015 1161 2262 1227 Electio
2300 1163 2438 1246 jam
2482 1183 2701 1226 versus
2746 1159 2971 1224 horam

658 1278 895 1322 nonam
969 1257 1142 1322 facta
1213 1262 1339 1342 est3
1419 1257 1569 1322 dein
1648 1279 1726 1321 ex
1794 1258 2008 1322 verbis
2079 1258 2460 1343 quibusdam
2535 1259 2703 1322 male
2773 1258 2967 1322 intel-

656 1353 840 1418 lectis
898 1375 1119 1418 rumor
1171 1362 1380 1431 ortuS,
1438 1353 1842 1419 Cardinalem
1899 1353 1961 1419 S.
2011 1353 2191 1419 Petri
2244 1355 2520 1419 electum
2579 1375 2740 1420 esse.
2841 1352 2974 1417 Ba-

656 1452 863 1515 rensis
928 1472 1079 1515 vero
1143 1455 1210 1515 et
1278 1451 1386 1515 alii
1457 1450 1739 1535 episcopi
1802 1451 2090 1516 accersiti
2158 1457 2479 1517 venerunt
2534 1453 2674 1516 sine
2731 1452 2976 1515 incom-

658 1548 846 1612 modo
895 1547 975 1611 ad
1030 1548 1345 1631 palatium
1377 1547 1796 1624 Vaticanum,
1859 1552 2058 1632 atque
2111 1547 2203 1613 ibi
2258 1553 2397 1612 tum
2446 1549 2567 1632 ipsi
2622 1555 2762 1613 tum
2812 1544 2970 1612 Oar-

658 1644 925 1725 dinales‚
967 1644 1315 1727 separatim
1362 1651 1607 1720 tamen,
1658 1646 2001 1726 prandium
2048 1653 2481 1729 sumpserunt.
2574 1645 2731 1710 Post
2774 1666 2971 1729 pran-

659 1742 835 1806 dium
891 1764 928 1806 a
983 1740 1458 1819 cardinalibus,
1523 1742 1806 1825 exceptis
1860 1743 2099 1820 tribus,
2160 1743 2458 1808 reelectio
2511 1743 2684 1807 facta
2734 1748 2834 1806 est
2888 1740 2974 1806 ad

658 1840 911 1923 plenam
984 1840 1421 1914 securitatem,
1497 1843 1563 1903 et
1625 1844 1775 1921 post
1837 1838 2033 1916 hanc,
2110 1838 2278 1903 forte
2344 1846 2562 1905 tamen
2630 1841 2763 1904 ritu
2833 1860 2967 1902 non

659 1938 848 2019 plene
920 1936 1251 2012 absoluto,
1330 1936 1490 1999 varii
1567 1936 1845 2018 primum
1921 1958 2037 2018 per
2112 1941 2477 2019 aperturam
2553 1936 2787 2002 factam
2855 1955 2980 2018 pro

659 2031 1064 2115 asportandis
1119 2034 1286 2096 vasis
1344 2034 1779 2097 intraverunt.
1895 2031 2059 2097 Dein
2118 2031 2489 2098 Cardinales
2543 2033 2774 2096 timore
2831 2053 2977 2096 cor-

659 2129 827 2213 repti
878 2128 1285 2193 adduxerunt
1332 2127 1737 2193 cardinalem
1792 2126 1858 2195 S.
1903 2127 2114 2209 Pet-ri,
2171 2138 2247 2193 ut
2291 2129 2671 2195 Pontificem
2728 2150 2798 2192 se
2855 2128 2970 2192 fin·

659 2230 859 2311 geret.
928 2262 1013 2271 —
1085 2224 1312 2290 Refert
1372 2224 1805 2289 Theodericus
1869 2227 2064 2291 etiam
2129 2227 2321 2291 aliam
2385 2247 2640 2291 causam
2703 2246 2975 2289 commo·

659 2323 884 2401 tionis,
946 2344 1110 2407 quae
1163 2342 1383 2386 versus
1434 2329 1689 2404 tempus
1743 2322 1997 2405 prandii
2045 2323 2113 2386 in
2172 2323 2589 2388 multitudine
2649 2329 2792 2387 orta
2851 2327 2971 2385 est.

659 2419 914 2486 Scilicet
984 2420 1296 2503 aliquem,
1372 2420 1496 2499 ait,
1567 2418 1648 2482 de
1722 2420 1966 2502 palatio
2039 2421 2374 2485 clamasse:
2458 2417 2799 2498 „Barensis
2874 2422 2979 2482 est

554 2576 560 2581 .
659 2519 899 2582 electus
962 2518 1032 2581 in
1098 2516 1414 2600 Papam“;
1485 2517 1792 2599 populum
1857 2539 2010 2582 vero
2072 2540 2272 2601 quum
2336 2540 2562 2600 parum
2625 2537 2974 2601 cognosce-

657 2618 761 2679 ret
806 2613 1351 2696 archiepiscopum
1398 2612 1776 2688 Barensem,
1821 2612 2223 2678 intellexisse
2271 2616 2543 2678 electum
2593 2635 2734 2678 esse
2770 2611 2974 2676 Joan-

660 2733 806 2776 nem
854 2710 932 2774 de
980 2710 1177 2784 Bare,
1237 2708 1526 2790 Gallum,
1582 2709 2043 2774 cubicularium
2102 2710 2439 2794 quemdam
2486 2708 2781 2794 Gregorii
2835 2706 2971 2784 XL,

656 2808 981 2872 hominem
1041 2807 1384 2890 superbum
1449 2810 1515 2870 et
1573 2806 1794 2869 multis
1856 2826 2137 2870 exosum.
2143 2802 2198 2890 ²)
2255 2842 2342 2852 —
2401 2802 2475 2870 4⁰
2525 2804 2720 2870 Ratio
2777 2804 2970 2888 fugae

657 2905 907 2988 aliquot
966 2902 1401 2967 cardinalium
1459 2923 1719 2985 vespere
1781 2906 1921 2966 erat
1982 2904 2175 2966 timor
2235 2925 2485 2982 eorum,
2546 2924 2629 2968 ne
2692 2899 2969 2965 Romani

658 3006 922 3085 propter
983 3001 1308 3065 fictionem
1380 3003 1447 3063 et
1509 2999 1883 3064 electionem
1952 2973 2364 3082 Neapolitani
2431 3021 2537 3065 eos
2599 3000 2764 3073 male
2835 3002 2971 3061 tra-

658 3104 944 3191 ctarent3
996 3096 1167 3161 unde
1210 3096 1449 3160 iterum
1496 3099 1791 3179 apparet,
1846 3095 1915 3159 in
1974 3096 2299 3161 creatione
2346 3096 2644 3162 Barensis
2700 3118 2808 3161 eos
2851 3114 2971 3158 no-

656 3196 853 3261 luisse
932 3194 1194 3277 obsequi
1270 3192 1655 3257 clamoribus
1728 3192 2181 3257 multitudinis.
2302 3194 2538 3259 Postea
2608 3214 2789 3274 vem,
2867 3190 2968 3254 uti

658 3294 855 3358 etiam
887 3291 1167 3356 Thomas
1213 3297 1278 3356 et
1311 3289 1746 3354 Theodoricus
1791 3289 2107 3372 referunt,
2156 3290 2527 3355 Cardinales
2567 3312 2698 3355 non
2743 3287 2972 3364 eoacti,

656 3390 768 3455 sed
839 3389 1084 3453 sincere
1152 3385 1420 3451 Urbano
1480 3384 1942 3464 adhaeserunt,
2012 3387 2197 3470 eique
2261 3387 2476 3452 omnia
2538 3387 2725 3471 signa
2783 3383 2965 3469 agni-

656 3487 853 3552 tionis
907 3492 982 3549 ut
1039 3484 1173 3549 veri
1230 3483 1563 3549 Pontificis
1620 3483 2105 3564 praestiterunt.
2212 3481 2423 3562 Tunc,
2485 3484 2708 3548 scribit
2761 3481 2970 3545 Theo·

656 3585 909 3649 doricus
929 3631 944 3659 ,
1008 3579 1266 3645 nullum
1330 3577 1599 3644 dubium
1665 3577 2013 3659 nullusque
2072 3598 2301 3643 rumor
2364 3577 2632 3644 sinister
2688 3580 2832 3641 erat
2891 3575 2968 3640 in

656 3679 817 3744 urbe
876 3677 1091 3743 Roma
1108 3724 1124 3753 ‚
1201 3675 1397 3740 etiam
1473 3674 1650 3739 inter
1710 3672 2092 3740 Cardinales
2166 3680 2228 3739 et
2289 3675 2454 3741 alios
2521 3691 2967 3756 quoscumque,

658 3773 828 3858 quod
892 3773 1063 3838 idem
1134 3771 1436 3837 Urbanus
1498 3792 1630 3836 non
1691 3775 1851 3835 esset
1911 3791 2104 3837 verus
2163 3770 2381 3855 Papa,
2450 3777 2568 3837 aut
2630 3769 2800 3853 quod
2842 3788 2971 3851 per

657 3869 1139 3954 impressionem
1208 3868 1305 3933 vel
1368 3867 1538 3933 alias
1600 3866 1823 3931 minus
1886 3867 2189 3933 canonice
2246 3869 2418 3950 foret
2471 3868 2719 3933 electus.
2821 3865 2972 3930 Imo

839 4096 883 4162 ¹)
921 4096 1152 4150 Factum
1186 4094 1393 4149 Urbani
1435 4110 1518 4161 ap.
1556 4092 1825 4159 Raynald.
1864 4108 1913 4147 a.
1953 4096 2104 4147 1378.
2141 4110 2194 4146 n.
2232 4095 2316 4146 80.

835 4175 879 4243 ²)
916 4176 998 4230 De
1038 4174 1341 4228 Schismate
1380 4173 1438 4225 L.
1476 4172 1522 4224 Ι.
1561 4187 1605 4224 c.
1644 4176 1692 4224 2.
