3281 5014
931 438 1100 506 Origo
1139 436 1353 491 dissidii
1391 453 1510 491 cum
1551 436 1807 505 Philippo
1845 437 2097 495 Pulchro.
2599 441 2669 493 29

354 579 567 643 benda
611 584 764 644 sunt
812 584 881 643 ut
928 577 1226 662 adagium
1275 577 1612 662 quoddam,
1658 579 1827 663 quod
1873 601 1951 642 ex
1997 579 2212 644 indole
2257 601 2372 643 sua
2419 601 2552 644 non
2598 580 2668 643 in

352 698 547 740 sensu
618 676 964 739 universali
1027 683 1093 739 et
1135 675 1458 750 absolut0,
1529 675 1636 738 sed
1702 676 1767 738 in
1813 696 2002 739 sensu
2050 677 2454 741 accommodo
2502 676 2668 740 acci·

357 772 688 856 piendum,
742 793 952 856 neque
999 773 1188 836 nimis
1236 770 1595 855 urgendum
1644 776 1762 836 est.
1808 808 1883 816 —
1941 772 2018 836 In
2064 773 2496 856 prohibitione
2543 771 2669 836 Bo-

356 868 574 933 nifatii
620 890 751 932 non
812 868 1263 951 comprehendi
1317 868 1565 932 tributa
1610 868 1688 932 de
1736 868 1922 933 bonis
1970 869 2329 934 feudalibus
2377 870 2670 933 ecclesia:-

357 967 696 1041 sticorum,
758 986 870 1047 per
913 987 980 1028 se
1027 965 1322 1048 patebat,
1382 969 1447 1029 et
1491 966 1546 1029 si
1595 965 1699 1028 cui
1739 963 2005 1028 dubium
2052 970 2218 1043 erat,
2279 989 2316 1030 a
2356 967 2519 1048 juris
2568 987 2670 1049 pe·

355 1062 501 1126 ritis
553 1062 740 1126 facile
795 1061 1128 1144 explanari
1182 1065 1458 1144 poterat.
1554 1062 1645 1128 Ut
1697 1083 1849 1126 vero
1893 1061 2287 1128 Constitutio
2342 1062 2668 1145 pontificia

358 1159 555 1222 etiam
613 1158 943 1222 malevolis
1008 1162 1073 1220 et
1134 1160 1452 1240 perversis
1506 1158 1855 1224 lectoribus
1914 1159 2160 1223 nullam
2217 1159 2522 1242 praebeat
2567 1181 2669 1224 oc-

355 1255 678 1319 casionem
727 1253 1155 1318 cavillationis
1203 1258 1268 1317 et
1313 1256 1595 1339 injustae
1644 1256 1969 1339 querelae,
2026 1255 2090 1318 id
2137 1277 2292 1320 sane
2340 1257 2512 1339 exigi
2559 1277 2669 1319 ne·

356 1353 519 1435 quit.
583 1386 670 1395 —
730 1350 964 1427 Quodsi
1022 1351 1166 1414 dein
1226 1349 1533 1415 Pontifex
1592 1353 1663 1415 in
1719 1351 2102 1435 quibusdam
2147 1353 2425 1416 severius
2482 1373 2670 1436 agere

359 1448 609 1512 videtur
663 1469 856 1532 quam
914 1447 1114 1530 ipsius
1172 1447 1717 1530 praedecessoreS,
1774 1449 1941 1512 ratio
1996 1457 2163 1526 erat,
2221 1449 2372 1533 quia
2418 1448 2671 1512 decreta

347 1546 487 1628 jam
550 1544 687 1608 lata
747 1544 938 1607 variis
1005 1543 1204 1607 modis
1272 1543 1531 1607 videbat
1591 1545 1779 1608 eludi.
1887 1545 2229 1610 Providere
2274 1543 2491 1624 {voluit
2548 1544 2672 1627 ipsi

354 1641 932 1705 ecclesiasticorum
979 1641 1378 1704 immunitati
1425 1640 1825 1720 Bonifatius,
1882 1640 2031 1706 dum
2077 1643 2157 1705 iis
2203 1642 2323 1705 sub
2365 1640 2669 1725 gravibus

356 1736 579 1821 poenis
626 1736 943 1820 prohibet,
995 1758 1077 1800 ne
1124 1737 1300 1802 laicis
1344 1738 1484 1801 sine
1531 1736 1712 1801 Sedis
1759 1738 2169 1822 Apostolicae
2214 1738 2477 1803 licentia
2523 1737 2669 1800 sub·

356 1834 518 1897 sidia
580 1832 962 1909 concedant3
1027 1835 1118 1898 sic
1182 1834 1357 1897 enim
1418 1834 1614 1898 laicos
1678 1840 1987 1918 urgentes
2051 1834 2301 1899 facilius
2365 1834 2669 1918 repellere
2745 1826 2750 1831 ’

359 1934 675 2014 poterant.
770 1929 868 1992 Ex
927 1931 1145 1994 eadem
1194 1933 1443 1996 ratione
1491 1931 1686 1995 etiam
1734 1931 2060 1996 interdicit
2114 1932 2475 2014 portionem
2524 1953 2666 2015 pro·

358 2031 666 2091 ventuum
721 2027 839 2090 sub
896 2024 1172 2090 subsidii
1220 2024 1449 2090 donive
1507 2028 1795 2104 nomine,
1855 2029 1956 2091 vel
2014 2028 2239 2111 quovis
2298 2028 2422 2091 alio
2477 2049 2664 2112 quae·

356 2126 484 2188 sito
543 2123 753 2188 colore
810 2124 950 2188 sine
1012 2127 1395 2189 auctoritate
1451 2124 1630 2188 Sedis
1688 2123 2100 2208 Apostolicae
2156 2123 2443 2200 concedi3
2498 2124 2669 2208 prin-

354 2221 527 2303 cipes
584 2220 912 2297 videlicet,
979 2243 1177 2304 quum
1245 2221 1494 2286 tributa
1554 2222 1884 2305 imponere
1944 2243 2079 2285 non
2138 2226 2431 2304 possent,
2497 2239 2668 2304 Qe-

359 2316 516 2411 Qnt
559 2318 851 2395 clericos,
912 2325 985 2382 ut
1031 2318 1150 2382 sub
1193 2318 1387 2382 titulo
1441 2315 1598 2381 doni
1644 2319 1746 2382 vel
1795 2318 1923 2383 alio
1980 2316 2167 2382 modo
2213 2316 2495 2381 subsidia
2540 2317 2669 2397 fer(-

354 2404 591 2500 1·ρ-1,1“’ῑ’ἶ”ΜΔ
616 2409 882 2478 'Pariter
940 2415 1369 2479 necessarium
1431 2414 1616 2477 duxit
1675 2413 1985 2479 Pontifex
2049 2435 2348 2497 expresse
2408 2412 2667 2498 regibus

352 2533 612 2595 quoque
670 2512 903 2575 minari
966 2533 1204 2594 poenas
1264 2512 1753 2589 ecclesiasticas,
1818 2534 2015 2595 quum
2074 2511 2472 2593 experientia
2518 2510 2667 2574 edo-

351 2612 495 2671 ctus
540 2608 820 2682 videret,
874 2608 1292 2672 vexationum
1349 2608 1637 2692 alioquin
1696 2608 1869 2672 haud
1924 2608 2061 2672 fore
2117 2609 2333 2673 finem.
2429 2608 2522 2671 Ex
2568 2606 2680 2678 his.

352 2705 556 2787 igitur
600 2705 853 2769 motivis
901 2726 977 2767 ea
1021 2727 1185 2789 quae
1216 2704 1584 2769 Bonifatius
1630 2706 1864 2769 statuit
1909 2704 2216 2769 vindicari
2261 2709 2550 2788 possunt.
2583 2739 2671 2748 —

357 2800 792 2865 Recolendum
838 2802 1033 2865 etiam
1080 2806 1206 2876 est,
1263 2801 1587 2865 Romanos
1634 2801 1979 2865 Pontifices
2036 2823 2103 2865 se
2157 2823 2409 2884 semper
2457 2806 2668 2865 osten·

353 2895 519 2960 disse
562 2897 1025 2980 paratissimoS,
1086 2903 1159 2961 ut
1213 2897 1610 2980 principibus
1666 2898 1735 2960 in
1793 2898 1928 2961 suis
1977 2897 2470 2963 necessitatibus
2515 2897 2666 2961 sub·

353 2993 680 3073 venirent3
738 2994 847 3057 sed
890 2994 1084 3059 officii
1129 2995 1412 3077 ipsorum
1459 2994 1685 3069 fuisse,
1747 2999 1821 3058 ut
1865 2994 2277 3078 impedirent,
2326 2994 2665 3078 quominus

354 3089 526 3153 bona
600 3089 1029 3154 ecclesiastica
1102 3089 1181 3153 ad
1256 3089 1427 3155 bella
1502 3092 1749 3174 injusta
1823 3092 2105 3175 gerenda
2180 3091 2666 3173 dissiparentur.

350 3185 590 3261 Quodsi
635 3183 1006 3251 Bonifatius
1060 3187 1260 3251 relate
1308 3187 1385 3250 ad
1435 3186 1713 3251 Galliam
1766 3188 1836 3252 in
1882 3210 2000 3252 sua
2046 3211 2155 3272 spe
2201 3188 2554 3252 frustratus
2602 3193 2668 3251 et

352 3282 433 3346 ad
483 3284 920 3347 concessiones
980 3282 1286 3368 quasdam
1343 3283 1668 3348 faciendas
1733 3284 2038 3349 deductus
2098 3290 2223 3362 est,
2278 3284 2342 3348 id
2397 3285 2453 3348 ei
2511 3284 2669 3349 vitio

351 3378 517 3441 verti
572 3380 819 3463 nequit.
928 3378 1071 3463 Ipse
1129 3379 1412 3464 Philippi
1468 3402 1783 3445 summam
1840 3382 2325 3464 perversitatem
2385 3381 2668 3446 nondum

352 3476 544 3558 plane
590 3475 1038 3558 cognoscebat,
1087 3498 1298 3560 neque
1344 3481 1843 3560 exspectaverat,
1889 3478 2026 3543 fore
2073 3482 2148 3542 ut
2195 3478 2471 3561 episcopi
2519 3499 2670 3561 quo·

352 3593 477 3655 que
530 3570 776 3637 Galliae
834 3575 971 3657 regi
1029 3574 1240 3656 potius
1302 3595 1494 3657 quam
1553 3574 1703 3639 Sedi
1762 3576 2167 3658 Apostolicae
2224 3575 2669 3641 adhaererent.

352 3668 562 3744 Quum
611 3670 813 3753 igitur
871 3671 1065 3734 etiam
1114 3671 1434 3752 praesules
1490 3672 1557 3735 in
1607 3693 1823 3735 rerum
1883 3672 2236 3755 adjunctis,
2298 3672 2396 3736 uti
2451 3673 2668 3736 existi-

353 3765 648 3841 mabant,
713 3766 1135 3850 difficillimis,
1199 3773 1268 3831 ut
1325 3768 1649 3832 remissius
1716 3766 2015 3832 Pontifex
2073 3775 2297 3852 ageret
2353 3773 2668 3852 peterent,

351 3861 731 3945 prudentiae
793 3885 928 3927 esse
989 3862 1093 3928 hic
1152 3864 1573 3941 existimavit,
1630 3868 1705 3928 ut
1767 3865 2050 3949 benigna
2109 3865 2668 3948 interpretatione,

352 4088 636 4155 quominus
683 4088 924 4156 ipsorum
975 4089 1179 4143 subditi
1228 4106 1348 4143 cum
1399 4090 1611 4145 clericis
1666 4092 2060 4146 communicent
2113 4092 2168 4143 in
2226 4091 2372 4145 victu
2422 4097 2478 4145 et
2526 4108 2667 4145 com·

356 4182 572 4222 merc1o.
