3281 5014
1331 438 1626 506 Gregorius
1663 438 1761 493 XI.
2596 444 2694 493 167

395 574 481 640 ad
533 574 654 639 illa
711 596 875 657 quae
928 575 1187 642 animae
1243 598 1400 643 suae
1446 579 1720 644 salutem
1765 599 2138 645 concernere
2178 583 2479 663 poterant
2527 583 2692 645 tota-

395 669 543 736 liter
583 692 648 736 se
694 672 1021 740 convertit.
1070 723 1083 736 .
1136 723 1149 737 .
1199 724 1212 738 .
1279 674 1564 740 Tandem
1608 695 1757 740 vero
1793 680 1945 758 post
1989 676 2197 741 multa
2244 675 2410 741 bona
2456 680 2516 741 et
2561 676 2692 741 vir-

394 771 580 832 tuosa
652 788 845 851 opera
904 768 978 833 in
1039 768 1328 835 Domino
1383 771 1699 853 requievit
1755 772 1858 836 die
1917 771 2030 836 19⁰
2085 771 2459 838 Decembris
2520 793 2694 839 anno

392 863 670 929 Domini
704 862 1199 930 MOCC'LXXI
1225 866 1648 948 pontificatus
1691 868 1798 934 sui
1843 889 2018 934 anno
2062 890 2250 949 non0,
2294 868 2555 952 fuitque
2600 890 2693 933 se-

383 960 614 1042 pultus
668 960 743 1025 in
799 960 1059 1026 ecclesia
1104 962 1346 1045 majori
1393 962 1849 1045 Avenionensi,
1897 966 2152 1031 demum
2198 966 2694 1048 transferendus

392 1056 477 1121 ad
541 1057 1007 1123 monasterium
1065 1058 1127 1123 S.
1190 1059 1464 1126 Victor-is
1524 1061 1985 1141 Massiliensis,
2055 1061 2168 1127 ubi
2225 1062 2447 1127 vivens
2505 1083 2692 1127 suam

381 1158 767 1237 perpetuam
816 1154 1091 1236 eleqerat
1136 1156 1570 1238 sepulturam,
1626 1159 1886 1241 maqnis
1925 1164 1986 1224 et
2030 1159 2364 1241 stupendis
2409 1158 2692 1223 miracu-

391 1248 473 1314 lis
518 1250 925 1315 coruscando
934 1249 979 1335 ¹)
1069 1252 1251 1317 Inter
1275 1253 1523 1344 Beatos
1570 1255 1674 1319 hic
1719 1256 2022 1321 Pontifex
2065 1258 2317 1321 colitur.

598 1400 704 1466 20.
751 1399 1189 1494 Gregorius
1234 1401 1338 1465 XI
1386 1400 1587 1486 (anno
1639 1403 2130 1488 1371—1378),
2177 1406 2442 1470 natione
2490 1406 2690 1491 Aqui·

389 1497 668 1575 tanicuS,
718 1497 795 1561 de
853 1498 989 1562 loco
1035 1497 1111 1561 de
1154 1489 1552 1563 Malomonte
1598 1500 1904 1565 dioecesis
1950 1500 2423 1566 Lemovicensis
2471 1503 2688 1566 oriun-

388 1590 529 1668 duS,
581 1599 731 1676 post
787 1593 1126 1659 Urbanum
1174 1593 1254 1661 V.
1310 1596 1437 1659 fuit
1484 1595 1814 1660 Avenione
1871 1598 2110 1662 electus
2169 1597 2239 1660 in
2285 1596 2525 1681 Papam
2588 1598 2690 1663 die

389 1690 746 1771 penultima
808 1691 1043 1755 mensis
1104 1690 1474 1756 Decembris
1534 1712 1708 1755 anno
1770 1692 2031 1758 Domini
2100 1692 2297 1772 1371,
2355 1699 2421 1757 et
2478 1694 2578 1759 die
2625 1696 2693 1758 4·

386 1787 623 1851 mensis
686 1786 725 1852 J
732 1787 982 1852 anuarii
1052 1787 1506 1872 subsequentis
1584 1789 1918 1871 presbyter
1981 1790 2312 1854 ordinatus
2333 1839 2351 1873 ,
2418 1791 2489 1854 in
2554 1813 2688 1856 cra-

386 1882 629 1947 stinum
719 1905 869 1948 vero
961 1888 1367 1949 consecratus
1460 1888 1527 1947 et
1597 1889 1956 1950 coronatus.
2079 1885 2263 1950 Prius
2337 1889 2690 1953 vocabatur

387 1977 619 2043 Petrus
667 1979 956 2065 Rogerii,
1010 2002 1083 2044 ac
1139 2001 1335 2064 nepos
1390 2002 1468 2044 ex
1524 1980 1725 2045 fratre
1780 1986 1920 2046 erat
1977 1982 2321 2048 Clementis
2368 1982 2514 2061 VI.,
2577 1987 2689 2070 qui

385 2076 592 2158 ipsum
651 2098 826 2141 anno
872 2077 1069 2155 1348,
1130 2077 1234 2140 vix
1297 2077 1646 2141 octodecim
1703 2100 2050 2158 annorum,
2110 2078 2512 2145 Cardinalem
2559 2083 2687 2146 dia-

385 2192 615 2238 conum
678 2178 1021 2238 creaverat.
1135 2172 1446 2238 Doctrina
1510 2178 1727 2238 tamen
1794 2180 1860 2238 et
1921 2175 2162 2260 pietate
2228 2181 2448 2260 postea
2506 2179 2688 2243 valde

386 2270 725 2347 excelluit,
788 2272 849 2333 et
911 2289 1111 2350 quum
1174 2257 1334 2331 esset
1396 2266 1695 2348 humilis,
1760 2269 2108 2351 modestus,
2172 2270 2684 2355 circumspectus,

383 2369 444 2428 et
497 2363 814 2445 liberalis,
879 2384 953 2429 ac
1007 2364 1160 2429 aliis
1221 2362 1447 2429 multis
1506 2364 1862 2430 virtutibus
1922 2366 2208 2447 dotatus,
2274 2389 2490 2433 omnes
2550 2374 2685 2435 tam

382 2461 746 2528 saeculares
812 2461 1149 2545 principes
1219 2481 1415 2545 quam
1473 2460 1766 2544 praelati
1833 2466 1895 2528 et
1962 2463 2082 2529 alii
2151 2464 2533 2549 quicumque
2600 2467 2687 2532 ad

381 2557 599 2640 ipsum
642 2579 979 2624 recursum
1025 2559 1327 2625 habentes
1370 2579 1515 2625 eum
1550 2558 1850 2641 piissime
1897 2559 2337 2646 dilexerunt.²)
2429 2568 2487 2628 A
2535 2565 2685 2630 Car-

381 2655 703 2721 dinalibus
788 2657 861 2720 in
935 2656 1315 2722 Pontificem
1379 2657 1618 2722 electus
1697 2656 2069 2724 difficillime
2144 2659 2224 2724 ad
2300 2682 2681 2727 consensum

380 2754 592 2835 potuit
655 2754 986 2831 inclinari,
1051 2753 1163 2818 sed
1226 2753 1484 2818 tandem
1549 2776 1692 2818 cum
1761 2757 1938 2820 omni
1999 2755 2366 2822 humilitate
2430 2758 2684 2824 divinae

380 2852 448 2912 et
507 2850 792 2933 ipsorum
854 2872 920 2915 se
982 2850 1315 2934 supposuit
1377 2851 1722 2918 voluntati.
1832 2851 1955 2916 Hic
2018 2852 2322 2918 Pontifex
2383 2854 2532 2920 inde
2601 2857 2682 2920 ab

378 2945 564 3010 initio
627 2946 800 3011 haud
862 2947 1103 3011 infelici
1165 2967 1454 3012 successu
1515 2948 1889 3012 concordiae
1953 2970 2026 3014 ac
2081 2950 2223 3033 paci
2283 2950 2456 3015 inter
2501 2952 2677 3035 prin-

379 3044 547 3127 cipes
620 3042 1001 3108 christianos
1068 3042 1524 3108 restaurandae
1594 3048 1659 3107 et
1725 3047 2195 3110 conservandae
2263 3048 2681 3126 adlaboravit,

380 3161 452 3204 ac
522 3140 793 3205 sollicite
868 3140 1061 3204 etiam
1140 3140 1327 3223 plura
1399 3138 1590 3217 fecit,
1665 3139 1746 3204 ad
1820 3140 2123 3226 dogmata
2196 3143 2510 3208 catholica
2578 3152 2680 3208 tu-

378 3236 544 3302 enda
565 3287 580 3315 ,
651 3238 888 3302 abusus
953 3235 1393 3319 exstirpandos
1458 3240 1523 3300 et
1586 3235 1893 3302 tuendam
1957 3237 2382 3322 disciplinam.
2475 3241 2680 3307 Novis

376 3335 582 3399 turbis
658 3357 734 3400 eo
811 3341 1099 3418 tempore
1167 3332 1359 3398 Italia
1420 3354 1728 3398 concussa
1805 3339 1939 3416 est,
2012 3337 2290 3401 maxime
2366 3359 2440 3402 eo
2511 3338 2679 3423 quod

378 3430 742 3497 Florentini
797 3435 1023 3497 contra
1077 3433 1366 3495 sanctam
1417 3426 1644 3494 Sedem
1697 3430 2088 3496 rebellarent
2141 3433 2428 3519 aliasque
2484 3436 2674 3500 etiam

376 3529 669 3594 civitates
720 3528 800 3592 ad
855 3528 1297 3593 rebellandum
1350 3525 1751 3591 inducerent.
1855 3525 2200 3612 Gregorius
2257 3537 2395 3595 tum
2457 3553 2674 3596 censu—

376 3626 463 3689 ris
525 3631 661 3689 tum
725 3625 918 3690 armis
979 3625 1237 3689 fortiter
1303 3622 1617 3689 Ecclesiae
1666 3625 1817 3706 jura
1872 3628 1939 3688 et
1993 3627 2318 3692 territoria
2368 3628 2675 3708 defendit,

376 3743 449 3786 ac
522 3727 842 3805 postremo
918 3721 1149 3786 statuit
1218 3721 1355 3803 ipse
1429 3721 1497 3785 in
1559 3719 1819 3783 Italiam
1888 3722 2200 3804 proficisci
2271 3728 2336 3789 et
2405 3678 2676 3789 Romani

373 3819 629 3913 reverti.
744 3817 951 3893 Quum
1011 3806 1338 3901 ejusmodi
1408 3816 1653 3881 reditus
1732 3815 2059 3901 Gregorii,
2139 3825 2406 3885 eventus
2480 3821 2679 3885 fuerit

515 4085 559 4151 1)
596 4085 735 4140 Ibid.
772 4102 825 4153 p.
863 4087 982 4139 398.

514 4165 557 4232 ²)
593 4166 777 4218 Balut.
815 4164 948 4218 Vita
982 4165 1156 4231 prima
1193 4165 1448 4233 Gregorii
1483 4164 1580 4219 XI.
1615 4180 1668 4231 p.
1705 4162 1826 4218 426.
