3281 5014
346 1569 607 1624 Expendun·

357 1634 430 1673 tur
456 1637 595 1685 gesta.

659 421 730 472 44
1030 394 1031 397 ‘
1240 418 1410 472 xxx.
1447 419 1530 474 De
1566 418 1900 473 Pontificatu
1935 418 2204 474 Bonifatii
2228 419 2381 472 vm.

650 558 903 641 peccati
903 607 1164 624 .....
1214 558 1676 641 Quadrayinta
1732 558 1898 625 anni
1952 564 2125 638 sunt,
2184 559 2353 640 quod
2407 579 2525 624 nos
2574 578 2801 625 sumus
2858 579 2964 623 ex-

649 654 829 737 perti
871 655 945 720 in
978 657 1139 738 jure
1181 660 1243 720 et
1286 655 1555 736 scimus,
1617 657 1788 738 quod
1830 655 1997 722 duae
2041 661 2199 722 sunt
2227 659 2579 739 potestates
2623 655 2966 721 ordinatae

659 771 701 815 a
746 751 887 817 Deo
897 771 922 831 ,·
976 751 1124 834 quis
1166 772 1316 835 erqo
1361 752 1540 818 debet
1584 753 1837 819 credere
1879 753 1978 819 vel
2011 757 2254 836 potest,
2310 752 2479 835 quod
2523 757 2712 818 tanta
2753 752 2962 834 fatui-

659 853 789 927 tas,
847 852 1036 914 tanta
1089 848 1475 932 insipientia
1531 849 1621 914 sit
1672 850 1771 914 vel
1823 849 2035 933 fuerit
2076 849 2150 915 in
2195 849 2406 932 capite
2449 848 2717 914 nostro?
2776 848 2962 914 Dici-

658 966 831 1025 mus,
890 944 1061 1028 quod
1114 944 1189 1010 in
1243 945 1423 1011 nullo
1471 946 1768 1012 volumus
1824 966 2149 1029 usurpare
2188 944 2719 1029 jurisdictionem
2774 945 2962 1029 reyis.

659 1041 785 1107 Sed
828 1063 961 1107 non
992 1047 1207 1124 potest
1237 1042 1545 1126 iynorare
1590 1064 1710 1108 rex
1738 1063 1853 1109 seu
1898 1043 2285 1126 quicumque
2319 1042 2487 1107 alter
2527 1041 2753 1123 fidelis,
2801 1041 2965 1125 quin

655 1138 744 1203 sit
787 1138 972 1204 nobis
1018 1139 1342 1222 subjectus
1391 1139 1649 1205 ratione
1694 1139 1959 1223 peccati.
2054 1141 2182 1207 Pro
2235 1162 2411 1205 more
2467 1161 2581 1205 suo
2632 1139 2780 1204 dein
2822 1163 2964 1205 ver-

656 1237 750 1302 bis
809 1238 1047 1301 severis
1104 1239 1323 1302 mixtis
1378 1242 1574 1322 atque
1633 1239 1932 1323 benignis
1989 1238 2271 1303 animum
2328 1260 2508 1302 suum
2569 1238 2634 1300 in
2685 1235 2960 1302 Galliam

653 1355 902 1417 semper
949 1333 1327 1398 benevolum
1372 1339 1859 1418 commemorat,
1908 1336 2206 1420 regisque
2250 1334 2539 1418 iniquam
2585 1334 2814 1418 agendi
2857 1357 2962 1399 ra-

652 1430 893 1494 tionem
939 1427 1394 1515 perstringit.¹)

828 1580 936 1643 47.
986 1577 1054 1644 Si
1101 1579 1555 1663 perpendimus
1602 1578 1925 1643 rationem
1971 1577 2207 1662 ayendi
2262 1603 2389 1664 qua
2434 1578 2801 1646 Bonifatius
2843 1580 2963 1646 hoc

653 1676 719 1740 in
768 1676 1070 1741 conflictu
1118 1698 1272 1740 usus
1321 1681 1448 1753 est,
1508 1697 1871 1751 censemus,
1930 1697 2072 1757 eum
2055 1677 2361 1758 Qritq
2407 1675 2732 1757 Ecclesiae
2772 1676 2961 1765 liber-

651 1777 854 1837 tatem
900 1772 1283 1855 vindicasse,
1343 1794 1460 1837 nec
1507 1774 1702 1866 jura
1711 1794 1824 1859 sua
1886 1774 2240 1838 excessisse.
2332 1770 2406 1837 Id
2460 1795 2536 1836 ex
2535 1760 2976 1838 “17em1‘13'3T13i‘atav

650 1870 807 1934 satis
864 1854 1089 1935 elucet.
1194 1822 1509 1934 Gallicani
1565 1869 1820 1953 quidem
1859 1857 2207 1950 auctoreS,
2271 1871 2368 1933 uti
2421 1871 2557 1952 ipse
2607 1869 2961 1981 Philippus,

651 1970 1162 2050 conqueruntur,
1221 1965 1620 2030 Bonifatium
1679 1988 1789 2048 per
1833 1964 2090 2030 Bullam
2137 1963 2457 2030 Ausculta
2509 1964 2610 2045 fili
2663 1987 2730 2029 se
2774 1968 2959 2051 inge·

651 2083 792 2126 rere
837 2063 1112 2127 voluisse
1157 2063 1461 2147 regimini
1508 2063 1848 2146 temporali
1897 2061 2164 2126 Galliae.
2257 2060 2437 2141 Quae
2481 2060 2540 2126 si
2584 2061 2959 2141 valuissent,

652 2159 878 2223 scribit
923 2157 1213 2238 Bossuet,
1259 2156 1357 2221 vel
1402 2157 1477 2221 de
1523 2157 1711 2241 reyni
1749 2157 2063 2241 reyimine
2107 2158 2453 2224 Romanus
2482 2158 2795 2241 Pontifex
2823 2157 2960 2224 Ro-

652 2274 821 2334 mae,
869 2274 1016 2337 reqe
1061 2253 1194 2319 sive
1239 2253 1496 2319 absente
1506 2304 1524 2335 ,
1571 2253 1706 2318 sive
1740 2258 2113 2337 praesente,
2157 2255 2519 2320 decerneret
2529 2274 2554 2335 ,·
2596 2276 2820 2339 nempe
2861 2276 2960 2320 re·

645 2355 886 2434 qnaret
932 2350 1277 2433 Pontifex,
1345 2351 1483 2433 ipse
1543 2371 1664 2415 rex
1721 2350 1973 2416 nudum
2040 2372 2270 2418 nomen
2340 2352 2513 2435 reyis
2572 2349 2962 2433 obtineret.')

651 2447 774 2515 Sed
819 2450 1141 2515 immerito
1188 2448 1347 2515 talia
1405 2471 1483 2514 ex
1539 2449 1653 2514 illa
1697 2450 1968 2533 epistola
2022 2451 2443 2516 deducuntur.
2534 2450 2752 2516 Verba
2797 2472 2962 2535 quae

649 2549 925 2612 maxime
974 2547 1310 2612 Pontificis
1358 2547 1807 2612 auctoritatem
1854 2548 2136 2612 evehunt
2179 2553 2335 2612 sunt
2378 2548 2539 2615 ista:
2600 2547 2789 2628 Sanc,
2840 2546 2959 2629 fili,

651 2664 769 2709 cur
812 2642 943 2708 ista
988 2642 1309 2721 diximus,
1367 2642 1746 2708 imminente
1788 2642 2163 2708 necessitate
2214 2647 2275 2707 et
2320 2648 2589 2725 uryente
2637 2643 2960 2709 conscien-

653 2739 774 2819 tia,
835 2739 1205 2822 expressius
1266 2738 1616 2821 aperimus.
1726 2736 2081 2805 Constituit
2140 2738 2313 2805 enim
2372 2760 2489 2804 nos
2542 2740 2727 2806 Deus
2734 2789 2752 2821 ,
2815 2740 2962 2806 licet

649 2835 1201 2917 insufficientibus
1245 2835 1532 2915 meritis,
1577 2855 1773 2918 super
1816 2856 1998 2919 reyes
2042 2840 2103 2901 et
2142 2856 2375 2919 reyna,
2431 2836 2731 2919 imposito
2777 2836 2962 2902 nobis

642 2934 804 3016 juqo
850 2931 1256 3015 Apostolicae
1302 2932 1660 3013 servitutis,
1709 2932 1796 2997 ad
1838 2932 2257 3013 evellendum,
2303 2933 2782 3014 destruendum,
2829 2932 2958 2999 dis-

649 3029 1030 3112 sipandum,
1101 3028 1651 3109 reaedificandum
1717 3032 1911 3110 atque
1960 3029 2401 3113 plantandum
2468 3029 2586 3095 sub
2650 3030 2791 3113 ejus
2844 3051 2958 3096 no·

650 3125 823 3191 mine
880 3130 942 3191 et
983 3125 1316 3191 doctrina:
1371 3129 1448 3191 ut
1497 3145 1758 3209 yreyem
1816 3124 2209 3191 dominicum
2253 3146 2634 3209 pascamus,
2693 3125 2958 3191 consoli-

649 3223 872 3288 demus
914 3221 1214 3302 infirma,
1272 3242 1577 3287 sanemus
1623 3226 1917 3305 acyrota,
1976 3220 2315 3306 alliyemus
2357 3222 2606 3305 fracta,
2665 3227 2725 3286 et
2769 3222 2958 3288 redu·

651 3338 873 3384 camus
935 3318 1215 3401 abjecta,
1280 3317 1637 3400 vinumque
1700 3317 2136 3400 infundamus
2197 3323 2257 3383 et
2315 3319 2522 3384 oleum
2580 3318 2959 3385 vulneribus

649 3414 948 3482 sauciati.
1043 3414 1290 3495 Quare,
1334 3413 1436 3494 fili
1482 3413 1841 3494 carissime,
1887 3434 2072 3479 nemo
2119 3413 2238 3479 tibi
2283 3415 2580 3495 suadeat,
2638 3414 2808 3496 quod
2849 3435 2957 3480 su-

638 3513 965 3596 periorem
1028 3532 1159 3576 non
1218 3510 1438 3589 habes,
1503 3514 1564 3574 et
1627 3509 1797 3591 quod
1857 3532 1989 3576 non
2052 3510 2263 3577 subsis
2321 3531 2573 3577 sum-mo
2633 3509 2959 3576 Ecclesiae

649 3607 1064 3675 hierarchae:
1105 3629 1263 3673 nam
1307 3606 1560 3689 desipit,
1611 3606 1727 3689 qui
1774 3607 1866 3672 sic
1903 3607 2094 3690 sapit,
2140 3613 2202 3673 et
2236 3608 2667 3691 pertinaciter
2697 3607 2812 3673 hoc
2856 3606 2955 3689 af-

648 3704 922 3785 firmans
954 3704 1361 3771 convincitur
1405 3702 1705 3784 infidelis,
1752 3725 1865 3771 nec
1911 3709 2006 3769 est
2048 3704 2233 3770 intra
2258 3705 2554 3789 pastoris
2599 3703 2749 3771 boni
2779 3703 2958 3769 ovile.

649 3804 887 3869 Verum
960 3825 1039 3867 ex
1111 3811 1337 3867 tenore
1407 3803 1607 3867 totius
1676 3801 1902 3868 Bullae
1978 3804 2275 3887 patebat,
2348 3803 2516 3889 quod
2586 3803 2956 3868 Bonifatius

651 3904 876 3983 postea
916 3899 1285 3964 solemniter
1332 3897 1707 3976 declaravit,
1763 3899 2275 3983 jurisdictionem
2329 3902 2745 3984 temporalem
2789 3899 2959 3984 regis
3021 3975 3036 3988 ἱ

827 4073 871 4138 ¹)
906 4072 973 4125 V.
1012 4072 1211 4139 Dupuy
1248 4071 1283 4124 1.
1321 4088 1365 4125 c.
1412 4088 1462 4139 p.
1501 4076 1585 4126 77.

829 4150 873 4216 ²)
910 4151 1031 4205 Def.
1071 4150 1333 4206 declarat.
1367 4151 1562 4205 Gallio.
1602 4150 1663 4204 Τ.
1700 4150 1744 4203 Ι.
1782 4167 1834 4219 p.
1872 4153 1921 4206 2.
1960 4150 1996 4205 1.
2036 4154 2083 4205 7.
2124 4169 2167 4206 c.
2206 4155 2291 4206 24.
