3281 5014
1018 425 1400 494 Depositiones
1438 425 1886 495 Templariorum.
2511 430 2613 483 129

298 567 372 632 in
418 590 588 651 pane
628 573 696 632 et
742 588 911 652 aqua
964 566 1136 632 infra
1183 568 1267 631 20
1323 567 1747 651 septimanas,
1802 571 1868 632 et
1924 567 2091 651 quod
2142 590 2275 633 non
2324 574 2617 653 portaret
2665 568 2759 671 ¹³¹⁵}
2788 569 2911 640 '1.'.⁶¹¹¹’

301 665 624 729 camisiam
671 664 747 729 de
793 662 1041 729 duobus
1085 664 1305 740 annis,
1363 686 1551 749 quam
1599 664 2067 747 poenitentiam
2115 666 2485 748 complevit,
2540 670 2616 730 ut
2711 644 2855 683 pam

300 758 592 839 dixit.“¹)
686 760 916 826 Frater
978 760 1379 825 Humbertus
1443 760 1522 825 de
1591 759 1901 825 Germilla
1968 761 2280 841 serviens,
2347 763 2425 827 de
2486 762 2615 828 illis

299 857 586 934 „illicitis
631 856 957 924 confessus
1002 856 1218 921 fuerat
1268 857 1442 923 infra
1494 878 1783 921 mensem
1829 861 1986 922 tunc
2042 863 2438 941 sequentem>
2471 880 2615 924 sae.-

300 953 499 1019 culari
552 959 776 1018 curato
831 953 909 1017 de
961 952 1130 1017 Baro
1185 974 1379 1044 super
1434 948 1749 1018 Secanam
1807 952 2236 1037 Lingonensis
2288 956 2615 1037 dioecesis,

299 1055 435 1114 tum
500 1050 1001 1133 poenitentiario
1058 1048 1303 1128 domini
1363 1051 1640 1134 episcopi
1704 1048 2200 1114 cathalanensis
2264 1051 2376 1135 qui
2442 1074 2616 1117 nunc

301 1152 430 1225 est,
492 1146 569 1212 de
633 1148 817 1230 cujus
880 1147 1016 1210 vita
1078 1147 1180 1210 vel
1242 1150 1449 1211 morte
1506 1168 1642 1210 non
1704 1145 1903 1210 habet
1956 1147 2437 1227 certitudinem,
2502 1148 2614 1233 qui

298 1242 427 1307 fuit
480 1243 665 1307 valde
721 1242 1120 1326 stupefactus
1177 1242 1398 1307 audita
1452 1242 1854 1307 confessione
1900 1242 2231 1325 praedicta
2279 1249 2346 1308 et
2404 1245 2616 1310 absol·

301 1341 396 1404 vit
452 1361 596 1404 eum
654 1338 863 1403 dando
916 1338 973 1402 ei
1025 1335 1464 1421 disciplinam,
1518 1339 1821 1421 imposita
1875 1340 1932 1401 ei
1983 1340 2391 1422 poenitentia
2445 1342 2615 1425 quod

289 1436 625 1521 jejunaret
686 1435 908 1500 diebus
966 1434 1325 1499 sabbatinis
1386 1434 1456 1498 in
1520 1454 1689 1517 pane
1745 1438 1811 1498 et
1862 1457 2031 1518 aqua
2086 1442 2152 1499 et
2207 1458 2339 1501 non
2404 1442 2614 1520 porta·

297 1538 398 1598 ret
443 1533 763 1599 camisiam
825 1553 939 1615 per
983 1530 1315 1596 dimidium
1372 1552 1618 1595 annum
1675 1535 1743 1595 et
1797 1531 1968 1615 quod
2022 1532 2194 1596 ultra
2241 1555 2447 1617 mare,
2503 1536 2615 1599 ubi

295 1636 457 1695 tunc
523 1630 601 1693 de
669 1629 962 1712 proximo
1029 1627 1436 1712 profecturus
1506 1631 1677 1705 erat,
1755 1627 2179 1711 investigaret
2248 1628 2616 1711 diligenter,

296 1726 355 1791 si
406 1725 715 1810 praedicti
776 1746 1023 1789 errores
1082 1725 1510 1788 servabantur
1569 1724 1634 1787 in
1689 1722 1961 1800 Ordine,
2028 1728 2095 1789 et
2151 1724 2206 1787 si
2263 1725 2383 1789 hoc
2441 1747 2614 1790 com-

297 1822 538 1906 periret
592 1822 907 1885 revelaret
960 1820 1029 1883 in
1070 1819 1471 1884 confessione
1530 1819 1765 1894 eidem;
1823 1825 1891 1884 et
1936 1819 2013 1883 de
2062 1820 2405 1903 praedictis
2449 1822 2616 1887 nihil

297 1918 507 2001 potuit
553 1918 742 1993 scire,
797 1939 917 1981 nec
961 1915 1206 1981 audivit
1252 1914 1373 1981 dici
1421 1916 1597 1980 aliud
1646 1922 1801 1981 ante
1849 1916 2209 2000 captionem
2259 1914 2612 1997 eorum.“²)

295 2013 525 2079 Frater
559 2012 936 2095 Radulphus
984 2012 1060 2076 de
1102 2010 1416 2077 Salicibus
1461 2013 1747 2076 serviens
1799 2012 2173 2093 „confessus
2218 2013 2347 2077 fuit
2393 2014 2611 2078 eadem

297 2110 397 2175 die
457 2114 611 2173 ante
668 2109 1009 2193 prandium
1069 2107 1147 2172 de
1202 2108 1332 2173 illis
1391 2108 1635 2172 illicitis
1697 2108 1979 2173 Martino
2039 2110 2414 2193 presbytero
2476 2132 2610 2175 sae-

295 2206 496 2271 culari
543 2207 964 2270 commoranti
1017 2206 1085 2268 in
1130 2204 1302 2270 dicta
1346 2205 1532 2269 domo
1579 2201 1855 2287 (Templi
1901 2204 1978 2268 de
2028 2204 2367 2284 Cheruto),
2424 2209 2608 2292 cujus

295 2324 650 2387 cognomen
693 2304 983 2385 ignorat,
1040 2303 1150 2385 qui
1195 2301 1360 2366 dixit
1406 2304 1493 2383 ei,
1550 2300 1717 2384 quod
1762 2301 1979 2365 forsan
2034 2322 2152 2384 pro
2198 2302 2394 2378 truffa
2439 2303 2610 2368 facta

294 2400 554 2464 fuerant
607 2398 994 2482 supradicta.
1085 2396 1527 2462 Nihilominus
1583 2402 1806 2462 tamen
1852 2397 2131 2462 absolvit
2176 2419 2350 2479 eum,
2403 2400 2607 2483 impo-

295 2497 420 2561 sita
470 2494 901 2580 poenitentia,
975 2494 1146 2579 quod
1215 2494 1512 2578 deinceps
1584 2516 1718 2559 non
1785 2498 1952 2558 esset
2014 2493 2084 2559 in
2151 2495 2289 2560 loco
2350 2496 2420 2560 in
2480 2519 2607 2580 quo

296 2594 528 2658 fierent
574 2593 750 2675 talia,
798 2597 865 2657 et
910 2592 963 2656 si
1012 2593 1262 2673 fierent,
1312 2591 1476 2676 quod
1521 2592 1840 2655 revelaret
1886 2591 2017 2654 ea.“
2039 2587 2090 2669 ⁸)

471 2743 577 2806 47.
644 2742 727 2805 In
791 2741 1013 2806 multis
1074 2741 1274 2826 igitur
1342 2740 1851 2823 depositionibus
1913 2740 2151 2805 similes
2219 2745 2608 2806 enarrantur

294 2838 843 2919 circumstantiae,
923 2860 956 2902 e
1025 2838 1260 2921 quibus
1330 2837 1611 2902 validum
1680 2842 2135 2920 argumentum
2201 2858 2316 2920 pro
2387 2858 2606 2901 earum

292 2935 669 3000 sinceritate
733 2933 1084 2999 deducitur.
1149 2969 1239 2978 —
1299 2933 1476 3011 Quod
1539 2937 1787 3016 spectat
1851 2933 1931 2997 ad
1989 2932 2452 3017 impudicitiam
2507 2957 2604 2999 re·

293 3033 493 3116 ceptis
553 3032 958 3116 permissam,
1020 3031 1161 3095 aliis
1217 3031 1475 3114 quidem
1529 3030 1744 3095 verbis
1801 3029 2042 3112 apertis
2099 3029 2428 3112 permissio
2481 3031 2607 3095 ista
2645 3060 2676 3115 ς·

292 3128 728 3203 indicabatur,
795 3128 935 3191 aliis
998 3148 1149 3191 vero
1212 3128 1426 3192 minus
1487 3127 1746 3191 diserte.
1854 3125 1928 3192 Ε.
1989 3147 2051 3211 g.
2116 3125 2471 3191 Balduinus
2527 3127 2605 3192 de

293 3223 360 3289 S.
405 3224 598 3290 Justo
644 3229 1023 3307 praeceptor
1066 3226 1372 3288 testatur:
1438 3223 1634 3304 „Post
1689 3244 1853 3306 quae
1898 3224 2227 3306 praecepit
2273 3222 2437 3288 idem
2484 3224 2607 3288 fra·

293 3325 395 3384 ter
441 3318 679 3384 Petrus
726 3321 847 3402 ipsi
892 3320 1075 3396 testi,
1137 3319 1305 3404 quod
1349 3321 1403 3384 si
1458 3320 1694 3403 aliquis
1743 3319 1945 3382 frater
1990 3318 2146 3383 dicti
2191 3319 2433 3383 ordinis
2478 3320 2604 3384 vel-

293 3417 383 3481 let
429 3418 646 3502 jacere
699 3438 909 3481 secum
928 3466 947 3500 ‚
1006 3437 1141 3480 non
1200 3415 1461 3479 deberet
1515 3436 1823 3480 recusare.
1925 3413 2069 3498 Ipse
2125 3420 2342 3480 tamen
2393 3416 2602 3498 testiS,

292 3516 368 3576 ut
427 3513 619 3590 dixit,
682 3534 812 3576 non
858 3512 1219 3588 intellexit,
1275 3511 1444 3595 quod
1504 3510 1625 3576 hoc
1685 3512 1925 3577 diceret
1984 3515 2059 3574 ut
2108 3513 2396 3595 jacentes
2442 3511 2603 3576 insi·

293 3609 427 3672 mul
472 3609 736 3693 aliquod
797 3616 1127 3693 peccatum
1190 3609 1738 3682 committeretur,
1790 3607 1899 3673 sed
1956 3609 2010 3672 si
2059 3607 2357 3672 deficeret
2402 3609 2603 3673 lectus

291 3703 506 3786 alteri,
565 3705 737 3790 quod
795 3707 1108 3789 reciperet
1163 3726 1309 3769 eum
1364 3705 1432 3767 in
1487 3705 1654 3769 lecto
1714 3726 1825 3769 suo
1885 3702 2289 3787 honeste.“⁴)
2341 3740 2429 3750 —
2490 3705 2600 3770 In·

472 3911 517 3977 ¹)
554 3912 692 3966 Ibid.
731 3914 776 3965 Ι.
812 3930 865 3979 p.
905 3914 1023 3966 532.

468 3990 518 4057 ²)
555 3990 691 4045 Ibid.
729 3992 773 4044 Ι.
808 3993 859 4059 p.
898 3993 1017 4045 561.

471 4067 514 4137 ⁸)
552 4070 690 4123 Ibid.
728 4071 771 4123 Ι.
810 4087 861 4138 p.
900 4071 1019 4123 583.

467 4147 514 4215 ⁴)
552 4149 691 4203 Ibid.
731 4148 776 4204 I.
812 4165 864 4216 p.
903 4150 1025 4202 242.
