3281 5014
884 435 1056 505 Origo
1097 436 1315 490 dissidii
1352 454 1471 491 cum
1508 436 1768 506 Philippo
1805 437 2059 491 Pulchro,
2553 440 2630 499 25
2789 398 2837 458 “

306 577 453 652 bat,
518 577 824 661 gravibus
888 577 1143 661 quidem
1201 579 1309 642 sed
1376 578 1705 644 benevolis
1769 578 1978 643 verbis
2038 578 2341 644 admonet
2406 600 2623 663 regem

307 672 384 736 de
430 672 657 756 iniquo
716 674 842 738 isto
890 674 1171 752 decreto,
1233 676 1570 758 ingratum
1624 677 1763 760 ejus
1816 676 2098 740 animum
2155 675 2476 758 increpat,
2536 677 2621 740 si-

307 769 606 852 gnificat,
653 770 900 853 ipsum,
955 771 1009 835 si
1054 771 1310 836 decreto
1364 772 1475 837 illo
1517 773 1713 837 etiam
1769 773 2031 837 clericos
2077 778 2145 835 et
2190 771 2359 836 bona
2405 771 2624 838 Eccle—

305 868 439 930 siae
498 866 1027 950 comprehendat,
1083 869 1370 932 censuris
1429 868 1720 945 subesse,
1781 873 1846 934 et
1906 868 2212 946 advertit,
2274 890 2470 951 quum
2524 872 2625 933 tot

307 961 604 1027 hostibus
658 984 773 1026 rex
828 964 1285 1042 circumdetur,
1346 965 1467 1048 ipsi
1526 986 1683 1030 sane
1741 964 2089 1030 consultius
2139 985 2309 1040 esse,
2376 971 2450 1028 ut
2504 963 2625 1029 Ec-

307 1060 562 1124 clesiam
610 1059 849 1125 habeat
908 1060 1029 1125 sibi
1076 1061 1448 1144 propitiam,
1509 1084 1703 1145 quam
1763 1066 1837 1126 ut
1882 1082 2023 1124 eam
2073 1061 2377 1126 offendat.
2460 1060 2626 1126 Dein

311 1155 384 1218 2⁰
429 1155 749 1239 queritur,
808 1156 979 1240 quod
1026 1157 1379 1222 consiliarii
1436 1158 1606 1241 regis
1657 1179 1852 1241 prava
1893 1157 2430 1239 interpretatione
2479 1179 2625 1221 sen-

308 1274 452 1318 sum
516 1251 1018 1318 constitutionis
1080 1254 1565 1337 pervertissent.
1686 1253 1975 1337 Exponit
2035 1253 2264 1337 igitur,
2336 1253 2626 1341 sQnihil

308 1352 457 1413 novi
494 1348 731 1440 eadem
742 1352 1205 1433 constituisse,
1249 1351 1358 1417 sed
1405 1356 1666 1416 tantum
1711 1356 1929 1414 vetera
1954 1353 2205 1414 statuta
2250 1351 2435 1415 novis
2483 1372 2629 1433 poe·

309 1446 415 1510 nis
464 1446 786 1520 sanxisse3
844 1452 1040 1531 atque
1087 1448 1392 1524 declarat,
1436 1470 1506 1512 se
1552 1467 1684 1525 non
1733 1444 2018 1511 absolute
2064 1448 2327 1532 cavisse,
2370 1469 2453 1511 ne
2500 1447 2629 1511 cle-

309 1543 422 1607 rici
492 1565 610 1626 pro
682 1545 849 1627 regis
923 1545 1190 1628 regnive
1269 1543 1639 1609 defensione
1712 1545 1814 1607 vel
1891 1544 2274 1606 necessitate
2348 1543 2627 1615 subsidia

311 1643 749 1722 praestarent,
811 1640 922 1703 sed
973 1662 1056 1705 ne
1113 1639 1176 1704 id
1231 1641 1345 1705 fiat
1399 1638 1541 1704 sine
1595 1636 2001 1721 Apostolicae
2056 1636 2243 1701 Sedis
2296 1658 2631 1717 consensu,

313 1735 644 1819 perpensis
687 1736 1206 1802 intolerabilibus
1253 1738 1725 1816 exactionibuS,
1780 1756 1946 1819 quae
1992 1736 2272 1800 ecclesiis
2316 1744 2384 1799 et
2429 1736 2626 1802 eccle·

310 1833 582 1898 siasticis
642 1835 932 1916 personis
996 1834 1512 1918 imponebantur.
1626 1831 1784 1911 Ubi,
1849 1832 2093 1916 inquit,
2159 1829 2347 1913 reqni
2406 1851 2634 1912 nempe

308 1927 572 2012 gravis,
620 1928 791 2010 quod
837 1928 1034 2007 absit,
1073 1929 1402 2012 praedicti
1445 1929 1791 1995 necessitas
1835 1927 2221 2006 immineret,
2268 1927 2505 1993 nedum
2547 1927 2631 1991 ab

314 2025 528 2108 ipsius
574 2024 900 2108 praelatis
957 2030 1017 2090 et
1068 2025 1369 2108 personis
1424 2025 1868 2091 ecclesiasticis
1925 2024 2044 2088 tibi
2102 2023 2198 2088 vel
2254 2023 2384 2106 ipsi
2437 2023 2632 2088 Sedes

316 2122 532 2187 eadem
582 2121 942 2186 concederet
988 2125 1049 2186 et
1090 2123 1334 2204 faceret
1374 2122 1726 2201 subveniri,
1773 2142 1998 2186 verum
2041 2119 2238 2185 etia-m
2283 2121 2343 2185 si
2388 2120 2632 2202 exeqis-

318 2224 414 2283 set
460 2239 677 2297 casus,
724 2218 811 2282 ad
857 2218 1110 2297 calices,
1168 2239 1388 2283 cruces
1432 2218 1694 2300 aliaque
1729 2217 2011 2300 propria
2055 2236 2214 2281 vasa
2259 2237 2451 2281 sacra
2496 2237 2633 2281 ma-

318 2337 450 2381 nus
492 2315 886 2395 extenderet,
941 2315 1329 2397 priusquam
1390 2318 1650 2382 tantum
1707 2319 1768 2379 et
1823 2314 1950 2379 tale
2001 2334 2277 2395 reqnum
2321 2318 2458 2378 tam
2501 2312 2635 2395 ipsi

322 2412 475 2478 Sedi
515 2432 770 2492 carum,
832 2411 962 2477 imo
1010 2412 1423 2477 carissimum
1477 2416 1538 2475 et
1592 2411 1673 2476 ab
1730 2411 2002 2492 antiquo
2061 2409 2383 2488 devotum,
2442 2429 2629 2492 expo-

320 2515 500 2576 neret
560 2510 837 2575 minoris
897 2530 1093 2575 curae
1138 2509 1446 2591 defectui,
1509 2509 1859 2590 quominus
1921 2507 2001 2573 ab
2061 2527 2135 2572 ea
2196 2505 2476 2588 efficacis
2529 2507 2632 2572 de-

315 2607 639 2689 fensionis
696 2606 1030 2688 praesidia
1089 2606 1460 2671 sortiretur.
1578 2606 1916 2672 Postremo
1977 2628 2121 2669 cum
2184 2605 2633 2689 indignatione

322 2706 533 2788 rejicit
587 2705 939 2788 malignam
1000 2705 1604 2788 interpretationem
1666 2702 2116 2787 quorumdam,
2191 2723 2266 2765 ac
2323 2703 2377 2765 si
2437 2703 2630 2765 etiam

322 2802 403 2865 ad
452 2824 526 2865 ea
572 2800 820 2865 tributa
875 2822 942 2865 se
989 2801 1367 2866 extenderet
1422 2800 1799 2885 prohibitio,
1861 2798 1940 2863 ad
1987 2820 2152 2882 quae
2199 2800 2451 2862 ratione
2500 2799 2633 2863 feu·

320 2898 548 2961 dorum
592 2898 1002 2963 ecclesiastici
1054 2899 1469 2963 tenebantur.
1543 2896 1716 2961 Sunt
1759 2900 1819 2960 et
1863 2893 2002 2974 alii,
2049 2895 2290 2971 scribit,
2340 2896 2456 2974 qui
2499 2916 2636 2960 ma-

325 2993 498 3075 liqne
543 2997 901 3074 surrepunt
945 2993 1262 3060 dicentes:
1314 2994 1467 3059 Jam
1524 3013 1654 3057 non
1694 2995 2009 3074 poterunt
2054 2990 2346 3074 praelati
2391 2997 2451 3056 et
2486 3013 2635 3074 per-

323 3109 519 3154 sonae
563 3088 1024 3170 ecclesiasticae
1076 3091 1263 3173 reqni
1325 3090 1425 3155 tui
1479 3089 1723 3154 servire
1778 3089 1855 3153 de
1907 3088 2153 3171 feudis,
2212 3089 2311 3154 vel
2365 3088 2636 3155 subven-

324 3186 531 3251 tiones
594 3186 836 3266 facere,
914 3186 989 3251 in
1053 3186 1288 3268 quibus
1351 3187 1698 3270 feudorum
1769 3185 2025 3252 ratione
2087 3191 2423 3253 tenentur:
2483 3187 2632 3267 jam

325 3303 457 3347 non
503 3285 816 3364 poterunt
874 3303 1079 3349 unum
1130 3283 1456 3366 sciphum,
1516 3304 1724 3350 unum
1782 3302 2017 3365 equum
2073 3283 2230 3347 dare
2285 3282 2642 3347 liberaliter

326 3378 466 3461 reqi
528 3398 661 3443 suo.
769 3378 920 3444 Non
979 3379 1200 3460 fertur
1255 3379 1342 3444 ad
1396 3380 1556 3445 tales
1618 3383 1679 3444 et
1739 3378 2101 3445 consimiles
2158 3379 2640 3463 interpretatio-

327 3497 439 3541 nes
487 3475 789 3541 subdolas
833 3475 1042 3540 dictae
1071 3482 1335 3542 nostrae
1386 3476 1890 3542 Constitutionis
1919 3475 2229 3542 intentio:
2275 3484 2410 3541 tam
2451 3476 2639 3558 falsi-

328 3573 502 3638 dicos
555 3572 940 3656 interpretes
993 3594 1126 3638 non
1182 3573 1499 3652 admittit,
1566 3573 1737 3639 sicut
1792 3573 1948 3639 haec
1991 3572 2256 3656 plenius
2312 3572 2643 3654 aliquibus

334 3669 469 3733 tuis
516 3668 776 3734 nuntiis
820 3673 880 3733 et
921 3670 1375 3751 familiaribus
1419 3671 1605 3736 vivae
1636 3670 1807 3736 vocis
1839 3671 2100 3736 oraculo
2145 3670 2405 3752 saepius
2450 3668 2640 3733 duxi-

335 3787 477 3831 mus
525 3765 918 3849 exponenda.

508 3864 611 3928 27.
666 3863 1017 3927 Recruduit
1061 3864 1314 3928 interea
1359 3866 1590 3930 bellum
1638 3865 1812 3930 inter
1860 3863 2228 3948 Philippum
2279 3870 2346 3929 et
2389 3864 2629 3928 Eduar-
2667 3875 2819 3917 Potitio
2859 3873 2973 3917 Cleri

333 3960 480 4023 dum
538 3981 609 4024 ac
668 3958 1022 4024 Guidonem
1085 3958 1461 4040 Flandrum,
1521 3983 1723 4046 eaque
1780 3963 2107 4028 occasione
2162 3962 2356 4024 etiam
2410 3959 2641 4025 Petrus
2727 3936 2910 3978 G⁸¹¹¹²¹⁰

334 4055 574 4120 Barbet-
629 4055 1136 4140 archiepiscopus
1191 4055 1631 4141 Biturigarum
1680 4055 2024 4143 (Bourges)
2080 4079 2221 4121 cum
2281 4056 2643 4140 provinciae

331 4153 757 4237 suffraganeis
816 4159 881 4216 et
928 4152 1270 4218 abbatibus
1331 4154 1409 4218 ad
1458 4153 1860 4220 Bonifatium
1926 4156 2180 4218 litteras
2237 4152 2412 4217 dedit
2457 4151 2644 4217 initio
