3281 5014
639 396 708 447 38
1215 394 1388 450 XXX.
1426 396 1509 450 De
1545 394 1881 450 Pontificatu
1917 395 2184 450 Bonifatii
2216 396 2389 462 V111..1

1735 665 1858 733 IV.

637 793 768 859 De
813 793 1202 874 conflictu
1247 810 1442 858 cum
1469 794 1872 875 Pmlvsppo
1915 795 2482 860 vehementius
2525 801 2950 861 renovato.

340 977 580 1050 Dissidimp
815 968 918 1030 40.
977 965 1134 1030 Inde
1192 966 1272 1029 ab
1327 989 1499 1032 anno
1551 969 1714 1032 1301
1775 967 2100 1031 dissidium
2154 969 2329 1032 inter
2376 966 2743 1052 Philippum
2790 968 2949 1032 Pul·

319 1040 595 1083 ¹⁰⁰¹¹²d⁰⁵⁰¹“
636 1063 859 1127 chrum
908 1067 972 1128 et
1015 1062 1417 1127 Bonifatium
1465 1063 1934 1148 aliquantisper
1987 1064 2267 1147 sopitum
2316 1065 2553 1129 iterum
2599 1067 2952 1129 vehemen-

634 1158 764 1223 tius
812 1161 1071 1226 exarsit.
1164 1159 1431 1225 Maximi
1480 1160 1607 1224 fuit
1652 1160 1774 1224 iste
1820 1160 2155 1226 conflictus
2201 1161 2514 1227 momenti
2559 1162 2951 1225 multarum·—

637 1278 760 1340 que
828 1257 1233 1340 querelarum
1300 1257 1368 1320 in
1437 1255 1835 1322 Bonifatium
1909 1258 2180 1332 occasio;
2260 1258 2427 1322 unde
2497 1269 2562 1322 et
2628 1259 2942 1323 factorum

636 1356 883 1417 seriem·
925 1354 1231 1418 convenit
1296 1353 1655 1418 accuratius
1721 1375 2074 1428 recensere,
2142 1359 2207 1419 et
2260 1354 2645 1419 documenta
2698 1354 2816 1418 hac
2871 1357 2943 1418 in

635 1450 749 1514 lite
796 1449 969 1513 edita
1016 1448 1294 1532 penitius
1344 1451 1743 1533 examinare,
1804 1454 1875 1514 ut
1921 1450 2075 1534 quid
2121 1451 2199 1514 de
2244 1450 2604 1527 Bonifatio,
2668 1451 2817 1534 quid
2867 1451 2953 1515 de

638 1545 885 1611 Galliae
942 1567 1095 1629 rege
1136 1545 1551 1631 judicandum
1603 1548 1716 1624 sit,
1776 1547 2029 1630 plenius
2083 1548 2524 1631 perspiciatur.
2571 1583 2653 1591 —
2703 1544 2955 1611 Omnes

636 1648 927 1707 auctores
975 1643 1188 1707 coaevi
1220 1642 1638 1721 conveniunt,
1689 1643 2059 1728 Philippum
2092 1665 2302 1727 regem
2352 1647 2495 1727 post
2540 1644 2751 1726 priora
2782 1666 2953 1728 quae-

634 1739 863 1803 habuit
904 1761 1044 1803 cum
1081 1738 1410 1804 Bonifatio
1458 1740 1741 1824 negotia,
1790 1741 1929 1824 ejus
1970 1738 2513 1823 postulationibus
2559 1744 2752 1823 atque
2798 1762 2943 1805 con·

553 1840 560 1845 ’
634 1836 799 1900 siliis
856 1835 1118 1900 minime
1176 1857 1416 1900 morem
1478 1837 1772 1921 gessisse,
1827 1836 1935 1900 sed
1993 1838 2219 1920 majori
2268 1838 2461 1901 etiam
2517 1837 2780 1904 audacia
2821 1836 2950 1900 Ec-

634 1932 861 1997 clesiae
896 1934 1047 2015 jura
1092 1937 1158 1996 et
1196 1932 1562 1997 libertatem
1608 1933 1880 1997 violasse
1910 1937 1977 1997 et
2018 1933 2245 1997 violari
2285 1934 2664 2015 permisisse.
2734 1932 2952 2017 Rega-

633 2029 790 2093 lium
838 2032 1176 2112 praetextu
1226 2028 1658 2103 ecclesiastica
1704 2028 1875 2094 bona
1920 2029 2299 2112 occupabat,
2352 2028 2659 2094 beneficia
2704 2037 2771 2094 et
2814 2030 2941 2112 epi·

634 2132 934 2209 scopatus
980 2148 1094 2210 pro
1140 2125 1325 2190 libito
1370 2147 1485 2189 suo
1531 2126 1936 2203 conferebat,
1986 2127 2309 2209 episcopos
2354 2125 2655 2191 Pontifici
2700 2126 2954 2191 deditos

633 2222 1016 2306 deponebat,
1061 2221 1334 2287 decimas
1380 2221 1462 2285 ad
1507 2222 1747 2286 bellum
1778 2243 2028 2286 sacrum
2075 2220 2431 2287 destinatas
2472 2223 2550 2287 ad
2588 2224 2747 2288 alios
2791 2245 2947 2288 con-

634 2320 929 2383 vertebat
998 2341 1166 2384 usus.
1280 2316 1551 2402 Singula
1616 2318 1722 2382 hic
1790 2319 2028 2383 referre
2098 2340 2229 2383 non
2302 2325 2502 2385 vacat.
2519 2316 2571 2403 ι)
2683 2319 2941 2397 Quanta

635 2422 853 2480 autem
911 2415 1283 2500 arrogantia
1331 2414 1668 2498 Philippus
1729 2437 1845 2479 rex
1893 2416 2229 2481 invaderet
2285 2418 2458 2483 bona
2515 2423 2580 2481 et
2631 2418 2781 2500 jura
2823 2415 2951 2481 Ec·-

635 2513 892 2589 clesiae,
950 2514 1246 2578 novimus
1301 2534 1434 2576 non
1490 2534 1525 2576 e
1581 2513 1731 2577 solis
1774 2511 2087 2578 Bonifatii
2137 2515 2459 2598 epistolis,
2518 2514 2629 2578 sed
2673 2514 2865 2578 etiam
2911 2536 2947 2579 e

635 2610 1017 2675 testimoniis
1073 2610 1461 2691 scriptorum
1518 2609 1695 2673 illius
1750 2612 2005 2675 aetatis.
2095 2611 2388 2676 Vicerius
2443 2612 2510 2676 in
2552 2609 2699 2674 Vita
2748 2608 2956 2692 impe-—

634 2704 881 2770 ratoris
926 2703 1205 2770 Henrici
1243 2704 1388 2769 VII.
1442 2707 1690 2770 scribit:
1752 2704 1860 2769 Ad
1903 2705 2021 2771 hoc
2064 2706 2448 2790 Philippus,
2500 2726 2581 2771 ne
2625 2704 2785 2788 quid
2821 2705 2943 2771 im-

625 2801 981 2885 potentiae·
1012 2800 1598 2884 praetermitteret,
1674 2803 2097 2868 sacerdotales
2171 2803 2543 2869 Galliarum
2612 2803 2836 2868 titulos
2902 2823 2945 2867 a

637 2898 1065 2979 Pontificibus
1120 2902 1316 2964 antea
1365 2921 1492 2982 pro
1553 2899 1825 2965 decretis
1880 2905 1941 2964 et
1994 2922 2121 2983 pro
2172 2921 2346 2965 more
2401 2904 2662 2965 sanctae
2710 2898 2956 2965 matris

635 2995 963 3062 Ecclesiae
1004 2995 1297 3078 componi
1327 2995 1562 3075 solitos,
1610 2996 1749 3079 ipse
1781 2996 2089 3063 ordinare
2134 2997 2302 3063 eitra
2333 3017 2711 3063 consensum
2740 2995 2943 3061 Prae-

635 3091 798 3158 sidis
844 3092 1134 3158 Romani
1181 3092 1433 3159 statuit.
1537 3081 1718 3173 Quae
1768 3093 1883 3160 abi
1934 3115 2228 3159 summus
2270 3093 2563 3160 Antistes
2606 3092 2953 3171 intellexit,

628 3187 1019 3273 gravissime
1065 3188 1220 3254 tulit
1264 3189 1619 3273 injuriam,
1659 3190 1931 3274 pessimi
1975 3190 2251 3273 exempli
2294 3191 2366 3255 id
2411 3191 2580 3273 qaod
2622 3193 2765 3255 erat
2808 3189 2950 3254 exi-

634 3285 942 3365 stimans,
998 3285 1058 3349 si
1103 3285 1200 3350 vel
1245 3290 1720 3359 antecessorum
1766 3291 1932 3353 recte
1986 3286 2297 3353 instituta
2352 3292 2583 3353 temere
2626 3285 2943 3353 rescinde-

635 3386 895 3462 rentur,
953 3381 1050 3446 vel
1094 3382 1548 3448 auctoritatem
1597 3383 2002 3466 pontificiam
2059 3383 2267 3449 laicus
2306 3386 2711 3467 profanaret.
2802 3384 2944 3448 Mu·

634 3481 764 3544 tius
809 3502 959 3545 vero
1005 3481 1073 3544 in
1124 3478 1448 3545 Chronico
1486 3479 1915 3546 Germaniae:
1959 3480 2126 3560 Rex,
2173 3483 2416 3558 scribit,
2462 3480 2577 3546 ubi
2622 3478 2952 3547 intellexit

636 3574 976 3656 Pontifiois
1034 3575 1332 3641 animum
1392 3596 1434 3642 a
1493 3597 1559 3642 se
1621 3576 2012 3655 alienatam,
2075 3597 2205 3659 qua
2260 3581 2402 3642 erat
2450 3575 2802 3660 parrhesia
2845 3574 2953 3639 vel

635 3676 711 3737 ut
754 3676 986 3737 vocant
1022 3673 1431 3755 arroqantia,
1465 3672 1587 3755 jus
1617 3672 2114 3738 ecclesiastieam
2160 3674 2328 3755 qaod
2365 3673 2588 3756 Papae
2632 3676 2775 3738 erat
2818 3671 2949 3737 sibi
3043 3725 3046 3728 .

633 3767 1007 3834 vindicabat
1019 3788 1045 3848 ,·
1104 3769 1464 3835 sacerdotia
1520 3774 1581 3834 et
1635 3769 2040 3853 episcopatus
2098 3770 2463 3852 conferebat
2522 3769 2757 3852 quibus
2795 3769 2949 3852 pla·

636 3864 804 3944 cuit,·
863 3885 1021 3946 quos
1067 3865 1401 3956 praelatos
1464 3870 1847 3949 cognoverat
1903 3865 2209 3947 Pontifici
2250 3866 2697 3950 patrocinari,
2754 3866 2944 3949 depo-

814 4125 851 4193 ¹)
894 4126 1001 4181 Cir.
1040 4126 1318 4191 Boutaric‚
1355 4128 1411 4181 la
1444 4128 1654 4182 France
1694 4143 1821 4183 sous
1860 4128 2345 4197 Philipps-le-Bel,
2381 4129 2540 4183 Paris
2581 4130 2732 4195 1861,
2768 4145 2818 4196 p.
2859 4132 2952 4182 69.
