3281 5014
1132 457 1302 510 Initia
1337 455 1667 510 schismatis.
2472 455 2575 506 257

263 601 463 664 vitam
513 600 854 677 lustrabat,
902 603 968 662 et
1014 598 1333 682 corrigere
1380 598 1704 664 studebat.
1782 596 2018 681 Rigore
2055 597 2414 680 incongruo
2459 595 2580 660 hac

263 698 335 761 in
378 719 447 761 re
493 695 818 770 utebatur,
881 695 1218 778 simulque,
1278 695 1374 759 uti
1421 695 1816 779 angustioris
1871 693 2106 758 mentis
2161 693 2462 758 homines
2510 694 2577 756 in

264 794 417 858 altis
464 793 660 877 positi
701 791 944 876 judicio
990 793 1272 875 practico
1319 791 1527 876 quoad
1573 791 1843 873 negotia
1887 790 2169 875 gerenda
2213 789 2578 854 destituun-

263 897 394 967 tur,
428 888 806 953 acrimonia
852 887 1127 972 quadam
1189 888 1513 952 insolente
1562 887 1935 953 cardinales
1993 886 2410 970 vituperabat
2462 907 2580 950 nec

264 986 654 1071 dignitatem
702 1006 919 1050 eorum
968 985 1126 1049 satis
1172 984 1577 1067 suspiciebat.
1669 984 1756 1049 Et
1811 984 2102 1068 quamvis
2165 987 2337 1048 certe
2395 982 2579 1047 corde

265 1105 402 1147 non
448 1087 619 1147 esset
665 1083 892 1162 elatuS,
950 1086 1219 1145 externe
1281 1086 1500 1146 tamen
1558 1080 1945 1165 dignitatem
2004 1102 2184 1145 suam
2240 1079 2577 1145 sublimem

265 1202 409 1244 cum
484 1179 981 1264 exaggeratione
1042 1178 1320 1262 quadam
1390 1200 1603 1243 coram
1676 1178 1819 1242 aliis
1878 1177 2286 1251 ostendebat,
2360 1177 2620 1242 existi-⁷

266 1299 471 1355 mane,
519 1281 830 1360 quantam
874 1297 1124 1353 censeo,
1170 1275 1235 1339 id
1283 1280 1713 1359 opportunum
1774 1296 1931 1356 esse,
1987 1281 2066 1338 ut·
2108 1273 2362 1338 debitae
2404 1274 2575 1338 Pon·

266 1373 455 1437 tificis
484 1373 739 1437 muneri
782 1372 1179 1437 reverentiae
1210 1371 1588 1454 provideret.
1664 1370 1878 1435 Etiam
1918 1371 2176 1456 justitia
2223 1372 2359 1455 ejus
2406 1374 2579 1453 post-

269 1492 343 1534 ea
400 1472 470 1533 in
526 1470 795 1534 nimium
851 1468 1128 1553 rigorem
1184 1469 1572 1553 degenerare
1630 1469 1767 1532 visa
1822 1473 1948 1552 est3
2006 1469 2314 1551 nepotulo
2361 1473 2574 1532 autem

266 1588 382 1630 suo
440 1564 792 1631 Francisco
845 1566 941 1630 ita
1000 1565 1286 1630 addictus
1354 1569 1514 1643 erat,
1585 1569 1662 1629 ut
1724 1564 1801 1628 ad
1872 1586 2150 1630 summos
2216 1565 2575 1647 principum

265 1663 544 1728 honores
587 1663 881 1728 studeret
938 1685 1083 1727 eum
1147 1661 1436 1737 evehere,
1503 1667 1570 1725 et
1630 1682 1837 1725 mores
1899 1660 2243 1725 dissolutos
2302 1662 2439 1745 ejus
2501 1666 2578 1724 ut

268 1760 432 1824 alius
495 1759 644 1824 Heli
709 1763 1049 1824 excusaret
1109 1759 1352 1823 dicens:
1412 1757 1685 1824 Juvenis
1750 1764 1865 1834 est,
1931 1758 2249 1842 (quamvis
2310 1756 2579 1824 haberet

268 1856 700 1941 quadraginta
746 1856 998 1937 annos).
1091 1853 1357 1939 Semper
1394 1861 1616 1920 tamen
1671 1855 1814 1938 pius
1863 1854 1990 1919 fuit
2037 1853 2359 1929 UrbanuS,
2422 1876 2575 1918 con·

266 1962 448 2017 stans
493 1953 561 2016 in
609 1952 889 2017 adversis
930 1957 998 2015 et
1044 1953 1216 2016 vitae
1257 1952 1738 2035 integerrimae.

448 2082 551 2145 22.
622 2081 832 2158 Quum
891 2084 1092 2167 igitur
1156 2083 1250 2147 illi
1321 2083 1604 2148 defectus
1666 2082 2052 2149 characteris
2114 2082 2360 2147 Urbani
2423 2105 2571 2147 mox
2654 2094 2703 2122 ²¹¹
2733 2094 2776 2122 ¹¹¹

270 2184 674 2264 apparerent,
722 2183 788 2243 et
832 2180 968 2262 ipse
1014 2180 1198 2243 valde
1244 2182 1548 2244 molestus
1596 2185 1767 2245 esset
1812 2179 2278 2256 cardinalibuS,
2328 2180 2578 2244 electio-

271 2278 374 2341 nis
429 2276 579 2340 talis
639 2297 746 2341 eos
807 2278 1152 2359 poenituit,
1222 2282 1288 2342 et
1355 2278 1544 2342 facile
1605 2282 1890 2341 mentem
1961 2299 2179 2341 eorum
2246 2276 2439 2340 dubia
2506 2276 2583 2339 de

271 2373 608 2438 validitate
676 2373 929 2437 afficere
1004 2379 1320 2457 poterant.
1412 2372 1594 2437 Unus
1666 2374 1910 2438 alterve
1973 2395 2051 2438 ex
2118 2372 2585 2453 cardinalibus,

269 2471 369 2535 uti
414 2468 896 2548 GlandacensiS,
947 2468 1285 2536 Noclletus
1335 2470 1696 2536 Cardinalis
1744 2468 1965 2536 Sancti
2011 2470 2271 2555 Angeli,
2315 2475 2382 2535 et
2430 2468 2584 2535 car·

274 2568 508 2633 dinalis
556 2567 908 2633 Britannus
950 2568 1174 2653 (Hugo
1223 2569 1301 2634 de
1346 2568 1719 2649 Montelais)
1767 2568 1960 2632 dubia
2013 2573 2370 2647 moverant,
2426 2590 2584 2652 qua-

273 2669 465 2729 tenus
510 2665 652 2748 ipsi,
698 2670 770 2728 ut
812 2663 1131 2740 dicebant,
1189 2687 1319 2730 non
1360 2665 1486 2729 nisi
1534 2666 1940 2749 specietenus
2000 2688 2077 2729 ex
2136 2672 2315 2729 metu
2361 2667 2585 2730 suffra·

273 2762 450 2846 gium
511 2761 857 2827 dedissent.
950 2761 1124 2825 Hinc
1184 2762 1488 2826 videntur
1541 2762 1817 2845 primum
1876 2765 2190 2846 cogitasse
2256 2761 2334 2827 de
2391 2763 2584 2827 reele-

275 2859 486 2923 ctione
531 2857 733 2940 ipsius
778 2857 1125 2941 Anagniae
1169 2859 1482 2935 facienda,
1539 2859 1593 2922 si
1652 2880 1804 2922 vera
1856 2860 2184 2924 sunt'ista
2230 2859 2585 2924 cardinalis

275 2952 768 3020 Glandacensis:
834 2953 1068 3019 Omnes
1127 2953 1509 3020 Cardinales
1577 2953 2002 3018 intendebant
2071 2955 2158 3020 ad
2210 2954 2585 3020 evitandum

2689 2156 2715 2184 n
2719 2143 2823 2184 sssss

274 3048 673 3130 scandalum,
744 3049 804 3114 si
863 3051 1102 3132 fuisset
1171 3056 1383 3133 aptae,
1459 3051 1719 3132 quando
1781 3050 2069 3132 fuissent
2137 3052 2209 3117 in
2271 3050 2586 3136 Anaynia
2711 3038 2722 3051 κ

272 3146 490 3228 ipsum
549 3146 854 3231 eligerest)
946 3149 1168 3213 Mense
1229 3149 1439 3234 Majo,
1504 3149 1896 3214 concedente
1955 3149 2250 3226 Urbano,
2307 3153 2585 3234 primum

274 3245 399 3309 duo
434 3244 828 3326 cardinales,
877 3250 950 3309 ut
997 3245 1238 3310 calores
1286 3247 1563 3311 aestivos
1610 3247 1917 3324 vitarent,
1963 3246 2337 3330 Anagniam
2386 3249 2586 3331 petie·-

272 3346 460 3417 runt,
513 3364 674 3427 quos
721 3342 1029 3426 paulatim
1079 3343 1307 3426 reliqui
1355 3343 1846 3420 ultramontani,
1885 3344 2121 3425 partim
2168 3344 2428 3408 licentia
2474 3344 2585 3408 ob-

273 3442 477 3510 tenta,
527 3440 764 3522 partim
797 3440 933 3505 sine
966 3437 1206 3516 eadem,
1255 3440 1456 3504 secuti
1487 3445 1677 3523 sunt3
1723 3439 1867 3504 Itali
1904 3439 2148 3504 Romae
2189 3446 2585 3505 manserunt.

279 3535 476 3601 Initio
547 3534 921 3600 cardinales
993 3537 1336 3622 Anagniae
1399 3536 1711 3619 degentes
1781 3538 2252 3601 continuarunt
2318 3536 2586 3602 Urbano

273 3631 510 3696 litteris
565 3633 820 3715 scriptis
875 3634 1100 3697 testari
1157 3634 1585 3698 reverentiam
1648 3655 1857 3711 suam,
1914 3633 2022 3698 sed
2080 3636 2273 3717 paulo
2331 3638 2475 3717 post
2530 3637 2586 3698 ei

273 3729 433 3793 facti
479 3735 635 3793 sunt
681 3730 966 3794 hostiles.
1041 3728 1489 3807 Probabiliter,
1537 3753 1732 3814 quum
1782 3731 1972 3795 simul
2018 3736 2232 3794 essent
2281 3737 2347 3796 et
2371 3750 2374 3753 ’
2396 3731 2586 3795 vehe-

271 3829 529 3889 menter
588 3826 825 3889 irritati
886 3829 1181 3909 querelas
1243 3828 1319 3891 de
1382 3826 1652 3891 Urbano
1715 3828 2071 3903 miscerent,
2142 3851 2215 3893 ac
2282 3829 2442 3894 varii
2511 3831 2588 3894 de

272 3923 506 3986 timore
552 3921 807 3986 incusso
853 3929 1429 4007 conquererentur,
1488 3924 1845 3988 voluntatis
1898 3925 2129 3990 affectu
2183 3927 2587 3991 intellectum

275 4018 651 4097 seducente,
715 4020 1024 4102 paulatim
1078 4022 1446 4104 opinionem
1500 4021 1618 4085 sibi
1679 4021 2040 4099 finxerunt,
2101 4045 2169 4087 se
2227 4046 2304 4088 ex
2358 4023 2586 4107 majori

459 4194 501 4264 ¹)
540 4196 646 4262 Ap.
686 4196 870 4261 Balut‚
907 4195 973 4248 V.
1012 4193 1090 4260 P.,
1131 4195 1194 4249 Τ.
1232 4196 1278 4249 I.
1313 4210 1364 4261 p.
1406 4197 1558 4248 1080.

2277 4283 2375 4338 17*
