3281 5014
336 587 579 630 Nemmsmi

408 601 419 639 Ι
483 661 572 691 '¹⁶⁸'
648 670 829 735 valde
890 671 1220 748 turbatus,
1283 673 1377 735 ita
1438 677 1509 735 ut
1567 672 1718 735 inde
1776 672 1858 735 ab
1908 695 2082 737 anno
2150 674 2346 752 1420,
2409 675 2667 758 quando
2731 674 2955 739 Marti·

633 434 737 486 428
1038 433 1289 488 XXXVI.
1328 435 1410 488 De
1449 440 1601 491 statu
1637 434 1920 489 Ecclesiae
1957 441 2223 504 vergente
2262 451 2403 491 saec.
2440 436 2559 492 XV.

649 595 793 638 cum
862 574 928 637 in
995 573 1186 639 Italia
1246 574 1664 639 vehementer
1723 575 2066 654 imminuta
2130 583 2327 652 esset,
2399 584 2463 643 et
2522 580 2676 644 ordo
2737 600 2951 642 rerum

633 790 760 832 nus
809 764 887 833 V.
952 766 1225 831 Romam
1285 789 1578 832 reversus
1647 774 1770 847 est,
1841 790 2061 833 omnes
2128 771 2293 835 vires
2362 771 2696 836 intendere
2764 771 2948 836 debe-

632 869 782 929 rent
830 863 1175 929 Pontifices
1199 914 1214 943 ,
1272 870 1344 929 ut
1391 867 1842 930 auctoritatem
1896 887 2075 929 suam
2123 867 2469 951 collapsam
2509 868 2948 943 restituerent,

632 962 999 1045 luctamque
1060 983 1193 1026 non
1259 962 1514 1027 facilem
1576 961 1696 1027 hac
1754 963 1823 1026 in
1886 985 1954 1026 re
2015 963 2406 1029 habuerunt.
2447 986 2460 992 ’
2517 964 2951 1029 Dominaban·

631 1067 740 1121 tur
793 1057 1032 1122 Romae
1078 1059 1392 1123 factiones
1438 1059 1825 1123 familiarum
1875 1060 2220 1136 nobilium,
2284 1061 2506 1144 quales
2553 1066 2744 1125 erant
2789 1082 2843 1128 e.
2887 1081 2947 1145 g.

632 1155 953 1231 Colonna,
1025 1153 1274 1231 Ursini,
1346 1154 1614 1234 Sabelli,
1683 1152 1925 1219 Sancta
1993 1155 2192 1233 Crux,
2267 1155 2549 1221 Comites
2612 1157 2952 1242 d'Anguil-

634 1252 799 1327 lara,
859 1250 1049 1315 Della
1080 1250 1300 1327 Valle,
1363 1250 1697 1336 Margani,
1754 1250 1877 1317 Del
1923 1250 2181 1316 Bufalo.
2274 1253 2448 1318 Istae
2492 1253 2774 1317 familiae
2821 1254 2953 1317 vio·

632 1347 829 1412 lentis
891 1346 1221 1412 discordiis
1285 1369 1477 1431 saepe
1536 1348 1607 1411 in
1666 1347 1845 1413 Urbe
1904 1350 2076 1413 inter
2132 1371 2199 1414 se
2263 1350 2678 1431 dimicabant,
2736 1354 2952 1433 spreta

637 1444 968 1509 Pontificis
1020 1444 1438 1527 auctoritate,
1495 1466 1751 1510 necnon
1813 1446 1883 1509 in
1937 1447 2145 1529 ipsum
2191 1445 2571 1511 Pontificem
2624 1446 2946 1510 interdum

632 1542 1078 1625 insurgebant.
1172 1540 1504 1625 Eugenius
1552 1541 1698 1621 IV.,
1746 1541 2054 1607 Nicolaus
2086 1541 2196 1619 V.,
2244 1541 2537 1608 Calixtus
2582 1541 2734 1620 111„
2782 1543 2950 1606 Pau-

637 1639 734 1702 lus
776 1637 888 1716 IL,
947 1636 1170 1703 Sixtus
1219 1638 1364 1717 IV.,
1423 1638 1841 1704 Innocentius
1875 1637 2053 1702 VIII.
2101 1640 2412 1704 maximas
2458 1661 2535 1704 ex
2581 1645 2765 1722 parte
2808 1640 2953 1703 illo·

634 1757 778 1798 rum
812 1736 1123 1800 nobilium
1154 1735 1569 1801 difficultates
1613 1735 2019 1818 habuerunt3
2065 1740 2133 1799 et
2177 1740 2433 1801 tantum
2481 1736 2600 1800 sub
2631 1735 2808 1800 Julio
2838 1734 2952 1819 IL,

632 1832 869 1896 celebri
945 1830 1114 1895 Pace
1188 1831 1360 1896 inter
1434 1833 1708 1896 barones
1783 1830 2111 1896 Romanos
2192 1832 2584 1909 constituta,
2667 1833 2953 1916 pericula

634 1930 746 1993 illa
790 1929 1134 1992 imminuta
1178 1932 1352 1993 sunt.
1447 1927 1635 1992 Haud
1690 1930 1920 1993 mirum
1973 1929 2175 2013 igitur
2220 1932 2349 2007 est,
2412 1928 2757 1993 Pontifices
2801 1929 2949 1993 illos

634 2048 835 2110 quum
900 2027 1046 2109 jure
1108 2024 1477 2089 diffiderent
1544 2025 1686 2090 istis
1747 2025 2097 2103 nobilibuS,
2173 2025 2623 2109 praehabuisse
2683 2029 2952 2109 nepotes

633 2143 784 2187 suos
831 2121 1075 2203 fideles,
1132 2125 1206 2186 ut
1251 2121 1405 2205 ipsis
1461 2143 1576 2204 pro
1620 2122 1970 2186 securitate
2016 2145 2133 2186 sua
2188 2144 2456 2186 munera
2506 2123 2765 2186 maximi
2812 2143 2949 2186 mo-

638 2219 861 2295 menti,
909 2224 981 2283 ut
1027 2217 1462 2301 praefecturas
1510 2219 1848 2295 exercitus,
1895 2218 2071 2282 urbis
2105 2217 2368 2299 Romae,
2414 2218 2662 2283 castelli
2712 2218 2777 2283 S.
2807 2217 2946 2283 An·

635 2315 764 2400 geli
820 2320 885 2379 et
925 2315 1159 2379 similia
1211 2336 1479 2379 munera
1536 2316 1929 2381 conferrent.
2017 2313 2164 2397 Ipsa
2216 2315 2558 2398 prudentia
2612 2315 2677 2379 id
2724 2316 2945 2380 suade-

638 2413 780 2494 bat,
844 2433 1036 2495 quum
1101 2416 1369 2495 nepotes
1432 2411 1527 2475 illi
1583 2411 1749 2476 nulli
1811 2411 2080 2475 factioni
2147 2410 2420 2489 addicti,
2488 2411 2599 2476 sed
2652 2410 2948 2476 Pontifici

635 2509 834 2574 dediti
893 2514 1127 2574 essent.
1225 2507 1399 2575 Hinc
1452 2507 1746 2573 Calixtus
1791 2506 1909 2572 ΠΙ.
1971 2512 2037 2573 et
2098 2506 2246 2574 Pius
2290 2507 2375 2573 H.
2436 2530 2508 2573 eo
2570 2507 2754 2573 modo
2809 2530 2954 2594 ege-

639 2610 822 2688 runt,
868 2610 944 2670 ut
989 2610 1254 2689 nepotes
1303 2607 1663 2690 praefectos
1710 2608 1777 2668 et
1823 2605 1977 2669 belli
2024 2605 2213 2669 duces
2260 2605 2756 2688 constituerent,
2810 2627 2950 2670 eos-

635 2725 765 2786 que
824 2701 1050 2767 Sixtus
1097 2700 1212 2767 IV.
1276 2702 1568 2766 imitatus
1625 2707 1740 2766 est.
1847 2700 2004 2766 Post
2054 2699 2308 2767 Sixtum
2367 2702 2551 2766 multi
2605 2702 2953 2767 Pontifices

637 2824 713 2865 ea
760 2799 999 2876 officia,
1053 2820 1131 2862 ex
1189 2797 1420 2881 quibus
1470 2798 1782 2863 securitas
1832 2820 2143 2881 personae
2199 2798 2480 2881 ipsorum
2536 2804 2602 2863 et
2653 2797 2951 2883 gubernii

636 2896 991 2980 pendebat,
1054 2895 1297 2979 pariter
1355 2894 1774 2959 contulerunt
1831 2895 2236 2979 propinquis,
2292 2895 2387 2958 ita
2434 2898 2507 2957 ut
2561 2894 2952 2959 consuetudo

636 2992 951 3077 quaedam
995 2990 1116 3054 hac
1160 2990 1228 3054 in
1278 3013 1347 3055 re
1391 2992 1686 3055 oriretur.

815 3089 918 3152 34.
992 3085 1232 3152 Similis
1301 3087 1468 3152 ratio
1541 3087 1777 3151 favoris
1854 3087 2193 3168 nepotibus
2261 3086 2552 3169 praestiti
2625 3063 2954 3150 invenitur

638 3207 720 3249 ex
771 3185 1139 3268 graviorum
1196 3189 1531 3248 auctorum
1584 3183 1912 3247 sententia
1969 3183 2038 3247 in
2096 3181 2464 3247 conditione
2517 3182 2802 3266 reliquae
2859 3180 2953 3244 di·

638 3282 838 3347 tionis
898 3282 1369 3347 ecclesiasticae
1430 3281 1687 3345 saeculo
1747 3277 1898 3344 XV.
2012 3277 2246 3345 Eversa
2308 3278 2610 3343 libertate
2674 3300 2950 3344 commu-

639 3378 772 3443 nali
830 3400 995 3462 quae
1055 3376 1262 3443 medio
1318 3399 1475 3441 aevo
1534 3377 1823 3461 vigebat,
1886 3377 1954 3440 in
2012 3375 2232 3440 multis
2287 3375 2658 3440 civitatibus
2712 3375 2953 3459 singuli

641 3475 888 3540 nobiles
946 3475 1298 3539 dominium
1344 3473 1467 3538 sibi
1523 3472 2027 3538 vindicaverant.
2122 3470 2228 3536 Sic
2283 3474 2573 3554 tempore
2620 3470 2786 3536 Sixti
2836 3470 2953 3535 IV.

637 3571 1145 3637 dominabantur
1211 3569 1545 3634 Ferrariae
1618 3570 1868 3635 nobiles
1937 3569 2280 3645 EstenseS,
2359 3567 2636 3632 Arimini
2713 3567 2955 3632 familia

639 3667 1019 3746 Malatesta,
1100 3666 1317 3732 Pesari
1387 3664 1644 3746 Sforza,
1723 3664 2031 3731 Forolivii
2098 3665 2348 3730 nobiles
2419 3663 2761 3743 Ordelaffi,
2836 3663 2957 3727 Fa·

637 3766 893 3830 ventiae
954 3770 1022 3829 et
1083 3764 1324 3828 Imolae
1387 3760 1738 3840 Manfredi,
1808 3761 2147 3828 Bononiae
2214 3761 2460 3826 familia
2521 3759 2955 3846 Bentivoglio,

640 3860 872 3926 Urbini
945 3860 1398 3937 Montefeltro,
1468 3857 1726 3943 Foligni
1794 3859 2046 3942 Trinci,
2118 3859 2421 3924 Perusiae
2490 3857 2962 3939 Fortebraccio,

636 3964 705 4023 et
770 3959 880 4023 alii
945 3958 1102 4021 alibi
1159 3978 1479 4021 summum
1538 3957 1922 4038 gubernium
1989 3957 2412 4039 arripuerant.
2517 3953 2782 4019 Domini
2843 3954 2956 4018 isti

639 4054 897 4139 quidem
955 4075 1318 4139 supremam
1365 4051 1702 4118 Pontificis
1759 4054 2215 4119 auctoritatem
2261 4052 2713 4117 nominetenus
2764 4072 2959 4136 agno-

633 4154 930 4229 scebant,
1000 4173 1183 4216 suum
1244 4150 1640 4214 territorium
1687 4150 1947 4215 feudum
2011 4154 2272 4215 sanctae
2316 4146 2504 4213 Sedis
2568 4170 2703 4214 esse
2763 4149 2962 4232 profi·
