3281 5014
1177 490 1182 496 ⁴
1307 423 1494 479 sixtus
1531 425 1629 477 Ν.
2002 466 2005 469 ,
2525 424 2629 480 419

313 564 534 646 magni
595 570 660 627 et
712 564 878 628 vasti
934 565 1246 647 corporis,
1299 566 1458 631 adeo
1515 571 1588 630 ut
1633 566 1781 629 dum
1830 565 1909 630 ad
1969 587 2100 629 rem
2151 566 2428 630 divinam
2481 588 2628 649 pro-

307 656 706 724 ficisceretur
761 661 933 724 solus
992 661 1324 727 emineret.
1428 661 1614 727 Circa
1672 663 1913 726 cultum
1970 662 2252 746 corporis
2314 665 2435 727 etsi
2491 684 2629 728 mo-

313 778 494 819 rosus
564 778 699 821 non
779 763 920 820 erat
945 805 961 832 ‚
1052 780 1459 842 nequaquam
1535 765 1754 823 tamen
1840 759 2172 843 negligens
2249 757 2625 823 habebatur.

311 851 526 917 Fuere
575 855 769 917 etiam
816 854 925 937 qui
982 854 1296 932 dicerent,
1335 854 1680 932 eumdem,
1743 877 1886 918 cum
1944 857 2013 918 in
2077 854 2394 938 publicum
2444 855 2628 938 prod·

304 950 470 1031 iret,
559 950 784 1013 faciem
852 951 973 1015 sibi
1047 952 1210 1016 fucis
1280 953 1669 1016 concinnare
1747 952 2064 1035 (ineptum
2135 972 2292 1016 sane
2362 951 2628 1015 menda-

304 1042 523 1130 cium).
621 1047 715 1110 De
773 1054 1088 1130 apparatu
1141 1049 1469 1131 pontificio
1528 1071 1659 1113 non
1720 1055 1845 1129 est,
1899 1070 2013 1113 cur
2059 1048 2374 1131 ambiga8‚
2431 1049 2628 1130 majo·

311 1165 412 1207 res
471 1145 553 1207 ab
620 1143 740 1208 hoc
803 1166 934 1209 uno
993 1152 1363 1228 superatos,
1430 1167 1630 1230 regno
1695 1145 2105 1228 praesertim,
2174 1145 2306 1208 sive
2368 1145 2629 1208 mitram

307 1240 470 1304 velis
517 1241 859 1324 appellare,
904 1242 971 1308 in
1022 1264 1214 1325 quam
1264 1244 1497 1306 multas
1544 1264 1695 1325 opes
1741 1241 2050 1318 contulit,
2098 1242 2405 1324 coemptis
2451 1241 2630 1304 undi-

307 1356 438 1420 que
486 1342 554 1401 et
599 1339 848 1421 magnis
894 1339 1117 1421 pretiis
1158 1339 1628 1415 adamantibus,
1676 1337 1972 1422 saphiris,
2020 1338 2393 1422 smaragdiS,
2442 1337 2628 1421 chry-

307 1434 546 1512 solitis,
587 1435 968 1518 jaspidibus‚
1026 1435 1401 1511 unionibuS‚
1460 1440 1525 1498 et
1570 1434 1878 1519 quidquid
1924 1455 2321 1518 gemmarum
2367 1436 2439 1499 in
2486 1457 2625 1517 pre·

313 1531 405 1595 tio
467 1537 594 1605 est,
657 1531 891 1613 quibus
956 1535 1223 1595 ornatus
1287 1538 1602 1615 tanquam
1664 1531 1833 1595 alter
1892 1532 2114 1595 Aaron
2176 1532 2247 1594 in
2306 1531 2623 1614 publicum

307 1627 521 1691 forma
581 1627 868 1691 humana
930 1628 1303 1710 angustiore
1362 1627 1720 1710 prodibat.“
1743 1625 1790 1709 ¹)
1881 1627 2110 1710 Inepte
2172 1630 2415 1711 pariter
2478 1650 2625 1691 ava·

309 1724 502 1793 ritiae
562 1746 707 1789 eum
764 1724 931 1788 idem
998 1730 1237 1789 auctor.
1275 1729 1563 1807 accusat3
1635 1726 1886 1809 largum
1949 1726 2121 1789 enim
2166 1725 2387 1807 ‘potius
2448 1725 2624 1788 dixe·
2653 1706 2707 1781 7d

310 1821 397 1885 ris
447 1820 719 1884 Paulum
768 1819 851 1885 II.
903 1821 1126 1896 fuisse,
1186 1842 1379 1903 quam
1436 1823 1854 1904 pecuniarum
1912 1825 2226 1886 tenacem.
2319 1819 2630 1885 Sed‘sin-.

302 1918 493 2001 gulas
552 1919 694 1982 illas
758 1918 1052 2000 querelas
1111 1918 1409 1981 minutim
1469 1917 1824 1982 discurrere
1884 1940 2018 1982 non
2073 1924 2272 1982 vocat.
2366 1917 2623 1982 Dixeris

310 2015 411 2077 vel
466 2015 674 2096 ipsum
735 2012 1064 2078 Platinam
1121 2015 1430 2097 sensisse,
1493 2036 1563 2079 se
1624 2015 1869 2097 injuste
1930 2015 2307 2079 Pontificem
2374 2015 2624 2098 vitupe-

308 2132 481 2189 rare,
549 2111 849 2174 conviciis
917 2111 1087 2173 enim
1153 2132 1297 2174 mox
1366 2110 1583 2175 laudes
1644 2111 2087 2175 intermiscere
2147 2111 2329 2174 solet.
2402 2145 2481 2156 ·——
2555 2108 2625 2174 Si

308 2228 461 2271 vero
520 2209 884 2290 quaeritur,
957 2207 1129 2270 unde
1189 2208 1433 2271 factum
1497 2208 1614 2283 sit,
1683 2214 1759 2270 ut
1820 2206 2057 2271 Paulus
2111 2207 2196 2271 II.
2263 2207 2621 2291 generatim

307 2324 899 2388 nonpermagnam
959 2303 1480 2367 benevolentiam
1526 2325 1902 2368 coaevorum
1948 2303 2069 2367 sibi
2119 2304 2484 2367 conciliasse
2532 2303 2624 2369 vi·

298 2424 414 2465 sus
480 2402 584 2483 sit,
664 2403 956 2484 quamvis
1020 2401 1357 2484 quaerelae
1415 2421 1632 2463 eorum
1699 2422 1925 2482 parum
1988 2401 2410 2464 inveniantur
2471 2400 2622 2464 fun-

300 2498 526 2578 datae,
585 2498 755 2563 forte
812 2498 962 2562 inde
1021 2504 1228 2562 ortum
1284 2502 1413 2573 est,
1481 2496 1651 2581 quod
1705 2496 1993 2580 rigidiori
2041 2498 2381 2580 minusque
2434 2502 2624 2581 grato

298 2596 539 2679 agendi
585 2594 772 2659 modo
818 2595 1144 2659 interdum
1193 2599 1513 2672 uteretur,
1561 2596 2143 2679 auctoritatemque
2190 2617 2368 2658 suam
2414 2596 2622 2659 minus

298 2696 490 2756 caute
536 2692 907 2756 ostenderet
951 2698 1017 2755 et
1064 2691 1437 2755 vindicaret.

459 2817 589 2902 24.
667 2838 935 2903 sixtus
995 2839 1103 2904 iv.
1175 2837 1714 2922 (1471—1484).
1818 2839 1946 2904 cfr.
2019 2839 2317 2903 Rainaldi
2392 2839 2620 2904 Anna·
2672 2861 2929 2904 satum.

299 2934 396 2998 les
441 2954 499 2998 a.
549 2934 1023 3014 1471-1434;
1079 2936 1151 2999 Ε.
1200 2936 1470 3016 Frantz‚
1516 2934 1751 3000 Siaetus
1795 2934 1917 2999 IV.
1964 2935 2103 3000 und
2147 2935 2250 3000 die
2294 2935 2622 3018 Republilc
2730 2923 2785 2965 R·
2815 2923 2862 2965 Ρ·

303 3030 622 3110 Flore‘tw,
694 3032 1112 3116 Regensburg
1177 3034 1377 3106 188ος
1444 3033 1682 3097 ΟἰνίΙῒὲ,
1745 3033 2041 3097 cattolica
2104 3056 2161 3099 a.
2210 3034 2390 3110 *1868
2458 3057 2516 3097 v.
2578 3037 2622 3103 Ι,

305 3129 397 3193 11.
434 3129 551 3193 ΙΙΙ.
597 3128 1018 3209 (Pontificato
1048 3127 1116 3192 di
1148 3127 1325 3193 Sisto
1356 3131 1639 3209 quarto.)
1686 3165 1773 3174 —
1823 3128 1976 3194 Post
2016 3138 2286 3194 mortem
2319 3129 2503 3195 Pauli
2537 3130 2624 3196 II.
2776 3197 2789 3208 Α

305 3228 376 3290 in
436 3228 575 3309 ejus
641 3228 848 3291 locum
906 3227 1210 3291 suffectus
1268 3234 1365 3290 est
1421 3226 1799 3290 Franciscus
1859 3226 2053 3308 Card„
2090 3225 2451 3303 Roboreug,
2514 3229 2622 3310 qui
2652 3185 2859 3276 Aa„
2950 3250 3175 3280 rw.

305 3344 544 3407 nomen
613 3324 957 3407 assumpsit
1019 3320 1253 3387 Sixtus
1315 3320 1436 3385 IV.
1551 3322 1676 3386 Hic
1738 3327 1933 3387 natus
1996 3345 2169 3387 anno
2239 3324 2410 3386 1414
2471 3325 2622 3388 inde

299 3442 345 3484 a
409 3421 624 3503 pueris
687 3445 720 3483 e
782 3421 1007 3485 matris
1027 3410 1221 3484 ’ἴδω
1299 3408 1589 3483 Habitum
1660 3420 1858 3503 gessit
1922 3417 2221 3482 Fratrum
2283 3420 2622 3497 minorum,

302 3524 373 3581 et
435 3519 751 3580 novennis
812 3516 959 3581 huic
1023 3515 1249 3581 Ordini
1308 3523 1405 3581 est
1465 3514 1774 3580 addictus.
1881 3514 2159 3578 Multum
2223 3516 2491 3599 profecit
2552 3517 2619 3580 in

305 3612 758 3696 philosophicis
816 3622 883 3678 et
936 3613 1310 3697 theologicis
1366 3612 1752 3697 disciplinis,
1812 3613 1905 3675 ita
1961 3617 2034 3675 ut
2089 3614 2262 3676 inter
2315 3613 2621 3677 celebrio-

305 3731 406 3774 res
464 3710 639 3774 illius
705 3712 933 3774 aetatis
998 3710 1332 3794 theologos
1392 3709 1767 3793 haberetur3
1839 3709 1949 3772 sed
2014 3715 2076 3774 et
2140 3731 2373 3786 munus
2443 3731 2621 3792 prae-

298 3806 643 3870 dicationis
706 3808 774 3870 in
834 3803 1125 3890 plui-'finis
1186 3800 1417 3871 Italiae
1479 3806 1735 3889 magnis
1802 3805 2172 3880 civitatibus
2235 3827 2377 3869 cum
2437 3805 2621 3870 laude

301 3905 610 3968 exercuit.
723 3904 959 3968 Factus
1026 3904 1173 3967 dein
1235 3904 1333 3967 sui
1393 3901 1653 3966 Ordinis
1706 3901 2008 3967 Minister
2067 3902 2388 3985 generalis
2451 3925 2622 3967 anno

487 4156 527 4224 ¹)
566 4157 803 4221 Platina,
842 4156 975 4210 Vita
1008 4156 1168 4209 Pauli
1207 4157 1280 4212 II.
