3281 5014
300 1869 484 1916 Commi
516 1873 573 1915 in-

372 1931 507 1977 doles,

624 410 732 462 290
1222 406 1475 460 xxxtv
1516 408 1698 462 De·
1689 409 1880 462 ›tntilio
1947 413 2343 465 'onsmtiensh

626 547 1049 616 Ecclesiastici
1106 547 1457 614 adsuerunt
1508 551 1766 614 circiter
1816 552 2166 616 octodecim
2225 555 2458 632 millia,
2514 556 2586 618 in
2638 579 2766 638 quo
2823 579 2940 621 nn·

624 669 801 712 mero
862 653 1085 711 tamen
1148 651 1609 730 computantur
1667 647 1934 711 comites
1994 669 2218 713 eorum
2279 651 2611 715 domestici
2669 674 2937 716 numero

624 744 907 830 plurimi,
1028 741 1139 808 Sic
1206 764 1266 808 v,
1332 763 1397 826 g.
1464 743 1981 827 archiepiscopus
2047 745 2480 825 Moguntinus
2548 768 2767 810 secum
2832 750 2937 813 ad·

620 842 809 907 duxit
850 841 1239 925 quingentas
1284 860 1611 923 personas.
1700 839 1949 904 Aderat
1992 840 2138 904 dein
2187 843 2422 926 ingens
2474 866 2780 907 numerus
2826 846 2940 908 lai·

621 959 873 1020 corum3
931 934 1387 1021 sigismundus
1439 936 1817 1019 imperator,
1878 937 2186 1001 electores
2241 937 2502 1022 Imperii
2556 940 2658 1003 vel
2713 962 2934 1006 eorum

620 1043 938 1111 oratores,
1002 1033 1246 1117 pariter
1300 1041 1586 1096 oratores
1645 1054 1870 1117 regum
1930 1032 2213 1112 Galliae,
2285 1037 2594 1120 Angliae,
2656 1032 2935 1114 Scotiae‚

621 1131 961 1206 Poloniae,
1040 1127 1342 1202 Sueciae,
1412 1127 1698 1204 Daniae,
1776 1128 2174 1214 Norvegiae,
2238 1129 2580 1215 Neapolis,
2655 1130 2931 1210 Siciliae,

620 1227 996 1313 Hispaniae,
1042 1225 1376 1292 Michaelis
1423 1223 1792 1311 palaeologi
1837 1226 2251 1311 Imperatoris
2296 1227 2712 1309 Graecorum3
2757 1233 2935 1313 prin·

615 1326 822 1411 cipes,
880 1325 1101 1399 duces,
1162 1325 1459 1404 comites,
1519 1322 1822 1401 barones,
1890 1324 2141 1389 nobiles
2198 1326 2538 1391 innumeri.
2645 1326 2769 1391 His
2828 1350 2935 1392 ac-

615 1423 808 1489 cessit
865 1422 1101 1506 ingens
1158 1370 1508 1484 multitudo
1570 1425 2030 1495 mercatorum,
2100 1422 2418 1485 artificum
2481 1430 2550 1486 et
2606 1424 2931 1505 opificum,

618 1518 1035 1600 musicorum,
1099 1523 1167 1582 et
1229 1517 1501 1580 aliarum
1569 1518 1779 1581 omnis
1847 1518 2106 1601 generis
2173 1540 2625 1602 personarum,
2695 1520 2788 1583 ita
2856 1530 2933 1585 ut

615 1619 1004 1682 censeantur
1047 1613 1471 1679 constantiae
1527 1611 1808 1677 adfuisse
1859 1614 2136 1677 100.000
2193 1613 2526 1679 hominum
2578 1622 2645 1680 et
2690 1617 2930 1680 30.000

617 1707 1039 1800 equorum}

794 1863 852 1924 6.
915 1858 1264 1924 Concilium
1322 1858 1392 1921 in
1438 1855 1634 1922 Bulla
1691 1859 2169 1923 convocationis
2223 1857 2633 1944 designatum
2688 1868 2832 1925 erat
2889 1885 2927 1924 a

618 1958 876 2026 Joanne
944 1953 1202 2019 XXIII.
1268 1961 1345 2018 ut
1410 1954 1818 2019 continuatio
1886 1955 2139 2020 concilii
2213 1955 2434 2021 Pisani
2493 1957 2622 2022 illis
2685 1957 2925 2022 verbis:

618 2047 994 2119 Alexander
1039 2100 1053 2114 .
1101 2100 1115 2114 .
1163 2100 1177 2114 .
1222 2047 1560 2132 suspendit
1604 2047 1949 2132 ipsumque
1981 2047 2347 2117 Concilium
2393 2072 2598 2134 usque
2640 2052 2727 2117 ad
2772 2057 2924 2118 tem-

606 2169 739 2235 pus
804 2144 1081 2212 triennii
1148 2143 1666 2211 continuandum
1729 2148 1983 2212 statuit.
2095 2150 2317 2232 Atque
2383 2151 2586 2232 ipsius
2651 2148 2925 2215 Joannis

614 2247 887 2312 maxime
947 2245 1286 2320 intererat,
1350 2250 1429 2307 ut
1487 2243 1637 2308 talis
1698 2243 2032 2309 character
2091 2244 2380 2311 Concilio
2439 2245 2924 2311 constantiensi

612 2347 1007 2418 remaneret,
1061 2347 1127 2406 et
1172 2362 1337 2425 quae
1394 2341 1461 2405 in
1514 2341 1789 2406 concilio
1833 2340 2068 2406 Pisano
2121 2342 2295 2407 facta
2347 2355 2566 2419 erant,
2621 2343 2805 2406 firma
2848 2364 2924 2407 ac

612 2445 755 2506 rata
798 2439 1223 2514 haberentur,
1278 2437 1566 2524 adeoque
1622 2443 1691 2501 et
1738 2438 1914 2501 valor
1969 2439 2381 2521 pontificatus
2435 2439 2637 2522 ipsius
2690 2439 2759 2502 in
2804 2439 2923 2502 du-

610 2536 783 2603 bium
832 2536 991 2602 verti
1048 2556 1177 2601 non
1235 2540 1466 2618 posset.
1570 2531 1695 2599 Sed
1751 2555 1927 2609 mox,
1985 2535 2276 2601 instante
2332 2537 2669 2619 praecipue
2726 2535 2922 2599 Petro

609 2634 692 2699 ab
739 2634 1017 2711 Alliaoo,
1075 2630 1373 2717 Synodus
1420 2631 1939 2697 Constantiensis
1984 2630 2061 2696 de
2111 2631 2346 2696 Pisana
2394 2632 2600 2696 minus
2645 2632 2922 2696 sollicita

609 2730 761 2814 fuit,
821 2734 887 2795 et
942 2751 1363 2815 quaecunque
1421 2735 1574 2812 apta
1619 2728 2013 2793 videbantur
2058 2727 2357 2792 adhibere
2413 2729 2650 2793 statuit
2693 2727 2923 2809 media,

611 2832 683 2893 ut
740 2825 818 2892 ad
876 2827 1070 2891 finem
1128 2825 1574 2910 perveniretur
1631 2828 1949 2908 optatum.
2049 2822 2176 2889 Sed
2230 2825 2415 2907 plura
2472 2824 2699 2889 deinde
2748 2823 2919 2888 Con-

602 2922 886 2989 stantiae
932 2922 1103 2989 facta
1149 2926 1306 2987 sunt
1355 2919 1566 3005 quoad
1612 2919 1884 2985 Concilii
1943 2920 2433 2986 celebrationem
2481 2921 2922 3004 praecedenti·

609 3020 728 3086 bus
773 3020 1168 3104 temporibus
1214 3016 1523 3095 inaudita,
1571 3039 1738 3082 nova
1786 3026 1851 3081 et
1896 3017 2257 3101 illegitima.

787 3166 844 3232 7.
904 3168 1110 3244 Quum
1173 3184 1561 3249 permagnus
1617 3163 1870 3229 adesset
1933 3186 2241 3230 numerus
2297 3164 2724 3249 praelatorum
2780 3163 2915 3228 Ita·

604 3264 812 3330 lorum
860 3263 968 3348 qui
1001 3261 1241 3327 Joanni
1272 3259 1526 3325 XXIII.
1574 3260 2032 3337 adhaerebant,
2082 3260 2661 3345 praeponderantia
2695 3282 2913 3325 eorum

606 3383 751 3427 mox
811 3359 1001 3425 variis
1063 3358 1331 3423 decretis
1394 3378 1614 3423 eversa
1677 3362 1789 3424 est.
1906 3356 2306 3441 Urgentibus
2371 3360 2543 3422 enim
2604 3357 2912 3421 Cardine-

602 3457 769 3523 libus
840 3454 1033 3521 Petro
1103 3454 1348 3519 Alliaco
1418 3458 1484 3519 et
1550 3454 1828 3519 Filastro
1895 3476 2037 3519 cum
2109 3454 2326 3520 amicis
2396 3476 2638 3529 eorum,
2707 3457 2911 3517 statu-

602 3558 740 3619 tum
817 3553 942 3617 fuit
1023 3551 1086 3614 1⁰
1150 3549 1241 3615 Ut
1310 3573 1442 3615 non
1520 3552 1726 3615 solum
1791 3552 2096 3636 episcopi,
2176 3550 2440 3616 abbates
2510 3556 2575 3613 et
2641 3550 2907 3633 praelati

784 3822 824 3887 ¹)
862 3820 1067 3875 Exhis
1106 3820 1285 3887 vides,
1324 3819 1609 3875 occasione
1649 3819 1872 3874 Concilii
1915 3820 2195 3888 ingentem
2232 3820 2307 3873 ibi
2347 3818 2649 3873 confluxum
2689 3824 2745 3872 et
2781 3834 2906 3872 eon-

598 3908 821 3958 ventum
862 3900 1134 3955 hominum
1172 3900 1356 3966 fuisse,
1393 3908 1449 3954 et
1486 3897 1651 3952 facile
1689 3899 2019 3965 explicatur,
2057 3900 2318 3967 quomodo
2357 3913 2419 3952 eo
2457 3904 2701 3964 tempore
2739 3896 2906 3951 etiam

599 3978 744 4037 festa
780 3980 1003 4050 protana
1052 3986 1109 4037 et
1148 3978 1407 4034 nobilium
1456 3984 1838 4033 torneamenta
1881 3978 2100 4045 ludique
2149 3977 2480 4046 multiplices
2518 3976 2696 4031 locum
2743 3975 2907 4029 habe-

600 4066 747 4124 rent,
787 4066 845 4116 et
879 4061 1051 4114 multa
1088 4059 1332 4115 accidere
1371 4062 1599 4127 possent
1636 4056 1865 4123 profana
1903 4063 1960 4112 et
1997 4056 2174 4111 minus
2212 4072 2470 4125 congrua.
2546 4055 2655 4109 Cfr.
2693 4054 2907 4117 Hefele‚

596 4139 658 4193 e.
698 4140 760 4194 G.
790 4139 909 4193 vn.
950 4140 999 4208 g.
1039 4142 1156 4193 749.
