3281 5014
959 430 1043 483 De
1079 430 1347 485 Processu
1384 433 1574 484 contra
1607 429 1945 484 Bonifatium
1970 430 2124 486 VIII.
2626 436 2695 487 75

381 570 617 650 molum,
671 569 778 634 vir
821 568 1049 652 utique
1083 569 1380 651 prudens
1419 573 1482 634 et
1527 568 1835 634 litteralis
1878 575 1940 634 et
1982 571 2208 654 maqm'
2253 571 2480 649 animi,
2525 572 2692 637 zela-

381 672 485 732 tor
529 687 810 749 maynus
857 671 918 730 et
962 669 1375 731 conservator
1405 665 1674 748 jurium
1719 665 2123 750 Ecclesiae.¹)
2398 728 2402 735 .

424 800 429 807 ·
494 804 497 807 -
556 764 662 829 82.
739 763 1280 853 Quemadmodum
1348 765 1487 847 jam
1567 765 2171 841 animadvertimuS,
2242 766 2391 830 inde
2461 790 2499 835 a
2564 768 2693 833 fine

376 861 804 927 Pontificatus
860 860 1174 926 Bonifatii
1206 859 1386 926 VIII.
1444 862 1751 944 paulatim
1808 861 2083 926 multum
2138 862 2516 929 imminutus
2569 864 2695 929 fuit

375 958 658 1024 influxus
716 979 1108 1043 permagnus
1178 963 1246 1023 et
1301 957 1604 1023 salutaris
1669 955 2056 1021 Pontificum
2117 959 2188 1023 in
2251 960 2567 1044 principes
2624 967 2693 1024 et
2759 1040 2763 1044 ,

374 1057 441 1120 in
529 1056 903 1120 societatem
976 1055 1226 1119 civilem
1247 1103 1263 1131 ,
1346 1076 1419 1118 ac
1503 1053 1948 1117 vehementius
2024 1056 2406 1139 impugnata
2476 1060 2690 1122 aucto·

376 1155 535 1218 ritas
595 1152 740 1230 illa,
806 1174 995 1236 quam
1055 1153 1242 1216 certis
1305 1172 1383 1215 ex
1430 1150 1661 1215 causis
1691 1150 1881 1215 modo
1934 1152 2447 1221 extraordinario
2494 1155 2687 1218 etiam

376 1251 443 1314 in
511 1250 894 1332 temporalia
965 1269 1310 1332 regnorum
1372 1245 1567 1312 Sedes
1623 1246 1995 1331 Apostolica
2062 1250 2421 1315 exercebat.
2525 1250 2688 1323 Pau·

369 1345 556 1411 latim
617 1347 811 1411 etiam
871 1347 1012 1429 ipsa
1066 1345 1508 1410 subordinatio
1572 1344 1918 1427 potestatis
1979 1346 2348 1429 temporalis
2413 1368 2488 1411 ac
2554 1351 2688 1412 ter-

369 1465 569 1509 renae
628 1442 749 1507 sub
794 1442 1182 1508 auctoritate
1239 1440 1555 1525 spirituali
1609 1441 1885 1504 multum
1943 1465 1981 1505 a
2024 1442 2218 1507 variis
2274 1444 2688 1528 scriptoribus

369 1543 743 1620 attenuata,
813 1539 1092 1604 limitata
1155 1539 1257 1602 vel
1325 1537 1644 1620 denegata
1709 1541 1827 1601 est.
1937 1538 2252 1612 Attamen
2315 1542 2687 1615 eminentis·

369 1636 516 1701 simi
577 1640 869 1701 auctores
927 1634 1253 1711 catholici,
1305 1639 1465 1697 tum·
1502 1632 1691 1696 medii
1754 1633 1893 1697 aevi
1955 1637 2090 1697 tum
2148 1635 2700 1720 subsequentiumr

367 1733 787 1806 saeculorum,
834 1730 1158 1814 intrepide
1206 1751 1347 1795 eam
1387 1730 1839 1793 auctoritatem
1882 1730 2376 1796 vindicaverunt
2423 1737 2490 1797 et
2534 1737 2685 1817 apte

369 1830 823 1914 explanarunt.
914 1826 1316 1911 Disponente
1370 1829 1587 1891 autem
1642 1825 2046 1909 providentia
2094 1827 2217 1892 Dei
2275 1828 2517 1893 factum
2566 1835 2685 1907 est,

368 1932 477 2004 ut,
548 1947 746 2009 quum
815 1930 1106 2010 tempora
1172 1922 1531 2007 periculosa
1599 1922 2014 2006 ingruerent,
2085 1923 2455 1990 Bonifatius
2500 1925 2683 1991 VIII.

367 2022 855 2087 Constitutione
935 2023 1046 2086 illa
1130 2019 1340 2086 Unam
1407 2020 1700 2083 sanctam
1778 2018 1947 2084 hanc
2016 2019 2338 2086 Ecclesiae
2407 2023 2681 2088 auctori-

365 2123 570 2183 tatem
634 2119 981 2182 solemnius
1042 2119 1495 2201 proclamaret,
1569 2115 1882 2199 principia
1951 2139 2100 2182 vera
2162 2124 2542 2202 exponeret,
2616 2125 2684 2184 et

363 2214 637 2279 saeculis
710 2214 1248 2298 subsequentibus
1323 2212 1578 2295 insigne
1649 2211 1810 2275 illud
1882 2213 2280 2298 relinqueret
2352 2215 2682 2280 doctrinae

361 2311 842 2375 documentum.

541 2461 642 2527 83.
718 2460 854 2538 Qua
927 2480 1079 2524 vero
1151 2459 1403 2524 ratione
1476 2458 1591 2525 illa
1662 2459 2012 2524 auctoritas
2087 2458 2503 2544 concipienda
2571 2460 2675 2538 sit,
2696 2470 3011 2543 Indolps-potp-

359 2565 429 2624 et
495 2558 813 2644 quomodo
882 2557 1074 2622 etiam
1141 2578 1344 2640 usque
1415 2556 1496 2619 ad
1567 2554 2030 2640 depositionem
2103 2557 2461 2641 principum
2536 2558 2676 2641 qui·
2727 2532 2992 2637 ‘'tssffltgssffi‘

359 2654 627 2719 busdam
691 2656 761 2718 in
820 2654 1071 2719 casibus
1127 2674 1203 2716 ea
1262 2674 1403 2718 sese
1462 2654 1801 2731 extendat,
1864 2653 2022 2717 satis
2078 2654 2406 2737 colligitur
2465 2676 2543 2718 ex
2597 2653 2677 2718 iis

359 2773 528 2835 quae
592 2752 788 2817 variis
855 2752 924 2815 in
991 2750 1147 2815 locis
1217 2749 1646 2832 exposuimus.
1753 2748 1925 2813 Illud
1992 2751 2269 2814 maxime
2337 2751 2678 2815 adverten-

357 2847 512 2912 dum
576 2853 708 2927 est,
781 2849 1077 2913 ultimam
1141 2842 1460 2927 oriqinem
1515 2845 1666 2909 talis
1731 2847 2138 2911 auctoritatis
2199 2869 2330 2913 non
2393 2870 2471 2913 ex
2527 2850 2677 2932 jure

357 2943 609 3021 sociali,
665 2944 773 3008 sed
822 2966 899 3010 ex
956 2942 1170 3009 indole
1215 2939 1561 3006 Primatus
1617 2942 1928 3007 divinitus
1982 2944 2322 3016 constituti
2380 2950 2676 3029 repeten-

357 3042 507 3105 dam
570 3063 731 3118 esse3
795 3043 945 3125 jure
1007 3040 1224 3105 sociali
1292 3038 1743 3104 auctoritatem
1803 3040 1985 3104 illam
2049 3039 2346 3122 aquitam
2409 3063 2546 3106 esse
2612 3047 2678 3107 et

354 3135 744 3202 secundario
819 3136 1095 3219 quodam
1169 3132 1352 3199 modo
1428 3133 1917 3214 confirmatam;
2001 3136 2382 3202 eoeercitium
2457 3147 2672 3204 autern

355 3236 670 3319 ejusmodi
738 3235 1143 3301 auctoritatis
1205 3232 1482 3297 multum
1555 3234 1913 3317 dependere
1990 3255 2068 3298 ex
2136 3242 2496 3319 temporum
2567 3235 2674 3299 ad-

347 3332 599 3417 junctis
656 3338 723 3396 et
781 3354 860 3396 ex
915 3333 1055 3415 ipso
1111 3329 1435 3399 societatis
1488 3330 1693 3398 civilis
1749 3334 1954 3409 statu,
2018 3331 2129 3414 qui
2178 3331 2370 3395 variis
2428 3338 2671 3416 tempo-

357 3428 535 3492 ribus
589 3429 807 3493 varius
869 3449 1004 3492 esse
1062 3431 1333 3512 potest„
1389 3429 1585 3495 Ratio
1646 3448 1827 3504 vero,
1889 3448 2000 3491 cur
2060 3425 2443 3493 exercitium
2500 3429 2672 3493 illius

344 3524 519 3611 juris
588 3524 796 3590 medio
865 3547 1020 3589 aevo
1087 3527 1477 3591 rationabile
1547 3529 1611 3590 et
1674 3524 1835 3589 utile
1900 3527 2098 3601 esset,
2165 3525 2513 3609 repetenda
2577 3529 2674 3590 est

355 3644 434 3685 ex
497 3626 675 3686 statu
733 3622 1059 3687 societatis
1120 3628 1185 3686 et
1241 3646 1318 3687 ex
1366 3626 1515 3709 jure
1568 3622 1788 3686 sociali
1847 3622 2023 3687 illius
2081 3623 2417 3705 temporis,
2475 3627 2673 3707 atque

356 3739 435 3782 ex
503 3738 825 3783 consensu
893 3718 1254 3783 nationum.
1380 3718 1755 3784 Dominatio
1824 3718 2121 3784 videlicet
2196 3719 2538 3785 arbitraria
2607 3724 2674 3783 et

355 3815 699 3898 tyrannica
773 3815 1137 3899 principum
1213 3818 1553 3901 praecipue
1631 3816 1937 3880 exercitio
2009 3815 2180 3881 illius
2234 3816 2402 3901 juris
2467 3817 2669 3901 impe-

351 3910 668 3975 diebatur.
776 3910 1018 3977 Nostro
1082 3916 1300 3978 autem
1364 3919 1654 3997 tempore
1716 3912 2023 3997 adjuncta
2087 3913 2409 3978 societatis
2477 3914 2668 3998 plane

531 4162 572 4229 ¹)
612 4163 827 4216 Summa
864 4163 994 4218 hist.
1033 4164 1094 4217 P.
1134 4163 1236 4217 III.
1276 4164 1363 4218 tit.
1401 4166 1487 4217 20.
1525 4180 1569 4217 c.
1609 4164 1661 4215 8.
1699 4160 1751 4230 ἓ.
1790 4163 1839 4214 1.
