3281 5014
315 1281 530 1325 Albertus
556 1282 610 1324 de

357 1344 562 1389 Oanellis.

639 413 739 463 126
1089 411 1290 467 XXXI.
1325 412 1406 465 De
1444 412 1740 467 abolitione
1777 413 1993 467 Ordinis
2033 414 2486 482 Templariorum.

635 556 770 638 ipse
837 554 1013 638 spuit
1072 554 1263 636 juxta
1329 575 1488 618 eam.
1605 553 1689 617 Et
1755 554 1918 619 dixit
1985 558 2044 620 ei
2108 558 2317 623 dictus
2381 563 2702 641 receptor,
2771 555 2946 641 quod

635 650 851 714 omnia
912 652 1038 717 ista
1098 650 1439 733 oportebat
1493 672 1638 713 eum
1696 650 1921 716 facere.
1968 701 1983 717 .
2030 702 2045 717 .
2098 702 2112 717 .
2160 651 2323 718 Item
2382 654 2577 728 dixit,
2637 652 2808 736 quod
2863 652 2949 717 de

637 745 972 830 praedictis
1042 745 1495 830 iniquitatibus
1562 747 1689 810 fuit
1751 749 2079 814 confessus
2149 751 2338 815 fratri
2405 750 2690 818 Johauni
2762 770 2940 833 prae-

634 843 804 907 dicto
867 843 1265 926 (presbytero
1331 841 1636 926 Templi),
1709 849 1774 907 et
1841 844 2048 910 dictus
2114 847 2314 911 frater
2375 847 2707 912 Johannes
2778 844 2949 909 dixit

633 940 785 1017 sibi,
842 940 1012 1024 quod
1059 939 1224 1004 male
1270 939 1511 1003 factum
1570 947 1738 1014 erat,
1798 949 2240 1008 verumtamen
2296 943 2415 1007 hoc
2467 948 2607 1006 erat
2654 942 2729 1005 de
2776 963 2942 1024 pun-

633 1038 752 1101 ctis
800 1036 1085 1110 Ordinis,
1141 1044 1206 1099 et
1253 1034 1531 1101 absolvit
1574 1058 1717 1099 eum
1780 1037 2074 1121 injuncta
2119 1040 2240 1103 sibi
2287 1039 2719 1123 poenitentia,
2771 1036 2948 1121 quod

627 1134 958 1218 jejunaret
1002 1155 1113 1197 sex
1160 1131 1384 1195 diebus
1430 1132 1499 1195 in
1547 1153 1714 1215 pane
1762 1141 1830 1197 et
1876 1140 2105 1219 aqua.“
2129 1133 2175 1214 ¹)

812 1284 915 1348 44.
973 1282 1245 1361 „Frater
1290 1281 1594 1346 Albertus
1650 1282 1727 1346 de
1774 1281 2056 1348 Canellis
2111 1286 2322 1362 mileS,
2379 1286 2488 1369 qui
2545 1285 2758 1348 fuerat
2805 1307 2948 1348 ma·—

636 1381 839 1463 gister
893 1380 1192 1445 ostiarius
1247 1378 1489 1443 domini
1544 1377 1882 1444 Benedicti
1931 1379 2144 1463 Papae
2189 1379 2342 1458 XL,
2402 1382 2635 1446 aetatis
2685 1382 2765 1445 32
2825 1403 2942 1444 an-

635 1498 865 1541 norum
928 1478 1027 1541 vel
1086 1477 1283 1553 circa,
1341 1480 1634 1558 receptus
1696 1498 1810 1560 per
1866 1476 2255 1542 Gulielmum
2312 1478 2388 1542 de
2448 1476 2728 1542 Canellis
2782 1477 2946 1540 mili—

636 1577 767 1636 tem
821 1572 888 1635 in
942 1574 1106 1637 festo
1156 1571 1610 1656 Apostolorum
1657 1574 1833 1638 Petri
1891 1579 1955 1637 et
2005 1573 2189 1638 Pauli
2252 1575 2541 1658 proximo
2596 1574 2951 1657 praeterito

637 1669 900 1733 fuerunt
976 1669 1228 1734 circiter
1303 1689 1534 1732 novem
1610 1670 1831 1733 anni.“
1962 1669 2118 1735 Post
2184 1670 2381 1735 ritum
2451 1671 2943 1737 ecclesiasticum

635 1771 986 1848 peractum,
1034 1769 1363 1848 „receptor
1394 1766 1656 1830 recessit
1701 1788 1845 1830 cum
1893 1789 1965 1831 eo
1999 1767 2216 1848 (teste)
2265 1773 2330 1832 et
2373 1768 2696 1851 praecepit
2741 1766 2942 1831 eidem

634 1863 813 1938 testi,
876 1862 1048 1945 quod
1110 1862 1350 1926 faceret
1408 1861 1597 1942 illud,
1657 1862 1826 1946 quod
1886 1864 2119 1928 fratres
2180 1864 2461 1930 Garinus
2521 1868 2587 1928 et
2633 1862 2948 1947 Georgius

633 1958 919 2023 dicerent
991 1959 1069 2023 ei.
1176 1958 1335 2023 Post
1395 1980 1559 2043 quae
1626 1958 1833 2024 dictus
1901 1961 2102 2026 frater
2165 1959 2443 2025 Garinus
2511 1961 2677 2025 dixit
2739 1959 2942 2024 eidem

634 2056 811 2131 testi,
874 2054 1271 2119 ostendendo
1331 2076 1580 2119 crucem
1626 2058 1950 2134 mantelli,
2004 2057 2171 2142 quod
2226 2058 2334 2122 ille
2382 2058 2492 2141 qui
2540 2059 2754 2122 fuerat
2799 2078 2945 2120 cru-

634 2153 855 2217 cifixus
900 2152 969 2215 in
1021 2173 1204 2216 cruce
1262 2158 1402 2216 erat
1451 2152 1652 2217 falsus
1713 2153 2056 2237 propheta,
2118 2158 2185 2218 et
2239 2154 2408 2237 quod
2464 2176 2598 2218 non
2660 2152 2948 2217 crederet

634 2249 701 2312 in
750 2270 930 2326 eum,
994 2270 1110 2313 nec
1156 2248 1422 2313 haberet
1466 2271 1645 2332 spem
1704 2272 1820 2314 nec
1876 2249 2065 2313 fidem
2111 2250 2179 2313 in
2242 2271 2343 2325 e0‚
2408 2255 2472 2313 et
2518 2249 2685 2333 quod
2729 2250 2799 2312 in
2847 2250 2945 2313 de-

633 2351 922 2428 spectum
981 2346 1115 2429 ejus
1173 2348 1435 2428 spueret
1493 2367 1686 2429 super
1728 2367 1975 2410 crucem
2024 2346 2317 2410 mantelli
2359 2346 2559 2429 ipsius
2603 2346 2819 2424 testie,
2878 2350 2944 2410 et

633 2463 777 2505 cum
841 2442 978 2527 ipse
1043 2443 1228 2506 testis
1292 2442 1743 2526 responderet,
1808 2444 1977 2528 quod
2042 2443 2218 2507 nullo
2282 2442 2467 2506 modo
2531 2442 2650 2509 hoc
2704 2442 2949 2509 faceret

636 2546 703 2603 et
761 2539 1103 2624 incepisset
1161 2539 1343 2615 flere,
1407 2539 1615 2604 dictus
1676 2540 1878 2605 frater
1940 2539 2223 2605 Garinus
2281 2542 2495 2624 posuit
2556 2558 2752 2604 unam
2813 2563 2942 2604 ma-

636 2659 793 2700 num
840 2635 919 2699 ad
966 2635 1296 2699 cultellum
1333 2657 1675 2709 armorum,
1724 2658 1915 2720 quem
1963 2636 2282 2719 portabat,
2330 2640 2396 2700 et
2441 2637 2634 2700 aliam
2681 2659 2944 2700 manum

634 2733 851 2817 posuit
897 2753 1092 2815 super
1146 2732 1418 2814 spatulis
1479 2731 1631 2796 dicti
1688 2733 1903 2808 testie,
1963 2739 2030 2797 et
2085 2733 2210 2797 fuit
2263 2734 2720 2811 comminatus,
2772 2734 2960 2817 quod'

626 2829 959 2914 jugularet
1015 2833 1081 2892 et
1136 2828 1476 2912 projiceret
1522 2850 1668 2892 eum
1715 2829 1782 2894 in
1841 2829 2171 2912 latrinam,
2226 2851 2390 2912 quae
2433 2834 2572 2893 erat
2612 2832 2806 2914 juxta
2851 2829 2944 2893 di·

633 2933 804 2990 ctam
863 2947 1208 3001 cameram,
1268 2925 1392 2989 nisi
1449 2926 1720 3002 faceret,
1782 2925 1948 3008 quod
2007 2926 2128 2989 sibi
2184 2925 2598 3010 injungebat,
2662 2932 2729 2989 et
2786 2931 2946 2991 tunc

634 3022 840 3087 dictus
885 3023 1066 3086 testis
1096 3023 1327 3087 timore
1371 3024 1620 3103 mortiS,
1668 3026 1739 3086 ut
1784 3021 1969 3098 dixit,
2017 3021 2210 3086 dixit:
2257 3022 2606 3086 Consentio
2657 3022 2734 3085 iis
2781 3043 2949 3105 quae

635 3120 851 3200 vultiS,
906 3124 973 3184 et
1016 3120 1111 3183 ita
1157 3118 1324 3184 dixit
1367 3124 1443 3182 ut
1489 3119 1890 3183 satisfaceret
1937 3125 2002 3183 et
2048 3141 2181 3184 non
2229 3118 2432 3195 corde,
2482 3124 2547 3182 et
2593 3119 2766 3201 spuit
2809 3140 2944 3183 non

634 3237 825 3299 super
889 3238 1136 3280 crucem
1209 3216 1529 3292 mantelli,
1594 3216 1705 3280 sed
1762 3215 1843 3278 ad
1907 3220 2143 3279 terram
2201 3216 2412 3299 juxta.
2525 3214 2939 3280 Postmodum

636 3311 800 3375 dixit
847 3311 924 3390 ei,
973 3311 1141 3395 quod
1189 3312 1545 3395 oportebat,
1596 3312 1760 3395 quod
1800 3311 2195 3376 oscularetur
2242 3332 2387 3374 eum
2433 3317 2605 3376 retro
2642 3313 2711 3374 in
2757 3310 2943 3393 spina

634 3407 806 3473 dorsi
852 3412 918 3473 et
972 3409 1041 3472 in
1087 3409 1423 3484 umbilicO,
1483 3408 1701 3473 dicens
1755 3408 1922 3492 quod
1978 3407 2098 3473 hoc
2151 3429 2285 3472 non
2340 3406 2537 3471 fiebat
2596 3429 2711 3490 pro
2755 3406 2947 3488 malo,

635 3505 745 3569 sed
789 3505 884 3569 ita
928 3505 1303 3568 servabatur
1356 3505 1424 3568 in
1473 3505 1716 3569 ordine.
1811 3503 1899 3569 Et
1943 3526 2140 3588 quum
2192 3504 2327 3588 ipse
2373 3504 2560 3568 testis
2608 3503 2822 3580 fleret,
2877 3511 2943 3567 et

636 3603 908 3677 diceret,
963 3600 1132 3684 quod
1189 3599 1310 3665 hoc
1364 3623 1496 3665 non
1552 3602 1821 3677 faceret,
1879 3603 2088 3665 dictus
2147 3601 2351 3664 frater
2408 3599 2720 3683 Georgius
2778 3599 2944 3663 dixit

635 3698 960 3782 praedicto
1004 3696 1192 3761 fratri
1240 3695 1511 3761 Garino:
1562 3697 1925 3762 Dimittatis
1974 3720 2136 3776 eum,
2178 3698 2327 3782 quia
2373 3697 2537 3761 bene
2577 3697 2734 3760 facit
2774 3695 2943 3779 quod

638 3816 757 3879 ego
802 3794 979 3871 volo,
1036 3799 1103 3858 et
1146 3803 1305 3857 tunc
1362 3793 1564 3857 traxit
1618 3796 1828 3878 ipsum
1879 3799 2109 3859 testem
2157 3795 2237 3860 ad
2292 3794 2598 3877 angulum
2650 3813 2945 3857 camerae

636 3891 1013 3975 praedictae,
1061 3896 1126 3955 et
1172 3891 1410 3955 levavit
1454 3890 1616 3954 idem
1654 3892 1855 3956 frater
1889 3890 2201 3975 Georgius
2246 3890 2738 3994 aliquantulum,
2766 3880 2939 3953 nian-

816 4140 859 4205 ¹)
898 4140 1095 4194 Proces
1132 4152 1234 4194 etc.
1276 4142 1318 4194 Ι.
1358 4159 1407 4209 p.
1450 4144 1566 4193 324.
