3281 5014
583 447 693 527 136·
1036 443 1236 497 XXXI.
1275 443 1358 496 De
1395 440 1696 496 abolitione
1732 438 1953 493 Ordinis
1991 438 2442 505 Templariorum.

580 587 926 670 plariorum
992 586 1104 670 qui
1168 584 1432 649 Parisiis
1492 582 1810 648 combusti
1869 584 2060 662 sunt,
2123 581 2402 645 valorem
2464 579 2887 643 sufficientem

582 687 810 748 contra
870 682 996 746 alia
1056 683 1262 747 multa
1321 682 1707 766 argumenta
1766 698 1899 745 non
1960 675 2223 742 habent.
2314 674 2639 741 Videntur
2693 674 2891 739 fuisse

581 779 816 862 partim
863 778 1284 862 perversitate
1327 778 1660 859 obstinati,
1706 779 1943 865 partim
1989 776 2157 840 forte
2197 777 2595 839 innocentes.

761 928 877 994 52-
921 926 1287 990 Difficulter
1331 933 1598 993 censent
1659 930 1861 1014 aliqui
1907 925 2163 993 admitti
2205 944 2418 1007 posse,
2468 921 2536 984 in
2585 918 2891 985 Ordinem

582 1026 766 1088 illum
813 1026 1178 1108 equestrem
1240 1027 1376 1087 tam
1433 1024 1780 1091 horrendos
1836 1026 2106 1101 abusus,
2162 1026 2237 1085 ut
2289 1017 2607 1085 sodomiae
2668 1019 2732 1080 et
2779 1014 2893 1078 ab·

583 1120 950 1206 negationis
1000 1119 1178 1199 fidei,
1239 1120 1598 1204 irrepsisse,
1649 1144 1768 1187 nec
1821 1121 2071 1205 concipi
2128 1138 2337 1202 posse,
2397 1111 2711 1199 quomodo
2767 1115 2892 1176 sta·

583 1218 700 1282 tim
764 1217 834 1281 in
900 1216 1193 1301 ingressu
1262 1218 1533 1300 permoti
1598 1219 1842 1284 fuerint
1907 1217 2214 1283 Ordinem
2280 1211 2750 1297 ingredientes,
2821 1210 2896 1270 ut

582 1315 744 1379 ritus
797 1314 940 1378 illos
1001 1313 1461 1379 abominabiles
1520 1315 1955 1381 observarent.
2049 1307 2211 1376 Inde
2271 1328 2577 1391 magnum
2639 1305 2893 1389 praeju-

583 1410 820 1475 dicium
867 1431 1007 1474 esse
1052 1410 1469 1488 concludunt,
1527 1411 1922 1495 Templarios
1967 1408 2138 1474 haud
2184 1406 2381 1472 fuisse
2424 1424 2588 1469 reos.
2630 1438 2721 1448 —
2772 1399 2896 1466 Sed

584 1506 1220 1570 animadvertendum
1270 1511 1400 1588 est,
1455 1507 1607 1571 dum
1665 1509 1882 1593 agitur
1938 1506 2016 1571 de
2070 1507 2243 1570 facto
2298 1501 2635 1576 historico,
2690 1498 2894 1562 fiden-

584 1603 728 1668 dum
795 1624 928 1667 non
992 1623 1135 1666 esse
1198 1603 1602 1686 praejudiciis
1668 1613 1733 1669 et
1792 1600 2283 1688 hypothesibus‘,
2346 1599 2458 1665 sed
2514 1595 2898 1680 argumenta

588 1721 725 1764 esse
771 1698 1211 1764 examinanda.
1299 1698 1475 1764 Haec
1528 1723 1678 1765 vero
1732 1702 1983 1784 culpam
2024 1698 2540 1783 -Templariorum
2595 1692 2896 1777 probant.

588 1796 928 1862 Caeterum
987 1796 1180 1859 etiam
1237 1797 1452 1862 coaevi
1497 1798 1904 1862 mirabantur
1961 1795 2245 1881 quidem,
2308 1789 2619 1877 ejusmodi
2679 1810 2896 1855 corru-

589 1894 873 1977 ptionem
931 1890 1237 1956 Ordinem
1285 1891 1533 1977 Templi
1591 1893 1911 1971 foedasse,
1972 1896 2260 1956 attamen
2307 1887 2703 1972 Templarios
2757 1905 2897 1949 reos

506 2006 547 2083 ‘a
593 2011 729 2054 esse
783 1993 1191 2053 censuerunt.
1284 1989 1453 2053 Dein
1498 1989 1961 2055 observandum
2023 1993 2150 2065 est,
2205 1988 2399 2051 etiam
2460 1985 2530 2048 in
2580 1983 2738 2048 alios
2779 1980 2897 2046 Or·
2985 2035 2994 2041 .

592 2085 772 2149 dines
835 2105 1104 2168 magnos
1165 2085 1495 2150 interdum
1555 2087 1795 2150 abusus
1859 2086 2217 2169 irrepsisse,
2291 2084 2419 2147 imo
2479 2082 2755 2165 aliquos,
2822 2083 2898 2144 ut

594 2181 765 2247 Ordo
831 2180 1332 2247 Humiliatorum
1394 2188 1461 2248 et
1528 2182 1829 2248 Fratrum
1897 2181 1971 2247 B.
2032 2182 2121 2246 M.
2165 2178 2245 2246 V.
2313 2178 2535 2263 (vulgo
2603 2176 2898 2240 Fratrum

588 2275 1068 2364 gaudentium),
1133 2279 1216 2342 ob
1278 2280 1753 2363 corruptionem
1817 2279 1901 2343 ab
1961 2278 2247 2343 Ecclesia
2306 2298 2445 2340 esse
2507 2294 2896 2358 suppressos.

590 2375 764 2440 Talis
814 2380 1029 2460 autem
1080 2374 1253 2439 Ordo
1307 2377 1633 2458 militaris,
1690 2377 1898 2462 qualis
1954 2380 2094 2439 erat
2140 2373 2313 2440 Ordo
2362 2370 2895 2454 Templariorum‚

590 2471 957 2557 permagnis
1014 2493 1170 2536 sane
1228 2473 1526 2557 periculis
1581 2473 1911 2559 expositus
1959 2477 2127 2550 erat,
2185 2471 2562 2554 faciliusque
2616 2466 2897 2552 perverti

590 2573 863 2653 poterat.
957 2567 1145 2634 Multi
1207 2591 1351 2633 eum
1410 2571 1970 2655 ingrediebantur,
2034 2569 2144 2655 qui
2198 2572 2395 2634 antea
2447 2568 2645 2631 vitam
2703 2565 2896 2628 duxe-

589 2669 743 2730 rant
803 2664 1178 2730 nullatenus
1229 2666 1823 2734 commendandam.
1922 2667 2103 2744 Quod
2156 2665 2346 2729 initio
2403 2662 2657 2748 quidem
2710 2659 2896 2725 Ordi-

591 2764 689 2826 nis
737 2760 801 2826 S.
835 2759 1164 2826 Bernardo
1202 2766 1468 2846 propter
1511 2785 1761 2827 morum
1810 2763 2233 2827 mutationem
2277 2781 2472 2825 causa
2517 2756 2643 2822 fuit
2686 2756 2897 2823 sancti

590 2856 837 2941 gaudii;
890 2856 997 2921 sed
1042 2863 1292 2941 postea,
1338 2860 1433 2923 uti
1482 2881 1845 2944 supponere
1891 2860 1990 2926 fas
2034 2864 2162 2941 est,
2210 2877 2513 2941 magnum
2563 2859 2704 2919 erat
2748 2874 2895 2936 per-

591 2955 897 3020 versionis
956 2954 1323 3038 periculum.
1419 2954 1872 3040 Opportunum
1929 2958 2052 3021 erit
2108 2954 2327 3019 audire
2383 2952 2578 3016 verba
2626 2949 2687 3015 S.
2734 2948 2896 3013 Ber-

589 3051 794 3117 nardi.
899 3051 1198 3136 Loquens
1257 3052 1336 3117 de
1394 3054 1810 3118 multitudine
1870 3073 2221 3137 permagna
2280 3050 2587 3124 militum,
2644 3047 2756 3130 qui
2816 3044 2894 3109 ad

589 3171 830 3214 novum
901 3147 1208 3214 Ordinem
1273 3149 1715 3215 confluebant:
1795 3148 2100 3230 Quodque
2160 3144 2454 3211 cernitur
2507 3141 2893 3226 jucundius,

590 3247 831 3329 scribit,
877 3249 939 3309 et
979 3245 1206 3328 ayitur
1243 3245 1656 3325 commodius,
1696 3265 1945 3329 paucos
1987 3243 2330 3309 admodum
2378 3241 2452 3306 in
2497 3244 2687 3306 tanta
2728 3238 2893 3304 mul·

591 3340 874 3407 titudine
917 3341 1253 3407 hominum
1298 3342 1411 3407 illo
1456 3343 1775 3423 confluere
1817 3340 2065 3419 videa-s,
2108 3338 2244 3405 nisi
2285 3335 2514 3419 utique
2558 3335 2896 3401 sceleratos

592 3442 657 3502 et.
696 3437 961 3520 impios,
1012 3442 1308 3520 raptores
1352 3442 1413 3502 et
1457 3437 1803 3520 sacrileqos
1818 3485 1835 3516 ,
1892 3435 2273 3516 homicidas,
2318 3434 2654 3517 perjuros,
2708 3431 2894 3498 adul-

593 3539 794 3600 teros:
857 3534 935 3599 de
997 3553 1273 3617 quorum
1324 3535 1617 3617 profecto
1666 3532 2061 3617 perfectione
2118 3530 2289 3597 sicut
2347 3529 2587 3612 dupleoe
2645 3531 2894 3593 constat

581 3631 932 3714 provenire
993 3630 1254 3710 bonum,
1316 3630 1414 3695 ita
1470 3629 1849 3714 duplicatur
1906 3633 1965 3693 et
2022 3627 2380 3711 gaudium:
2439 3626 2697 3709 quando
2752 3624 2894 3707 qui-

592 3727 733 3792 dem
781 3732 915 3791 tam
960 3746 1112 3792 suos
1156 3726 1232 3790 de
1275 3745 1395 3790 suo
1440 3725 1734 3792 discessu
1791 3725 2171 3806 laetificant,
2228 3744 2425 3806 quam
2467 3722 2614 3788 illos
2658 3721 2734 3786 de
2779 3719 2891 3786 ad—

595 3828 789 3888 ventu
834 3822 1070 3904 quibus
1115 3822 1456 3887 subvenire
1496 3823 1836 3905 festinant.
1882 3872 1896 3887 .
1945 3873 1958 3887 .
2006 3872 2019 3886 .
2068 3821 2303 3903 Itaque
2350 3819 2635 3884 laetatur
2679 3818 2893 3900 Aeqy-

581 4092 978 4232 {ustffqatives
1024 4110 1077 4148 n.
1115 4094 1271 4148 XIII.
1353 4094 1426 4151 Oe
1471 4095 1630 4163 qu'on
1678 4093 1797 4149 doit
1840 4109 2038 4162 penser
2083 4094 2155 4147 du
2203 4092 2379 4161 grand
2423 4090 2618 4145 maitre
2654 4089 2891 4156 Jacques

631 4193 661 4233 e
755 4195 787 4232 o
810 4195 894 4246 ay.
