3281 5014
665 413 770 464 276
1163 411 1426 465 XXXIII.
1462 413 1546 465 De
1581 427 1785 480 magno
1821 410 2134 465 Occidentis
2174 411 2485 467 schismate.

667 556 885 636 spreta
930 552 1250 617 Ecclesiae
1299 575 1478 637 pace,
1538 552 1896 636 spretisque
1935 552 2172 637 juratis
2218 554 2545 636 promissis
2590 553 2975 637 pontificatu

666 650 929 714 cedendi
988 672 1101 734 pro
1150 650 1512 715 schismatis
1569 648 2028 727 exstinctione,
2085 650 2338 714 dubiam
2397 649 2783 734 dignitatem
2837 670 2979 732 per-

666 747 968 811 tinaciter
1011 747 1302 811 retinent
1338 768 1715 830 semperque
1761 747 2041 811 retinere
2077 747 2326 811 volunt.
2409 746 2718 812 Rationes
2765 746 2980 830 plures

664 844 734 907 in
776 843 910 907 suis
958 844 1194 907 litteris
1239 843 1319 906 ad
1366 841 1749 927 Gregorium
1806 845 1872 906 et
1919 842 2339 907 Benedictum
2382 844 2777 927 allegarunt,
2836 844 2978 926 qui-

666 940 787 1003 bus
835 940 1213 1022 probarent,
1268 940 1338 1003 in
1380 961 1532 1003 casu
1578 939 2120 1014 extraordinario,
2177 939 2256 1003 de
2300 961 2430 1025 quo
2477 941 2821 1025 agebatur,
2869 941 2981 1023 jus

666 1034 1060 1102 convocandi
1115 1040 1181 1101 et
1235 1035 1597 1101 celebrandi
1646 1036 1951 1120 'generale
1998 1034 2356 1102 Concilium
2411 1059 2547 1102 esse
2600 1058 2795 1120 penes
2850 1036 2982 1100 col-

668 1132 904 1216 legium
956 1131 1412 1196 Cardinalium.
1503 1132 1967 1196 Vehementius
2018 1134 2156 1216 jam
2212 1154 2288 1197 eo
2327 1140 2612 1216 tempore
2667 1131 2980 1217 quaestio,

673 1252 757 1292 an
805 1229 1177 1294 convocatio
1231 1228 1551 1313 generalis
1598 1228 1867 1294 Concilii
1909 1227 2078 1293 Pisis
2120 1229 2400 1294 habendi
2454 1230 2628 1294 facta
2673 1247 2787 1312 per
2833 1227 2982 1291 Car-

374 1314 630 1428 Ροξξξζῗω
673 1324 918 1390 dinales
991 1325 1281 1408 legitima
1346 1326 1449 1389 vel
1515 1325 1858 1409 illegitima
1933 1330 2134 1402 esset,
2209 1327 2457 1410 agitata
2529 1329 2645 1390 est.
2758 1325 2984 1410 Aliqui

672 1428 965 1486 auctores
1009 1422 1333 1486 rationem
1378 1421 1611 1504 agendi
1659 1421 2096 1486 Cardinalium
2151 1428 2719 1507 oppugnaverunt,
2777 1423 2984 1486 multo

580 1519 887 1602 &splures
961 1522 1179 1582 tamen
1246 1516 1546 1581 videntur
1613 1516 1935 1602 suffragiis
2004 1518 2139 1582 suis
2207 1517 2657 1584 Cardinalibus
2730 1518 2984 1588 favisse,

671 1613 798 1680 Sed
842 1613 1301 1679 advertendum
1350 1615 1545 1677 etiam
1592 1615 1886 1694 omniun,
1943 1636 2076 1678 non
2134 1636 2364 1698 paucos
2421 1615 2625 1680 adhuc
2668 1615 2983 1679 continuo

670 1712 1074 1778 adlaborasse
1136 1711 1570 1775 conciliationi
1628 1711 1805 1775 iuter
1865 1710 2238 1776 Cardinales
2292 1719 2357 1776 et
2415 1712 2789 1794 Pontifices,
2848 1732 2986 1775 ma-

670 1809 840 1872 xime
889 1807 1099 1892 quoad
1131 1805 1533 1891 Gregorium.
1609 1806 1833 1891 Atque
1879 1829 2080 1891 quum
2120 1808 2470 1893 Gregorius
2517 1830 2741 1873 versus
2787 1808 2981 1872 finem

672 1905 829 1970 anni
882 1905 1050 1969 1408
1110 1904 1502 1968 Ariminium
1560 1903 1864 1986 (Rimini)
1922 1925 1989 1967 se
2050 1905 2401 1982 conferret,
2457 1904 2723 1970 Carolus
2777 1902 2985 1968 Mala-

670 2007 838 2066 testa
880 2001 1187 2066 Ariminii
1234 2000 1545 2078 dominuS,
1593 2000 1693 2063 vir
1737 1999 2011 2084 insignis
2056 2000 2129 2065 in
2178 2001 2493 2084 gerendis
2525 2002 2708 2067 bellis
2754 2006 2822 2065 et
2865 2001 2986 2065 rei-

670 2097 966 2183 publicae
1026 2098 1302 2181 negotiis
1369 2118 1443 2160 ac
1509 2110 1784 2181 magna'e
1855 2098 2023 2179 apud
2092 2119 2313 2161 omnes
2373 2099 2873 2175 aestimationis,
2949 2119 2987 2160 a

676 2194 988 2278 Gregorio
1045 2193 1356 2275 obtinuit,
1417 2199 1493 2257 ut
1546 2194 1742 2258 vellet
1799 2194 2177 2258 renuntiare
2232 2191 2489 2277 Synodo
2552 2194 2631 2258 ab
2684 2195 2821 2277 ipso
2883 2194 2988 2257 in-

672 2293 909 2368 dictae,
966 2296 1032 2355 et
1088 2312 1227 2355 cum
1275 2289 1723 2355 Cardinalibus
1768 2292 1956 2354 simul
2017 2292 2315 2374 generale
2362 2290 2716 2356 Concilium
2763 2312 2993 2355 convo·

672 2410 817 2454 care
880 2388 950 2453 in
1013 2387 1272 2451 civitate
1331 2408 1447 2470 per
1506 2387 1783 2451 arbitros
1846 2387 2195 2471 seligenda.
2305 2385 2431 2451 Sed
2490 2387 2862 2452 Cardinales
2925 2387 2990 2450 id

673 2486 1013 2551 admittere
1059 2484 1426 2549 noluerunt.

850 2584 953 2646 44.
991 2581 1210 2645 Edidit
1251 2582 1443 2645 etiam
1487 2579 1836 2665 Gregorius
1887 2579 2032 2665 ΧΠ.
2089 2581 2190 2646 die
2244 2582 2352 2646 14ο
2403 2580 2770 2647 Decembris
2818 2602 2991 2645 anno

679 2682 847 2744 1408
913 2680 1198 2753 litteraS,
1262 2677 1494 2762 quibus
1553 2675 1927 2742 Cardinales
1988 2683 2063 2742 ut
2127 2678 2206 2742 ad
2271 2702 2338 2743 se
2403 2679 2671 2743 redeant
2732 2678 2990 2754 invitat,

675 2799 814 2843 sese
867 2775 945 2839 de
1000 2775 1511 2840 accusationibus
1575 2772 1864 2838 defendit
1919 2779 1986 2838 et
2039 2779 2463 2858 protestatur,
2521 2798 2589 2841 se
2645 2774 2725 2839 ad
2771 2773 2994 2840 Eccle-

675 2875 806 2940 siae
854 2879 1295 2938 sacrosanctae
1349 2872 1858 2955 integrationem
1914 2893 2028 2954 per
2075 2872 2246 2935 viam
2289 2873 2593 2937 cessionis
2639 2871 2991 2937 secundum

678 2971 948 3035 formam
1005 2970 1075 3033 in
1138 2968 1423 3034 conclavi
1481 2968 1789 3032 traditam
1851 2970 2023 3031 totos
2080 2990 2228 3033 suos
2290 2991 2446 3052 pure
2508 2974 2572 3034 et
2628 2970 2873 3033 sincere
2919 2989 2994 3031 ac

675 3067 952 3131 fideliter
1019 3066 1329 3129 continuo
1397 3062 1763 3127 adhibuisse
1822 3069 2122 3139 conatus,
2191 3065 2626 3131 schismaticos
2693 3086 2843 3129 vero
2913 3086 2993 3128 ex

679 3163 943 3227 adverso
1025 3161 1360 3226 fraudibus
1425 3161 1670 3225 lusisse.
1796 3159 2015 3225 Mense
2083 3160 2396 3226 Januario
2473 3184 2530 3227 a.
2606 3162 2773 3246 1409
2843 3160 2996 3225 dein

679 3259 1052 3325 Cardinales
1129 3258 1414 3323 censuris
1489 3279 1563 3322 ac
1636 3257 1860 3340 poenis
1938 3257 2164 3322 affecit.
2238 3294 2325 3305 -
2402 3257 2658 3324 Interea
2723 3258 2998 3322 Benedi-

679 3361 821 3421 ctus
873 3354 1048 3419 XIII.
1097 3355 1435 3419 concilium
1492 3376 1682 3418 suum
1728 3352 2105 3438 Perpiniani
2163 3376 2382 3420 mense
2428 3354 2776 3420 Novembri
2833 3355 2997 3418 anni

690 3454 856 3517 1408
903 3452 1183 3535 aperuit,
1242 3457 1436 3535 atque
1489 3451 1684 3516 initio
1737 3450 1873 3515 fere
1938 3451 2056 3513 120
2107 3452 2381 3534 praelati
2437 3452 2713 3516 adfuisse
2773 3450 2996 3514 viden-

682 3555 809 3615 tur.
911 3546 1033 3613 Sed
1093 3570 1235 3612 mox
1297 3569 1495 3630 quum
1558 3548 1850 3633 quaestio
1911 3548 2296 3631 agitaretur,
2357 3549 2728 3632 postulante
2784 3545 3000 3610 Bene-

682 3646 886 3723 dict0,
943 3643 1093 3728 quid
1152 3645 1275 3728 ipsi
1331 3644 1694 3709 faciendum
1756 3655 1956 3720 esset,
2016 3664 2253 3728 magna
2308 3644 2621 3710 discordia
2680 3650 2827 3708 orta
2875 3652 2998 3722 est,

683 3747 754 3807 et
805 3742 938 3807 fere
995 3762 1216 3805 omnes
1268 3743 1699 3820 recesserunt,
1756 3740 1849 3803 ita
1906 3745 1980 3804 ut
2025 3744 2281 3804 tantum
2334 3743 2412 3805 18
2462 3740 2732 3824 praelati
2791 3762 2998 3804 rema·

685 3843 940 3904 nerent.
1032 3837 1118 3902 Hi
1164 3836 1514 3902 Benedicto
1569 3840 2047 3920 proposuerunt
2100 3836 2415 3920 quaedam
2474 3837 2683 3920 capita
2728 3837 2806 3899 ad
2847 3857 3000 3919 pro-

684 3934 1063 4001 movendam
1124 3935 1430 3999 uniouem
1488 3935 1875 4016 spectantia,
1937 3954 2101 4017 quae
2159 3933 2242 3997 ab
2289 3933 2425 4016 ipso
2481 3937 2810 4017 acceptata
2857 3932 3004 3995 fue-

683 4036 856 4097 runt.
957 4030 1312 4095 Concilium
1359 4029 1462 4094 die
1527 4030 1644 4092 26⁰
1695 4028 1916 4094 Martii
1974 4052 2146 4094 anno
2200 4030 2364 4093 1409
2429 4029 2685 4094 finitum
2739 4034 2865 4104 est,
2931 4034 3002 4092 et

682 4133 933 4212 septem
978 4131 1264 4192 oratores
1311 4126 1491 4191 Pisas
1547 4126 1723 4190 missi
1765 4131 1938 4191 sunt.
2032 4126 2260 4212 Largis
2306 4130 2523 4191 tamen
2581 4124 3002 4190 facultatibus
