3281 5014
733 490 839 542 324
1326 487 1580 540 XXXIV.
1619 488 1703 541 De
1740 486 1984 542 Concilio
2020 486 2448 542 Constantiensi.

734 651 1012 713 aequum
1070 637 1240 706 erat,
1298 629 1470 714 quod
1521 651 1830 692 numerus
1877 626 2235 707 Saxonum,
2287 628 2682 692 Bavarorum
2739 638 2804 693 et
2858 628 3038 695 Polo·

732 748 993 802 norum,
1057 728 1167 810 qui
1228 726 1621 811 Pragensem
1680 724 2181 791 Universitatem
2244 726 2777 809 frequentabant,
2843 725 3041 791 Bobe-

733 845 983 887 morum
1045 846 1383 888 numerum
1445 822 1655 887 decies
1713 824 2080 906 superabat.
2187 821 2519 886 Teutonici
2542 869 2558 897 ,
2621 824 2912 906 magistri
2968 845 3041 887 ac

732 920 1058 1003 discipuli,
1121 942 1390 985 numero
1449 920 1705 984 circiter
1759 921 1994 1005 viginti
2055 919 2357 996 millium,
2422 918 2854 984 Bohemorum
2915 921 3041 983 vio-

733 1018 938 1082 lentia
987 1018 1229 1096 vexati,
1290 1017 1562 1101 Pragam
1611 1018 2049 1101 reliquerunt,
2101 1021 2169 1080 et
2216 1016 2496 1079 maxima
2547 1021 2731 1098 parte
2776 1016 3039 1099 profecti

732 1119 887 1179 sunt
942 1113 1226 1197 Lipsiam
1288 1114 1359 1177 in
1404 1113 1675 1190 Misnia,
1732 1114 1870 1190 ubi,
1926 1112 2299 1177 faventibus
2355 1111 2602 1176 Comite
2648 1111 3042 1198 Thuringiae

733 1216 800 1275 et
868 1210 1243 1276 Marchione
1319 1210 1595 1276 Misniae
1669 1211 1984 1275 celebrem
2054 1208 2466 1275 Academiam
2541 1210 3039 1275 constituerunt.

736 1308 860 1372 Sed
904 1306 1196 1373 Joannes
1240 1306 1381 1372 Hus
1424 1307 1545 1372 hac
1591 1308 1846 1372 ratione
1890 1312 2152 1390 propter
2195 1328 2475 1371 amorem
2521 1307 2797 1389 patriae,
2851 1330 3039 1392 quem

734 1427 887 1489 prae
931 1426 998 1468 se
1042 1405 1322 1482 ferebat,
1376 1405 1648 1489 gloriam
1693 1425 1829 1468 non
1875 1403 2254 1468 mediocrem
2298 1403 2419 1467 sibi
2467 1402 2830 1487 acquisivit,
2888 1426 3040 1468 cau-

734 1523 867 1566 sam
916 1502 1311 1565 nationalem
1367 1522 1518 1565 suae
1575 1521 1805 1565 causae
1849 1500 2050 1564 veluti
2111 1500 2398 1577 miscuit,
2455 1521 2527 1563 ac
2575 1523 2720 1565 mox
2765 1499 3040 1566 Univer-

737 1597 955 1661 sitatis
997 1607 1206 1661 rector
1252 1599 1494 1662 electus
1538 1602 1657 1663 est.

402 1689 719 1794 Εᾞζξξζπδθ·
916 1694 1020 1757 47.
1072 1692 1311 1758 Sbinco
1365 1700 1582 1759 tamen
1636 1694 2141 1778 archiepiscopus
2190 1692 2565 1779 Pragensis,
2626 1717 2823 1778 quum
2868 1695 3040 1759 Hus-

644 1784 654 1794 ’
736 1791 866 1856 sius
919 1791 1123 1874 magis
1179 1792 1513 1875 magisque
1568 1812 1716 1854 suos
1771 1797 2157 1875 propagaret
2207 1813 2482 1866 errores,
2540 1791 2708 1874 apud
2760 1792 3043 1856 Alexan·

734 1888 917 1951 drum
960 1886 1040 1951 V.
1093 1910 1236 1951 eum
1294 1888 1646 1968 accusavit,
1709 1893 1904 1972 atque
1962 1910 2040 1951 ex
2097 1887 2288 1970 hujus
2347 1886 2679 1952 Pontificis
2739 1889 3044 1954 mandato

734 1985 851 2048 sub
911 2005 1119 2066 poena
1178 1985 1857 2049 excommunicationis
1914 1983 2266 2067 prohibuit,
2323 2006 2406 2048 ne
2461 1985 2604 2068 quis
2663 1985 2731 2047 in
2792 1985 3043 2049 sacellis

734 2080 1003 2164 privatis
1066 2079 1326 2144 verbnm
1392 2080 1511 2144 Dei
1569 2080 1991 2164 praedicaret3
2058 2086 2124 2145 et
2183 2081 2377 2145 libros
2436 2080 2688 2145 Wiclefi
2745 2081 3041 2145 aliorum-

734 2198 858 2261 que
924 2178 1204 2261 ejusdem
1257 2177 1587 2242 doetrinae
1651 2180 1719 2241 in
1768 2200 1883 2242 suo
1949 2178 2191 2261 palatio
2240 2178 2528 2242 comburi
2579 2178 2793 2261 jussit.
2900 2178 3042 2241 Hus

733 2273 1152 2338 nihilominus
1198 2275 1536 2338 conciones
1581 2296 1732 2338 suas
1778 2274 2218 2350 continuavit,
2275 2278 2342 2337 et
2388 2296 2444 2337 a.
2497 2274 2665 2337 1410
2720 2273 2799 2338 ad
2841 2273 3040 2339 Joan-

734 2392 884 2435 nem
953 2368 1208 2435 XXIII.
1279 2371 1654 2454 appellavit.
1778 2369 2014 2436 Sbinco
2079 2393 2228 2435 vero
2306 2370 2817 2454 archiepiscopus
2898 2394 3044 2435 eum

732 2489 878 2533 cum
937 2466 1188 2533 asseclis
1248 2468 1410 2546 suis,
1471 2466 1644 2532 inter
1703 2489 1863 2552 quos
1923 2466 2357 2551 Hieronymus
2416 2468 2494 2532 de
2540 2466 2750 2554 Praga
2814 2474 2877 2534 et
2934 2468 3044 2532 alii

735 2565 981 2629 nobiles
1065 2564 1470 2641 eminebant,
1552 2565 2224 2631 excommunicationis
2306 2566 2636 2630 sententia
2712 2567 3043 2649 percussit.

737 2659 1044 2744 Sequenti
1100 2667 1385 2744 tempore
1427 2662 1648 2726 Hussii
1703 2683 1895 2726 causa
1951 2661 2392 2726 vehementius
2447 2665 2695 2747 agitata
2742 2669 2873 2746 est3
2930 2683 3042 2725 rex

734 2762 929 2841 atque
995 2758 1222 2841 regina
1278 2780 1419 2822 cum
1474 2758 1693 2823 multis
1751 2759 2164 2843 magnatibus
2218 2757 2529 2822 Hussium
2586 2761 3045 2844 protegebant;

734 2853 1011 2918 Hussius
1070 2859 1284 2918 autem
1334 2853 1697 2920 Bononiam
1757 2857 2020 2932 citatus,
2084 2877 2282 2939 quum
2341 2877 2472 2919 non
2525 2859 2948 2939 compareret,
3006 2877 3044 2918 a

735 2950 1060 3015 Cardinali
1125 2950 1413 3016 Colonna
1489 2954 2079 3017 excommunicatus
2152 2958 2269 3016 est.
2382 2951 2571 3017 Hanc
2645 2952 3041 3016 sententiam

733 3048 1136 3112 confirmavit
1184 3048 1540 3113 Cardinalis
1587 3049 2039 3127 Brancaccius,
2101 3049 2201 3113 cui
2248 3048 2536 3113 Joannes
2578 3047 2835 3112 XXIII.
2894 3070 3041 3114 cau·

736 3166 868 3208 sam
903 3144 1123 3208 Hussii
1155 3147 1559 3210 commiserat
1604 3145 2117 3222 examinandam,
2167 3150 2232 3209 et
2264 3145 2773 3229 archiepiscopus
2807 3145 3046 3210 Sbinco

737 3263 876 3305 eam
923 3248 1229 3306 executus
1277 3247 1393 3306 est.
1486 3241 1627 3306 Hus
1684 3243 2030 3326 appellavit
2088 3243 2167 3305 ad
2208 3241 2563 3308 Concilium
2620 3243 2919 3327 generale
2975 3246 3047 3304 et

737 3341 1073 3403 conciones
1140 3359 1288 3403 suas
1355 3339 1774 3404 continuavit.
1896 3335 2159 3403 Studuit
2222 3345 2434 3403 autem
2501 3340 2909 3422 aliquatenus
2975 3358 3046 3401 se

736 3435 1115 3517 justificare,
1183 3439 1249 3499 et
1302 3436 1587 3519 porrexit
1640 3435 2098 3501 Universitatis
2157 3430 2531 3519 praepositis
2589 3436 3041 3500 documentum

736 3533 805 3596 in
852 3532 1059 3597 forma
1105 3532 1412 3616 epistolae
1459 3532 1537 3596 ad
1583 3531 1908 3597 Joannem
1952 3530 2237 3614 XXIII.,
2298 3532 2362 3595 in
2411 3556 2537 3617 qua
2583 3532 2893 3616 negabat,
2942 3553 3044 3594 er-

737 3650 909 3692 rores
971 3650 1041 3692 se
1101 3650 1407 3713 asserere3
1469 3651 1633 3713 quae
1692 3634 1915 3712 egerat
1973 3631 2216 3713 pariter
2270 3629 2663 3708 vindicabat,
2725 3635 2789 3692 et
2854 3650 3044 3710 para-

737 3731 875 3789 tum
924 3746 993 3788 se
1041 3725 1405 3790 declarabat
1445 3747 1612 3802 esse,
1659 3732 1733 3790 ut
1776 3726 2189 3808 responderet
2230 3724 2631 3790 adversariis
2674 3723 2832 3803 suis,
2878 3727 2939 3787 et
2984 3722 3048 3787 si

737 3820 1066 3886 haereseos
1119 3820 1603 3887 convinceretur
1658 3821 1851 3886 etiarn
1911 3821 2056 3906 roqi
2100 3843 2375 3904 poenam
2415 3823 2789 3900 sustineret,
2859 3820 3045 3885 dum-

737 3916 921 3983 modo
968 3917 1071 3981 illi
1124 3938 1371 4000 quoque
1424 3918 1482 3982 si
1536 3918 2022 3984 succumberent
2079 3920 2295 3984 eadem
2335 3939 2551 4002 poena
2605 3918 3046 4001 afficerentur.

739 4014 1007 4099 Scripsit
1067 4017 1261 4081 simili
1322 4018 1574 4081 ratione
1636 4016 1833 4080 etiam
1890 4019 1969 4082 ad
2029 4019 2368 4103 collegium
2414 4017 2871 4099 Cardinalium3
2933 4016 3048 4080 sed

740 4113 958 4176 eodem
1021 4118 1306 4196 tempore
1366 4115 1574 4177 varios
1639 4114 1838 4178 edidit
1901 4114 2097 4180 libros
2161 4118 2484 4198 pessimOS.
2584 4112 2688 4179 Sic
2749 4115 2812 4178 in
2881 4113 3052 4178 libro

739 4208 843 4272 De
891 4206 1077 4272 libris
1124 4207 1597 4275 haereticorum
1648 4209 1927 4292 leyendis
1974 4235 2104 4277 non
2140 4214 2342 4276 solum
2395 4219 2611 4296 negat,
2657 4212 2851 4276 libros
2900 4211 3053 4273 hae-
