3281 5014
629 448 731 500 104
1079 445 1280 501 XXXI.
1318 446 1401 501 De
1438 445 1738 501 abolitione
1775 445 1994 501 Ordinis
2032 445 2475 514 Templariorum.

799 586 879 651 In
944 586 1138 652 variis
1200 586 1594 653 dioecesibus
1651 586 1931 670 Galliae,
1996 588 2094 652 uti
2148 590 2289 673 jam
2343 589 2648 669 diximus,
2709 587 2930 654 eodem

624 690 911 767 tempore
973 684 1272 749 examina
1334 683 1837 768 Templariorum
1905 685 2077 751 facta
2136 690 2321 763 sunt,
2385 683 2676 751 adhibita
2736 686 2928 751 etiam

621 785 880 848 tortura
917 780 1284 848 secundum
1349 798 1640 846 normam
1720 782 2102 864 procedendi
2162 781 2334 846 illius
2395 782 2724 865 temporie.
2844 782 2931 847 Et

623 878 860 961 ubique
915 878 1050 943 fere
1103 879 1382 943 accusati
1435 899 1580 943 reos
1636 899 1706 943 se
1762 898 1897 943 esse
1954 878 2111 942 fassi
2165 881 2349 952 sunt3
2411 899 2544 943 non
2585 877 2931 943 defuerunt

619 985 841 1039 tamen
906 974 1015 1058 qui
1077 975 1330 1058 culpam
1394 976 1661 1040 omnino
1727 977 2071 1059 negarunt.
2188 971 2297 1038 Sic
2358 995 2569 1038 coram
2636 975 2930 1059 episcopo

623 1070 1126 1136 Claramontano
1184 1092 1262 1135 ex
1324 1072 1408 1135 69
1463 1077 1868 1154 negaverunt
1929 1072 2012 1135 29
2073 1092 2141 1135 se
2199 1091 2341 1135 reos
2401 1092 2564 1153 esse,
2620 1070 2930 1138 addentes

624 1167 1062 1234 confessiones
1100 1169 1566 1252 apraecedentes
1624 1172 1875 1233 coactas
1919 1168 2114 1233 fuisse
2159 1167 2242 1232 ob
2295 1165 2696 1252 torturam.¹)
2788 1169 2931 1234 Ele-

623 1287 745 1330 nae
814 1287 963 1331 vero
1020 1266 1104 1328 25
1172 1266 1448 1329 accusati
1514 1286 1736 1330 omnes
1795 1265 1873 1329 ad
1939 1286 2170 1340 unum,
2237 1263 2616 1330 innocentes
2671 1287 2739 1330 se
2794 1287 2930 1331 esse

622 1361 971 1427 contestati
1014 1357 1254 1441 sunt.²)
1310 1397 1311 1402 κ

383 1528 511 1601 {¹1⁸0
798 1529 902 1594 23.
969 1527 1048 1593 In
1109 1526 1382 1610 Anglia:
1449 1524 1871 1610 ‚‚Templarii‚
1931 1524 2155 1590 scribit
2217 1524 2696 1612 Walsingham,
2760 1528 2930 1610 capti

332 1602 547 1642 mmm*
621 1631 688 1692 et
748 1627 1028 1690 accusati
1090 1624 1466 1690 fatebantur
1530 1623 1798 1702 famam,
1866 1621 1976 1687 sed
2036 1644 2170 1687 non
2233 1623 2506 1699 factum,
2574 1623 2700 1688 nisi
2764 1645 2930 1687 unus

619 1723 722 1787 vel
767 1722 892 1788 duo
938 1721 1170 1787 ribaldi
1215 1721 1286 1785 in
1333 1720 1505 1785 omni
1553 1724 1761 1796 statu;
1814 1741 2036 1785 omnes
2082 1724 2302 1784 tamen
2349 1720 2724 1786 fatebantur
2768 1721 2930 1785 fina—

619 1820 767 1883 liter
825 1842 960 1885 non
1020 1840 1202 1902 posse
1261 1817 1339 1882 de
1394 1817 1511 1881 sibi
1571 1816 1888 1899 impositis
1944 1838 2011 1881 se
2077 1838 2382 1901 purgare,
2444 1823 2511 1880 et
2564 1816 2706 1883 ideo
2750 1817 2931 1903 adju-

619 1915 813 1981 dicati
871 1903 1136 1980 fuerunt
1190 1936 1305 1998 per
1351 1911 1705 1978 Concilium
1769 1919 2113 1997 perpetuae
2168 1913 2673 1996 poenitentiae.“
2762 1913 2931 1980 Con-

619 2013 766 2077 cilia
813 2012 932 2076 hac
977 2012 1045 2075 in
1093 2032 1163 2076 re
1209 2005 1434 2077 habita
1478 2015 1634 2075 sunt
1672 2009 1948 2074 Eboraci
1995 2033 2051 2074 a.
2106 2011 2270 2075 1310
2320 2015 2384 2074 et
2431 2009 2712 2076 Londini
2759 2035 2932 2078 anno

625 2110 813 2174 1311.
880 2144 956 2176 -τ
1018 2107 1096 2173 In
1142 2109 1332 2174 Italia
1377 2129 1630 2193 quoque
1659 2097 1904 2176 ,contra
1951 2105 2345 2190 Templarios
2390 2106 2771 2194 inquisitum
2813 2115 2931 2188 est,

620 2228 695 2272 ac
738 2207 951 2289 plures
997 2227 1139 2270 reos
1185 2227 1253 2269 se
1300 2227 1439 2270 esse
1485 2203 1759 2270 confessi
1815 2209 1987 2267 sunt.
2080 2200 2305 2267 Mense
2353 2201 2714 2286 Septembri
2760 2228 2932 2271 anno

624 2304 790 2368 1310
844 2302 1132 2367 ,Ioannes
1190 2302 1699 2385 archiepiscopus
1754 2298 2028 2363 Pisanus
2091 2304 2157 2362 et
2211 2297 2540 2364 Antonius
2602 2302 2932 2386 episcopus

620 2399 1068 2476 Florentium,
1119 2399 1427 2484 adjuncto
1474 2391 1669 2463 Petro
1715 2396 1958 2461 Judicis
2004 2398 2311 2461 canonico
2339 2395 2732 2474 Veronensi,
2789 2397 2931 2463 Flo-

617 2498 867 2563 rentiae
921 2495 1226 2562 tredecim
1276 2495 1702 2579 Templarios,
1758 2492 2055 2559 videlicet
2107 2515 2217 2558 sex
2265 2493 2504 2560 milites
2562 2500 2629 2561 et
2682 2501 2931 2582 septem

619 2596 852 2660 fratres
895 2595 1245 2659 servientes
1293 2594 1768 2657 examinarunt.
1859 2589 2101 2655 Milites
2153 2590 2269 2669 illi,
2319 2590 2496 2655 inter
2539 2613 2699 2676 quos
2745 2597 2933 2659 erant

619 2692 745 2756 duo
796 2680 1277 2773 Praeceptores',
1334 2690 1514 2754 nulla
1571 2688 1860 2754 adhibita
1914 2690 2195 2769 tortura,
2248 2688 2427 2773 varia
2474 2689 2742 2754 crimina
2788 2712 2931 2755 con-

619 2787 768 2854 fessi
829 2796 1005 2853 sunt.
1056 2780 1072 2800 ⁸
1119 2786 1339 2862 Quoad
1386 2777 1631 2851 >fra‘tres
1693 2784 2045 2851 servientes
2112 2783 2461 2849 advertunt
2518 2787 2932 2852 commissarii

618 2886 687 2949 in
732 2905 849 2947 sua
895 2884 974 2947 ad
1020 2881 1401 2948 Pontificem
1446 2883 1789 2960 relatione,
1846 2901 1953 2945 eos
1996 2879 2160 2944 nihil
2215 2879 2534 2945 confessos
2584 2904 2752 2961 esse,
2812 2883 2932 2947 etsi

618 3129 777 3178 tenus
815 3123 882 3178 de
918 3123 1079 3192 culpa
1117 3121 1282 3177 totius
1318 3120 1545 3176 Ordinis
1590 3122 1807 3191 agitur,
1856 3129 2005 3178 certe
2041 3123 2189 3177 haud
2234 3122 2316 3178 ita
2352 3123 2529 3193 accipi
2565 3129 2821 3192 possunt,
2866 3137 2933 3176 ac

619 3201 666 3255 si
702 3201 980 3270 propriam
1021 3201 1233 3268 culpam
1271 3200 1486 3268 plurimi
1528 3216 1637 3255 non
1677 3200 1911 3256 confessi
1950 3201 2079 3256 sint.

800 3300 841 3361 ¹)
879 3300 945 3354 V.
983 3298 1197 3361 Hefele,
1235 3298 1274 3351 1.
1312 3315 1355 3352 c.

793 3394 837 3461 ¹)
873 3396 942 3449 In
991 3394 1220 3449 civitate
1259 3395 1434 3450 Elena
1483 3411 1544 3450 eo
1594 3401 1839 3464 tempore
1887 3396 2044 3450 sedes
2093 3395 2423 3462 episcopalis
2474 3401 2594 3450 erat
2637 3395 2932 3449 comitatus

617 3474 979 3531 Ruscinensis
1023 3473 1406 3541 (Roussillon).
1481 3474 1790 3529 Comitatus
1821 3473 1885 3528 'is
1934 3475 2150 3543 quidem
2195 3474 2266 3528 ad
2310 3491 2538 3543 regnum
2586 3473 2934 3543 Arragoniae

615 3554 928 3623 pertinebat
944 3596 958 3621 ‚
1013 3554 1107 3607 sed
1166 3553 1454 3621 episcopus
1511 3553 1734 3608 suberat
1792 3553 2215 3622 metropolitano
2275 3552 2682 3620 Narbonnensi‚
2736 3569 2771 3608 a
2824 3567 2930 3620 quo

618 3649 842 3688 examen
891 3630 1354 3700 Templariorum‚
1406 3632 1642 3687 militum
1695 3639 1750 3688 et
1799 3633 2030 3687 fratrum
2073 3634 2144 3686 25
2197 3633 2290 3701 qui
2328 3633 2534 3688 Elenae
2579 3633 2635 3688 in
2667 3632 2929 3700 ipsorum

616 3712 843 3768 aedibus
880 3712 1155 3779 (Mansum
1194 3709 1321 3781 Dei)
1367 3712 1776 3779 detinebantur,
1826 3712 2146 3780 Raymundo
2192 3712 2447 3781 episcopo
2485 3713 2745 3768 Elenensi
2788 3727 2932 3767 com-

615 3790 785 3845 missa
833 3798 936 3845 est.
1017 3788 1254 3843 Tortura
1298 3805 1407 3845 non
1451 3790 1561 3845 fuit
1606 3790 1880 3857 adhibita,
1935 3806 2121 3846 omnes
2169 3796 2352 3846 autem
2401 3792 2825 3857 contenderunt,
2871 3805 2933 3844 se

616 3885 739 3925 reos
778 3884 884 3924 non
922 3884 1063 3923 esse.
1135 3869 1545 3924 Advertendnm
1597 3877 1712 3936 est,
1757 3872 1868 3925 hos'
1896 3870 2237 3937 Templarios
2285 3870 2458 3926 fuisse
2495 3872 2930 3939 Arragonenses,

618 3949 708 4017 qui
760 3965 880 4003 cum
917 3947 1246 4015 Templariis
1283 3948 1550 4004 Franciae
1595 3949 1971 4005 commercium
2018 3964 2127 4004 non
2176 3949 2466 4004 habebant.
2538 3950 2700 4004 Haud
2742 3948 2932 4003 viden·

617 4036 712 4084 tur
747 4033 904 4083 extra
942 4042 1173 4095 regnum
1218 4025 1560 4096 Arragoniae
1605 4029 1806 4095 fuisse,
1852 4028 1960 4083 imo
1998 4030 2188 4098 plures
2236 4045 2449 4097 semper
2488 4029 2693 4085 Elenae
2734 4025 2934 4082 morati

618 4108 879 4165 fuerant„
928 4106 1085 4160 Unde
1121 4104 1241 4161 fieri
1276 4108 1484 4176 potuit,
1522 4113 1584 4162 ut
1621 4124 1656 4161 a
1692 4107 2043 4176 corruptione
2080 4111 2264 4163 essent
2299 4108 2594 4176 immunes3
2642 4122 2732 4163 res
2768 4105 2934 4160 dubia

619 4188 854 4243 videtur.
