3281 5014
660 436 765 488 230
1080 434 1315 488 XXXII.
1353 433 1434 489 De
1469 433 1831 489 Pontificibus
1866 434 2152 489 Avenione
2189 434 2550 489 commoratiS.

374 593 606 662 Decretum
663 574 868 642 nullis
931 574 1181 641 clericis
1247 578 1308 639 et
1363 573 1669 658 personis
1731 572 2173 639 ecclesiasticis
2234 570 2557 657 reliqiosis
2623 577 2684 638 et
2751 593 2969 639 saecu·

331 651 565 695 ⁰¹⁰¹¹¹⁰¹¹t²⁸
593 655 646 696 v·
665 671 940 752 laribus,
986 671 1392 737 diversorum
1436 669 1772 750 ordinum,
1820 669 2192 754 diqnitatis‚
2241 669 2684 736 conditionum
2735 673 2795 735 et
2839 674 2971 736 sta-

665 772 878 849 tuum,
924 767 1440 852 patriarchales,
1498 765 2070 851 archiepiscopales
2122 771 2184 831 et
2227 766 2612 849 episcopales
2656 765 2970 846 ecclesias,

662 857 748 930 ac⁴
790 864 1186 930 monasteria
1243 862 1553 930 distincta
1594 862 2002 947 pastoribus,
2064 862 2183 929 sub
2244 863 2648 929 commendae
2704 862 2802 928 vel
2863 883 2970 928 cu·

661 961 933 1041 stodiae,
994 981 1107 1026 seu
1153 981 1349 1026 curae
1405 959 1505 1026 vel
1550 959 1921 1043 quardiae,⁸
1961 964 2082 1027 aut
2125 957 2723 1025 administrationis
2779 958 2974 1026 titulo

660 1058 995 1124 nomineve
1039 1056 1342 1138 notabili,
1398 1056 1714 1122 duximus
1757 1062 2073 1140 perpetuo
2126 1057 2214 1122 ad
2268 1056 2473 1122 vitam
2524 1076 2640 1122 seu
2683 1056 2770 1130 ad
2813 1055 2974 1121 certi

662 1154 969 1238 temporis
1010 1153 1300 1237 spatium
1345 1152 1824 1219 committenda.
1919 1153 2130 1237 Super
2174 1153 2296 1234 his,
2343 1174 2433 1219 an
2478 1152 2638 1218 tales
2680 1151 2974 1218 videlicet

527 1244 531 1248 ⁴
663 1255 1008 1333 tantasque
1060 1249 1320 1334 qratias
1371 1269 1495 1332 per
1553 1270 1673 1316 nos
1726 1249 1875 1330 fieri
1933 1250 2278 1329 decuisset,
2338 1249 2679 1315 variorum
2737 1248 2975 1315 arduo·

660 1368 814 1413 rum
881 1346 1288 1430 neqotiorum
1356 1344 1839 1429 multiplicitate
1903 1345 2236 1426 distracti,
2313 1366 2517 1429 usque
2580 1344 2667 1411 ad
2725 1350 2976 1429 tempus

662 1464 788 1526 quo
830 1443 1218 1524 infirmitate
1259 1442 1424 1507 satis
1459 1442 1829 1525 periculosa
1858 1464 1976 1509 nos
2020 1441 2126 1508 his
2155 1442 2380 1509 diebus
2423 1441 2719 1508 visitavit
2753 1442 2973 1507 Omni-

652 1544 884 1623 potens
897 1588 915 1621 ,
978 1538 1390 1622 nequivimus
1452 1538 1737 1623 coqitare
1793 1539 2109 1623 plenarie.
2229 1537 2463 1604 Verum
2519 1538 2592 1605 in
2646 1538 2977 1604 debilitate

661 1635 874 1719 ipsius
920 1635 1358 1720 aeqritudinis
1401 1635 1758 1716 constituti,
1800 1656 1843 1702 a
1885 1635 2293 1720 neqotiorum
2337 1640 2686 1719 utcumque
2729 1635 2973 1701 discus-

663 1732 841 1798 sione
886 1732 1137 1813 semoti,
1193 1732 1280 1798 ad
1323 1731 1439 1798 hoc
1496 1731 1615 1798 sub
1662 1732 1962 1816 diliqenti
2015 1733 2314 1799 examine
2355 1731 2719 1799 diremimus
2772 1732 2977 1798 aciem

662 1833 924 1895 nostrae
969 1828 1221 1910 mentis,
1268 1829 1649 1910 demumque
1687 1829 2144 1912 prospeximus
2186 1828 2531 1907 evidenter,
2578 1829 2749 1911 quod
2790 1828 2976 1895 eccle-

664 1925 919 1992 siarum
965 1930 1026 1991 et
1070 1924 1613 1991 monasteriorum
1660 1925 2025 1991 eorumdem
2071 1945 2232 1992 cura
2277 1925 2654 2010 neqliqitur,
2709 1925 2874 1991 bona
2916 1929 2978 1991 et

652 2022 821 2105 jura
866 2022 1279 2105 dissipantur
1318 2020 1644 2106 ipsorum,
1701 2042 1778 2088 ac
1821 2022 2125 2106 subjectis
2172 2022 2266 2088 eis
2314 2022 2617 2104 personis
2663 2025 2724 2087 et
2769 2043 2977 2105 popu-

667 2119 749 2184 lis
803 2117 1244 2203 spiritualiter
1291 2116 1661 2202 plurimum
1710 2123 1772 2184 et
1827 2118 2271 2202 temporaliter
2323 2119 2703 2203 deroqatur‚
2765 2119 2984 2200 eisque

665 2216 1039 2282 redundant
1092 2214 1180 2280 ad
1228 2235 1470 2281 noxam
1527 2235 1695 2297 quae
1737 2214 2120 2282 dicebantur
2180 2216 2395 2282 cedere
2457 2216 2544 2281 ad
2594 2216 2981 2299 perfectum,

667 2334 743 2379 ac
801 2312 1040 2379 nedum
1100 2311 1293 2395 ipsis,
1362 2311 1472 2376 sed
1533 2312 1730 2377 etiam
1793 2312 2135 2378 Romanae
2202 2311 2406 2378 matri
2468 2311 2763 2379 ecclesiae
2822 2363 2836 2377 .
2894 2361 2909 2377 .
2966 2363 2980 2377 .

660 2409 977 2494 qraviora
1019 2407 1172 2474 inde
1208 2408 1448 2491 futura
1495 2407 1814 2474 timentur
1848 2407 2171 2492 pericula.
2262 2408 2568 2474 Nolentes
2620 2408 2832 2493 iqitur
2874 2407 2979 2473 his

668 2512 760 2573 tot
809 2512 869 2573 et
927 2506 1134 2573 tantis
1188 2504 1546 2590 dispendiis
1601 2505 1882 2572 ulterius
1937 2526 2204 2572 causam
2261 2505 2655 2589 relinquere,
2720 2506 2831 2572 sed
2871 2527 2977 2570 vo-

668 2604 867 2670 lentes
902 2602 1129 2689 potius
1174 2606 1616 2692 opportunum
1663 2607 1724 2668 et
1769 2602 2055 2670 debitum
2111 2603 2182 2668 in
2230 2602 2352 2669 hac
2385 2608 2581 2686 parte
2624 2602 2978 2669 remedium

669 2698 997 2781 adhibere,
1057 2719 1275 2765 omnes
1320 2702 1382 2764 et
1426 2697 1726 2781 sinqulas
1763 2699 2229 2781 promissiones
2286 2698 2660 2783 hujusmodi
2693 2720 2818 2784 per
2862 2719 2980 2764 nos

669 2799 772 2877 (ut
806 2795 1297 2881 praemittitur)
1337 2796 1579 2879 factas,
1640 2794 2148 2878 quibuscumque
2201 2796 2661 2881 cujuscumque
2706 2795 2980 2875 ordinis,

669 2892 1017 2977 diqnitatis
1070 2895 1189 2958 aut
1233 2895 1473 2972 status,
1531 2891 1640 2955 sed
1697 2890 1893 2956 etiam
1942 2892 2221 2959 Sanctae
2265 2892 2607 2958 Romanae
2654 2890 2982 2958 Ecclesiae

675 2988 1159 3069 Cardinalibus,
1205 3009 1604 3071 quocumque
1652 2988 1836 3054 modo
1881 2988 1978 3055 vel
2026 2994 2302 3074 tempore
2345 2988 2562 3072 factae
2604 2991 2980 3068 noscantur,

672 3085 1059 3153 auctoritate
1106 3083 1476 3169 Apostolica
1528 3104 1609 3148 ex
1666 3105 1843 3150 nunc
1899 3105 1981 3150 ex
2036 3090 2211 3151 certa
2256 3084 2529 3152 scientia
2587 3104 2980 3164 revocamus,

671 3203 1002 3250 cassamus
1054 3186 1115 3247 et
1170 3180 1623 3262 annullamus,
1688 3185 1750 3246 et
1806 3179 2208 3248 decernimus
2252 3181 2328 3247 de
2388 3186 2636 3247 caetero
2688 3202 2821 3249 non
2865 3179 2980 3245 ha-

674 3279 814 3345 bere
882 3277 1173 3360 aliquam
1234 3275 1486 3343 roboris
1543 3276 1997 3360 firmitatem.¹)
2071 3315 2159 3324 —
2230 3278 2496 3344 Errores
2567 3285 2702 3345 tam
2774 3280 2981 3363 splen·

671 3377 814 3441 dide
893 3375 1214 3441 emendati
1284 3374 1452 3441 laudi
1525 3377 1721 3441 etiam
1792 3380 2057 3441 vertunt
2131 3382 2198 3441 et
2268 3376 2528 3462 gloriae.
2650 3375 2757 3442 An
2827 3397 2981 3441 vero

671 3474 739 3538 in
797 3474 935 3557 ipsa
992 3495 1207 3537 rerum
1270 3472 1650 3537 executione
1711 3495 1812 3537 res
1873 3472 2251 3556 processerit
2314 3471 2636 3538 Clementi
2699 3496 2774 3538 ex
2839 3473 2982 3538 ani-

674 3592 804 3653 m0‚
876 3592 1010 3635 non
1078 3570 1344 3634 omnino
1409 3569 1633 3654 liquet.
1748 3568 1846 3633 Ex
1913 3569 2331 3654 querimoniis
2392 3569 2684 3635 Durandi
2748 3569 2982 3635 Mima-

671 3668 873 3733 tensis
940 3671 1227 3750 tempore
1293 3665 1562 3731 Concilii
1618 3664 2012 3730 Viennensis
2077 3666 2290 3752 colligi
2363 3671 2607 3750 potest,
2676 3665 2983 3731 Cardina-

673 3767 765 3829 les
827 3763 1032 3828 adhuc
1092 3761 1388 3828 habuisse
1450 3762 1875 3828 commendas.
1983 3761 2152 3838 Quas
2214 3763 2368 3846 ipsis
2432 3762 2599 3827 forte
2659 3762 2828 3828 haud
2881 3785 2982 3826 re·

675 3882 873 3925 nuere
932 3858 1141 3943 potuit
1188 3858 1510 3939 Clemens,
1568 3881 1651 3922 ne
1707 3858 2080 3924 necessariis
2131 3859 2337 3923 *statui
2390 3882 2506 3926 suo
2565 3859 2984 3943 proventibus

674 3961 986 4022 carerent.

857 4164 898 4231 ¹)
935 4164 1162 4217 Extrav.
1201 4178 1388 4216 comm.
1429 4160 1488 4213 L.
1530 4160 1634 4215 III.
1673 4163 1733 4214 Τ.
1770 4161 1844 4215 ΙΙ.
1884 4162 1950 4215 de
1986 4161 2311 4229 praebendis
2350 4166 2408 4217 et
2445 4161 2645 4230 dignit.
2685 4177 2728 4216 c.
2768 4161 2842 4217 ΙΙ.
