3281 5014
690 379 792 430 182
1106 377 1336 431 XXXII.
1375 377 1457 432 De
1492 378 1854 433 Pontificibus
1892 380 2173 436 Avenione
2210 383 2574 437 commoratis.

686 517 941 601 scriptis
989 518 1264 582 Romani
1307 518 1636 584 Pontificis
1683 523 2132 587 auctoritatem
2181 525 2539 589 convellere
2584 525 2994 593 studuerunt.

688 614 1163 724 Auctoritatem
1220 614 1515 680 videlicet
1562 615 1894 683 Pontificis
1953 618 2369 700 doctrinalem
2429 621 2835 705 impudenter
2889 644 2998 707 ag-

685 732 885 795 gressi
901 703 1122 787 suiit's
1156 712 1348 776 simul
1377 733 1527 776 vero
1570 697 2163 779 subordinationem
2198 711 2518 807 Ecclesiae
2561 719 2682 782 sub
2723 718 2998 804 Imperio

689 806 1021 871 adstruere
1064 806 1473 875 studuerunt.

862 940 964 1003 36.
1019 937 1292 1003 Μ10113ἓ1
1342 938 1656 1004 Caesenas
1712 946 1939 1006 contra
2003 942 2555 1009 Constitutionem
2608 943 2769 1010 Oum
2823 944 2999 1010 inter

686 1034 1034 1102 nonnullos
1102 1036 1408 1119 scriptum
1477 1036 1906 1115 elucubravit,
1974 1060 2101 1121 quo
2179 1062 2216 1103 a
2280 1043 2604 1107 sententia
2664 1041 2998 1106 Pontificis

687 1131 763 1196 de
843 1136 1223 1216 paupertate
1307 1130 1544 1195 Christi
1621 1132 1701 1197 ad
1779 1132 2093 1217 judicium
2170 1134 2488 1202 Ecclesiae
2575 1138 2939 1222 appellavit,
2949 1135 2998 1219 1)

687 1250 963 1312 moxque
1032 1229 1226 1292 etiam
1293 1250 1435 1293 cum
1504 1226 1777 1293 Occamo
1842 1252 2134 1314 expresse
2201 1234 2567 1316 contendit,
2640 1236 2997 1298 Romanum

692 1324 1068 1389 Pontificem
1128 1324 1199 1389 in
1259 1324 1448 1389 rebus
1508 1325 1654 1422 fidei
1721 1348 1933 1391 errare
1982 1350 2207 1416 posse,
2276 1284 2594 1394 Joannem
2646 1352 2724 1395 ue
2788 1330 2996 1396 XXII.

686 1444 907 1487 revera
968 1443 1242 1501 errasse,
1300 1428 1494 1506 atque
1552 1415 1651 1485 sic
1670 1411 2060 1488 doctrinam
2119 1446 2193 1490 eo
2249 1354 2830 1511 tempore‘iiqbique
2893 1450 2997 1491 va-

687 1520 928 1583 lentem
973 1505 1138 1583 de
1094 1518 1563 1583 infallibilitate
1612 1517 1886 1583 Romani
1937 1519 2268 1586 Pontificis
2317 1523 2742 1607 impugnavit.
2836 1523 2998 1588 Cum

687 1616 832 1681 aliis
902 1616 1218 1680 erroribus
1292 1613 1622 1679 Μ10113ἓ11ε
1692 1616 1887 1680 etiam
1955 1616 2129 1682 hunc
2197 1619 2568 1684 solemniter
2636 1621 3041 1704 reprobavit·

687 1734 860 1778 anno
919 1712 1083 1776 1331
1148 1713 1451 1796 generale
1510 1710 1835 1776 Minorum
1896 1707 2265 1796 Capitulum
2321 1716 2450 1779 illis
2514 1717 2749 1781 verbis:
2817 1714 3001 1795 Quod

687 1807 1015 1873 seminant
1074 1806 1367 1871 haereses
1418 1825 1503 1889 pa
1512 1809 1721 1872 tenter
1774 1812 2047 1891 apparet
2106 1829 2185 1873 ex
2244 1809 2519 1875 diversis
2571 1809 2890 1877 schedulis
2938 1816 3001 1875 et

689 1903 953 1984 litteris,
1025 1923 1190 1985 quas
1252 1901 1627 1969 examinari
1683 1924 1808 1985 per
1876 1906 2294 1988 quamplures
2359 1927 2583 1972 sacrae
2651 1906 3001 1991 theoloqiae

688 2003 972 2067 doctores
1040 2003 1101 2064 et
1167 1999 1333 2065 alios
1405 2000 1481 2065 irc
1550 1998 1868 2084 theoloyia
1923 2001 2173 2084 peritos
2237 2002 2544 2084 fecimus;
2620 2024 2700 2069 ex
2766 2003 3001 2085 quibus

688 2096 1049 2164 evidentius
1090 2096 1488 2180 colliyuntur
1520 2117 1774 2161 errores
1807 2096 2108 2182 plurim-i,
2158 2098 2274 2180 qui
2315 2103 2536 2164 ‘nostro
2578 2106 2637 2165 et
2680 2100 2998 2165 dictorum

688 2194 1037 2273 doctorum,
1083 2214 1198 2259 seu
1243 2192 1462 2259 verius
1507 2192 1904 2259 universalis
1940 2193 2268 2259 Ecclesiae
2291 2195 2549 2278 judicio
2583 2196 3001 2262 haereticales

688 2290 919 2356 merito
974 2295 1130 2356 sunt
1188 2289 1484 2355 censendi
1486 2338 1790 2355 .....
1851 2289 2144 2370 Quartus
2196 2312 2380 2357 error
2425 2292 2834 2359 haereticalis
2886 2299 2996 2374 est,

692 2383 861 2471 quod
923 2382 1430 2453 Constitutiones
1477 2407 1603 2468 per
1665 2385 2040 2453 Romanum
2102 2386 2480 2469 Pontificem
2543 2389 2844 2456 canonice
2902 2390 3003 2455 in-

594 2527 600 2532 ·
693 2487 977 2551 trantem
1037 2482 1245 2549 editae
1306 2482 1380 2548 de
1440 2480 1708 2548 consilio
1769 2482 1944 2548 sacri
2005 2504 2082 2549 ac
2142 2482 2350 2564 fidelis
2412 2486 2661 2571 colleqii
2719 2485 3003 2552 domino-

693 2603 843 2647 rum
913 2580 1369 2648 Cardinalium
1432 2584 1589 2645 sunt
1652 2578 2081 2663 haereticae.²)
2190 2582 2738 2649 Commemoratur
2803 2584 3003 2649 consi-

693 2681 849 2744 lium
910 2680 1378 2757 Cardinalium,
1455 2677 1608 2761 quia
1680 2678 1825 2742 inde
1898 2681 2300 2764 agnoscitur,
2371 2679 2753 2746 Pontificem
2824 2682 3006 2746 edere

695 2799 771 2842 ex
832 2777 1044 2842 officio
1106 2775 1500 2842 sententiam
1560 2773 1984 2854 definitivam,
2059 2798 2132 2841 ac
2192 2800 2326 2841 non
2390 2778 2762 2861 simpliciter
2822 2800 3004 2842 suam

694 2873 1063 2958 opinionem
1144 2871 1576 2936 manifestare.
1702 2869 1897 2936 Anno
1972 2873 2137 2936 1349
2223 2896 2424 2957 quum
2508 2875 2723 2958 plures
2788 2873 3002 2937 Frati—

692 2970 866 3047 celli,
928 2970 1103 3033 inter
1164 2990 1324 3052 quos
1380 2965 1609 3033 Occam
1667 2967 1866 3032 fuisse
1922 2968 2206 3044 videtur,
2268 2971 2346 3034 ad
2405 2970 2835 3035 obedientiam
2884 2968 3003 3033 Ec·

619 3075 660 3121 ⁸<
692 3066 923 3131 clesiae
999 3067 1513 3141 reverterentur,
1591 3063 1862 3148 professi
1933 3071 2122 3141 sunt,
2196 3084 2262 3128 se
2337 3064 2588 3130 credere
2662 3068 2724 3130 et
2793 3070 3004 3130 tenere

692 3161 863 3244 quod
922 3159 1151 3240 credit,
1208 3163 1378 3224 tenet
1432 3163 1491 3222 et
1546 3158 1723 3224 docet
1773 3163 2002 3224 sancta
2049 3164 2259 3225 mater
2314 3160 2572 3227 ecclesia
2625 3159 3003 3243 Romana.⁸)

694 3258 802 3324 Sic
867 3259 977 3322 isti
1046 3257 1376 3321 Fraticelli
1454 3257 1639 3349 primi
1708 3257 1885 3322 fuere
1959 3258 2022 3320 in
2096 3256 2472 3338 Occidente,
2552 3261 2663 3344 qui
2729 3258 3003 3323 Romani

697 3354 1025 3420 Pontificis
1083 3353 1614 3418 infallibilitatem
1677 3358 2020 3451 negarunt.
2122 3356 2341 3439 Atque
2401 3309 2541 3420 ttim
2601 3355 2718 3420 hac
2782 3355 2852 3418 in
2913 3377 3002 3437 re,

694 3463 835 3517 tum
897 3453 966 3517 in
1034 3451 1174 3515 aliis
1246 3441 1652 3532 opinionibus
1719 3437 2172 3515 auctoritatem
2240 3451 2674 3517 Romanorum
2735 3449 3005 3515 Pontifi-

695 3571 838 3614 cum
893 3547 1329 3622 laedentibus,
1394 3545 1508 3610 hos
1564 3550 1787 3629 postea
1844 3547 2102 3630 quidam
2160 3548 2335 3612 inter
2384 3547 2744 3612 Catholicos
2803 3547 3003 3612 secuti

695 3650 867 3711 sunt.
962 3644 1195 3708 Merito
1245 3638 1537 3708 videlicet
1583 3642 1868 3708 Joannes
1916 3644 1991 3708 de
2038 3643 2538 3726 Turrecremata,
2585 3647 2695 3728 qui
2742 3645 2808 3708 in
2857 3664 3003 3724 syn·

698 3742 816 3807 odo
863 3741 1216 3805 Basileensi
1266 3740 1744 3825 praerogativas
1789 3732 2048 3804 sanctae
2096 3738 2272 3805 Sedis
2337 3739 2656 3821 defendit,
2736 3741 3004 3805 miratus

880 3947 918 4018 ¹)
956 3948 1225 4017 Raynald.
1264 3964 1311 4001 a.
1354 3949 1509 3999 1328.
1546 3962 1597 3998 11.
1636 3947 1721 4002 65.

876 4028 920 4096 ²)
958 4027 1225 4094 Raynald.
1266 4044 1314 4081 a.
1355 4027 1507 4079 1331.
1546 4041 1598 4078 11.
1637 4025 1720 4076 51.

875 4106 920 4172 ⁸)
959 4106 1092 4160 Ibid.
1131 4123 1178 4158 a.
1221 4106 1372 4159 1349.
1411 4122 1463 4158 n.
1505 4105 1585 4156 16.
