3281 5014
789 359 870 412 De
909 358 1142 412 decretis
1181 358 1450 413 Sessionis
1489 367 1716 427 quartae
1758 366 1813 415 ct
1851 361 2089 428 quintae.
2356 379 2371 394 ·
2495 367 2599 417 303

1389 638 1482 705 ΙΙ.

482 784 612 847 De
656 782 1006 847 decretis
1053 781 1454 847 Sessionis
1499 790 1860 863 quartae
1904 789 1982 848 et
2025 785 2397 864 quintae.

461 938 566 1001 22.
643 937 917 1001 Decreta
987 961 1151 1021 quae
1221 940 1290 1001 in
1371 937 1639 1002 Concilii
1720 938 2241 1003 Constantiensis
2317 939 2598 1003 sessione

283 1041 523 1119 quarta
569 1040 635 1097 et
680 1035 910 1119 quinta
956 1035 1216 1099 condita
1264 1035 1470 1109 fuere,
1528 1041 1747 1117 postea
1804 1056 2109 1119 magnam
2166 1035 2398 1120 adepta
2443 1041 2600 1101 sunt

286 1131 757 1208 celebritatem,
841 1153 918 1194 ex
987 1131 1549 1216 argumentatione
1629 1154 1848 1200 eorum
1918 1131 2027 1215 qui
2101 1132 2599 1203 contendebant,

284 1228 645 1293 Concilium
691 1230 989 1311 generale
1047 1250 1181 1292 esse
1237 1251 1430 1312 supra
1479 1228 1843 1292 Romanum
1892 1228 2269 1294 Pontificem
2321 1236 2387 1295 et
2431 1230 2604 1294 hunc

286 1327 342 1388 ei
410 1325 755 1409 subjacere.
871 1325 952 1389 In
1013 1324 1448 1390 declaratione
1519 1348 1684 1409 quae
1758 1326 1991 1390 dicitur
2049 1326 2221 1391 Cleri
2285 1325 2602 1392 Gallicani

286 1445 340 1485 a.
403 1422 570 1486 1682
638 1422 1050 1485 statuebatur
1111 1422 1253 1486 Art.
1303 1422 1415 1486 IL:
1483 1420 1591 1486 Sic
1656 1426 1874 1487 autem
1936 1421 2144 1487 inesse
2200 1422 2605 1505 Apostolicae

289 1517 442 1582 Sedi
504 1536 579 1581 ac
634 1517 818 1582 Petri
878 1517 1376 1596 successoribuS,
1446 1516 1704 1583 Christi
1765 1518 2061 1597 vicarii-9,
2124 1540 2347 1585 rerum
2412 1518 2604 1601 spiri·

287 1614 572 1680 tualium
628 1614 887 1695 plenam
931 1618 1346 1696 potestatem,
1405 1619 1482 1679 ut
1537 1614 1735 1680 simul
1783 1615 2045 1680 valeant
2100 1620 2295 1697 atque
2340 1615 2607 1679 immota

283 1710 649 1777 consistant
692 1715 954 1776 sanctae
1001 1711 1440 1776 oecumenicae
1486 1710 1738 1793 Synodi
1774 1710 2313 1791 Constantiensis,
2362 1732 2402 1775 a
2449 1709 2607 1775 Sede

289 1806 660 1891 Apostolica
725 1806 1162 1889 comprobata,
1225 1806 1488 1889 ipsoque
1550 1807 2005 1873 Romanorum
2071 1808 2461 1887 Pontificum
2531 1827 2607 1871 ac

287 1904 489 1969 totius
535 1903 863 1969 Ecclesiae
908 1924 1036 1968 usu
1095 1904 1508 1984 confirmata,
1567 1908 1762 1985 atque
1811 1904 1890 1969 ab
1946 1904 2208 1971 ecclesia
2259 1904 2608 1971 Gallicana

285 2005 598 2084 perpetua
676 2000 988 2084 reliyione
1057 2000 1378 2067 custodita
1437 2000 1691 2064 decreta
1765 2001 1841 2064 de
1921 2001 2309 2066 auctoritate
2384 2000 2602 2067 Conci-

286 2098 529 2163 liorum
591 2096 1025 2180 qeneralium‚
1098 2118 1261 2179 quae
1327 2097 1604 2162 sessione
1671 2101 1914 2178 quarta
1979 2102 2038 2161 et
2115 2098 2348 2179 quinta
2406 2097 2605 2163 conti-

286 2198 534 2260 nentur
553 2244 569 2275 ,
626 2214 740 2259 nec
787 2194 1067 2276 probari
1112 2214 1153 2258 a
1207 2193 1556 2259 Gallicana
1613 2193 1903 2271 ecclesia,
1964 2194 2079 2276 qui
2134 2215 2356 2259 eorum
2402 2195 2609 2259 decre-

288 2296 534 2370 torum,
600 2290 790 2372 quasi
853 2290 1087 2356 dubiae
1147 2291 1282 2356 sint
1343 2290 1759 2357 auctoritatis
1816 2310 1890 2355 ac
1944 2290 2199 2356 minus.
2230 2289 2609 2373 approbata,

286 2387 492 2452 robur
555 2387 973 2470 infrinqunt,
1052 2392 1171 2453 aut
1238 2388 1324 2452 ad
1391 2388 1598 2453 solum
1670 2386 2042 2452 schismatis
2112 2392 2361 2470 tempus
2435 2386 2609 2451 dicta

286 2485 682 2568 detorquent.
779 2485 872 2552 Ut
916 2488 1116 2571 igitur
1161 2487 1237 2551 de
1284 2484 1384 2550 his
1434 2486 1703 2550 decretis
1744 2485 2060 2570 judicium
2108 2486 2419 2563 feramus,
2478 2485 2607 2570 pri·—

291 2606 463 2647 mum
513 2584 769 2648 decreta
816 2586 954 2667 ipsa
1000 2605 1458 2667 proponemus,
1515 2582 1666 2646 dein
1715 2605 1799 2647 an
1848 2583 2197 2647 auctoritas
2244 2583 2396 2666 ipsis
2450 2583 2608 2646 insit

289 2681 816 2746 examinabimus,

471 2813 573 2876 23.
638 2813 848 2888 Quum
912 2811 1201 2887 Joannes
1266 2809 1522 2876 XXIII.
1582 2810 1970 2875 Constantia
2031 2811 2420 2895 aufugisset,
2482 2832 2611 2875 ses-

288 2908 469 2973 sione
516 2909 744 2991 tertia,
801 2911 897 2973 uti
948 2909 1249 2985 vidimuS,
1314 2908 1711 2972 declaratum
1769 2907 1928 2984 fuit,
1991 2905 2315 2991 Synodum
2376 2907 2611 2971 nihilo-

294 3006 506 3069 minus
561 3006 1064 3071 continuandam
1117 3027 1272 3071 esse.
1363 3002 1659 3069 Sessione
1705 3009 1920 3067 autem
1980 3007 2214 3087 quarta
2260 3009 2325 3067 et
2381 3003 2614 3086 quinta

294 3103 469 3166 inter
535 3103 661 3167 alia
728 3102 888 3167 haec
950 3102 1121 3167 edita
1179 3103 1362 3166 fuere
1424 3100 1708 3164 decreta:
1779 3098 1961 3163 Haec
2020 3101 2247 3164 sancta
2308 3097 2611 3180 Synodus

296 3195 845 3276 Constantiensis,
897 3196 1198 3280 qeneral'e
1248 3194 1610 3262 Concilium
1646 3194 1914 3277 faciens
1964 3216 2086 3276 pro
2144 3194 2612 3278 exstirpatione

290 3294 505 3378 ipsius
549 3294 919 3359 schismatis
964 3298 1025 3358 et
1070 3293 1312 3359 unione
1366 3298 1427 3358 et
1478 3291 1946 3375 reformatione
1990 3291 2317 3357 Ecclesiae
2363 3291 2495 3356 Dei
2539 3291 2612 3357 in

292 3391 504 3474 capite
558 3395 619 3456 et
674 3391 1008 3469 membris,
1069 3391 1155 3455 ad
1213 3390 1470 3455 laudem
1526 3387 1988 3470 omnipotentis
2033 3388 2164 3453 Dei
2218 3388 2293 3453 in
2352 3387 2613 3473 Spiritu

294 3487 536 3552 Sancto
591 3488 872 3571 leqitime
915 3491 1330 3571 conqreyata,
1388 3487 1473 3551 ad
1524 3485 2035 3567 consequendum
2087 3484 2385 3567 facilius,
2440 3505 2613 3549 secu-

293 3585 462 3664 rius,
510 3583 782 3650 liberius
829 3585 1133 3650 unionem
1184 3588 1246 3647 et
1290 3582 1823 3665 reformationem
1866 3580 2198 3645 Ecclesiae
2243 3581 2395 3661 Dei,
2444 3581 2613 3645 ordi-

295 3684 434 3760 nat,
479 3680 705 3761 definit
751 3686 812 3746 et
856 3680 1144 3747 declarat
1188 3685 1264 3746 ut
1308 3678 1638 3762 sequitur:

473 3787 566 3851 Et
603 3788 824 3869 primo
869 3787 1176 3867 declarat,
1229 3786 1398 3870 quod
1442 3785 1589 3868 ipsa
1635 3784 1710 3850 in
1758 3783 2019 3867 Spiritu
2049 3782 2289 3849 Sancto
2336 3781 2616 3865 leqitime

300 3889 689 3966 conyreqata
750 3883 1109 3951 Concilium
1164 3883 1468 3969 yenerale
1518 3881 1772 3966 faciens
1827 3886 1888 3946 et
1934 3879 2295 3947 Ecclesiam
2349 3878 2615 3944 catholi-

298 4000 439 4046 cam
503 3986 1035 4064 repraesentans,
1098 3985 1482 4066 potestatem
1545 4000 1586 4045 a
1649 3979 1911 4045 Christo
1975 3975 2347 4044 immediate
2410 3975 2615 4053 habet,

296 4077 408 4142 cui
472 4077 769 4160 quilibet,
799 4079 1110 4162 cujusque
1172 4083 1386 4144 status
1441 4076 1536 4142 vel
1592 4074 1968 4160 diynitatis,
2042 4073 2301 4139 etiamsi
2351 4070 2619 4156 papalis

404 4191 669 4243 Jungmann,
699 4192 1052 4235 Dissertationes.
1106 4193 1229 4234 Tom.
1259 4193 1340 4234 VI.
2339 4179 2408 4229 20

2686 960 2873 1000 Decreta

2681 1020 2881 1063 celebria.

2648 3103 2928 3145 Decretorum

2708 3165 2870 3205 textus.
