3281 5014
631 415 732 466 156
1049 412 1278 466 XXXII.
1316 413 1399 466 De
1436 412 1795 467 Pontificibus
1831 414 2112 470 Avenione
2152 416 2517 471 commoratiS.

625 555 931 618 sitatibus
1000 575 1301 638 magnam
1373 554 1501 618 vim
1569 555 1874 637 pecuniae
1941 558 2300 641 colligeret3
2377 561 2665 622 attamen
2734 580 2938 641 quum

626 650 691 714 id
736 652 980 716 faceret
1037 651 1352 734 impositis
1407 651 1696 733 annatis,
1748 653 2321 737 multiplicatisque
2373 655 2945 735 reservationibus,

626 748 867 812 multae
914 752 1177 812 exortae
1221 753 1379 811 sunt
1421 749 1750 831 querelae,
1796 754 1995 832 atque
2038 772 2169 815 non
2217 748 2591 829 defuerunt,
2638 751 2750 835 qui
2797 753 2938 835 ejus

626 844 856 929 agendi
924 846 1239 909 rationem
1302 846 1508 909 acrius
1567 851 1924 929 carperent.
2032 845 2155 911 Sed
2221 846 2341 911 hac
2400 847 2479 911 de
2533 870 2602 912 re
2660 848 2943 913 inferius

623 942 976 1025 loquemur.

303 1073 592 1178 ἳξζθῗὲζέξ
806 1082 903 1146 10.
957 1078 1407 1163 Opportunum
1453 1085 1670 1145 autem
1717 1080 1839 1145 erit
1893 1081 1995 1145 hic
2040 1081 2322 1147 breviter
2365 1081 2603 1146 referre
2650 1084 2942 1161 adversa,

577 1168 587 1178 ’
623 1198 788 1262 quae
830 1176 1118 1242 Joannes
1164 1178 1234 1241 in
1281 1178 1721 1242 controversia
1766 1176 1843 1240 de
1884 1176 2133 1242 visione
2180 1175 2473 1257 beatifica
2526 1179 2768 1243 ultimis
2815 1201 2941 1243 an-

621 1276 722 1339 nis
791 1274 961 1338 vitae
1020 1296 1172 1338 suae
1241 1279 1542 1358 expertus
1608 1280 1723 1339 est.
1830 1270 1922 1340 Εὸ
1969 1271 2277 1357 ‘tempore
2317 1275 2550 1357 'igitur
2614 1276 2939 1359 quaestio,

621 1378 839 1435 utrum
886 1371 1137 1436 animae
1176 1373 1509 1456 justorum
1566 1373 1847 1456 corporis
1892 1371 2165 1436 vinculis
2215 1373 2463 1436 solutae
2518 1376 2583 1436 et
2630 1372 2710 1437 ab
2755 1374 2932 1437 omni

619 1470 764 1534 labe
832 1489 1030 1553 purae
1097 1468 1319 1532 statim
1388 1468 1635 1532 visione
1694 1468 1811 1533 Dei
1872 1469 2164 1533 beatifica
2228 1468 2561 1549 fruantur,
2628 1491 2715 1533 an
2779 1491 2940 1533 vero

618 1577 912 1649 receptae
982 1564 1238 1648 quidem
1302 1565 1373 1628 in
1438 1564 1686 1629 coelum
1756 1587 1793 1628 a
1859 1565 2154 1630 beatifica
2220 1565 2342 1630 Dei
2400 1566 2649 1631 visione
2708 1569 2931 1630 tamen

619 1663 1037 1727 detineantur
1093 1683 1293 1745 usque
1354 1660 1432 1725 ad
1490 1682 1820 1745 corporum
1870 1662 2434 1739 resurrectionem,
2486 1661 2936 1727 vehementius

617 1761 791 1824 inter
846 1758 1064 1822 doctos
1121 1758 1370 1842 agitata
1420 1758 1564 1821 fuit.
1664 1756 2052 1833 Quaestione
2110 1757 2393 1823 nondum
2451 1780 2567 1842 per
2614 1758 2938 1823 definitio-

618 1878 764 1920 nem
817 1855 1098 1939 aliquam
1158 1854 1474 1938 eliquata,
1534 1855 1697 1918 varii
1748 1855 2060 1939 theologi,
2119 1856 2492 1938 praesertim
2549 1878 2625 1919 ex
2684 1854 2937 1920 Ordine

615 1950 922 2016 Fratrum
976 1950 1330 2032 Minorum,
1382 1951 1693 2015 visionem
1748 1951 1851 2015 iis'
1887 1950 2126 2015 differri
2185 1951 2669 2030 existimarunt,
2726 1972 2932 2035 eoque

616 2070 812 2113 sensu
870 2046 1136 2112 Patrum
1189 2048 1568 2111 testimonia
1621 2052 2074 2132 exposuerunt.
2176 2046 2479 2133 Plerique
2536 2054 2755 2114 tamen
2817 2047 2929 2111 alii

615 2144 920 2229 theologi,
965 2166 1037 2208 ac
1084 2143 1420 2228 praecipue
1465 2142 1729 2210 Fratres
1774 2144 2253 2209 Praedicatores
2295 2151 2361 2208 et
2405 2146 2696 2210 doctores
2743 2143 2924 2208 Pari-

616 2243 886 2318 sienseS,
944 2242 1297 2324 oppositam
1357 2242 1754 2305 sententiam
1810 2240 2257 2305 defenderunt.
2356 2241 2643 2306 Joannes
2696 2239 2933 2320 XXII..

617 2340 890 2422 qui‘pro
944 2338 1193 2422 ingenii
1240 2338 1339 2402 sui
1388 2339 1789 2422 praestantia
1846 2338 2221 2423 theologicis
2275 2337 2770 2403 discussionibus
2815 2339 2930 2403 de·

615 2436 1006 2512 lectabatur‚
1065 2457 1238 2499 anno
1289 2436 1453 2499 1331
1506 2434 1584 2499 ad
1629 2434 2062 2520 indagandam
2114 2435 2453 2499 veritatem
2498 2456 2709 2499 sacras
2754 2432 2930 2499 Scri-

612 2539 837 2616 pturas
895 2538 962 2596 et
1012 2531 1240 2596 Patres
1301 2533 1368 2595 in
1436 2539 1774 2615 utramque
1838 2537 2088 2615 partem
2152 2535 2477 2596 scrutatus
2535 2536 2659 2612 est,
2733 2537 2800 2596 et
2852 2531 2926 2594 in

613 2630 1010 2694 sermonibus
1056 2651 1267 2694 coram
1318 2629 1765 2694 Cardinalibus
1813 2634 1879 2693 et
1923 2628 2238 2694 Praelatis
2281 2628 2617 2693 Avenione
2664 2627 2932 2704 habitis,

613 2727 948 2810 utriusque
994 2726 1315 2809 opinionis
1372 2730 1757 2811 argumenta
1809 2726 2100 2808 protulit.
2192 2725 2402 2801 Quum
2447 2746 2598 2789 vero
2644 2724 2932 2788 Thomas

612 2822 910 2888 Valesius
960 2821 1035 2886 O.
1082 2820 1157 2888 Ρ.
1207 2845 1240 2886 e
1285 2844 1464 2887 sacro
1520 2825 1771 2907 pulpito
1827 2821 2268 2886 vehementius
2321 2821 2714 2905 praedicaret
2772 2842 2931 2886 con·

611 2925 715 2984 tra
761 2939 901 2996 eoS,
963 2920 1074 3002 qui
1127 2920 1589 2984 existimabant
1646 2920 1879 2985 animis
1937 2922 2303 2984 sanctorum
2358 2919 2668 2983 visionem
2727 2919 2937 2982 beati—

613 3018 795 3081 ficam
852 3015 1122 3099 differri,
1182 3017 1277 3080 ita
1331 3019 1403 3080 ut
1463 3038 1569 3080 eos
1625 3017 2040 3081 anathemate
2097 3021 2165 3080 et
2217 3014 2497 3080 haeresis
2558 3020 2718 3079 nota
2772 3014 2928 3078 defi·

611 3118 823 3197 geret,
868 3112 1175 3177 Pontifex
1225 3135 1369 3179 eum
1417 3113 1743 3181 custodiae
1789 3113 2140 3197 mancipari
2186 3113 2352 3177 fecit.
2447 3104 2724 3194 Propter
2769 3111 2932 3176 haec

611 3210 781 3273 visus
840 3213 938 3274 est
998 3210 1379 3293 quibusdam
1443 3210 1838 3294 propendere
1897 3210 1966 3273 in
2028 3209 2421 3273 sententiam
2482 3208 2559 3271 de
2618 3207 2925 3272 dilatione

611 3305 871 3391 visionis
918 3307 1278 3384 beatificae,
1334 3308 1682 3391 pluresque
1730 3306 2126 3370 adversarios
2173 3312 2308 3369 tum
2355 3327 2389 3368 e
2433 3304 2738 3388 praelatis
2782 3309 2928 3367 tum

613 3424 646 3465 e
692 3401 1057 3467 doctoribus
1106 3403 1175 3466 in
1224 3425 1291 3467 se
1334 3403 1701 3468 concitavit.

288 3585 431 3626 motus
458 3585 576 3626 Pari-
793 3556 891 3618 11.
965 3552 1312 3618 Contentio
1376 3552 1559 3616 valde
1623 3558 1808 3617 aucta
1874 3556 1969 3616 est
2036 3575 2090 3616 a.
2161 3552 2347 3614 1333.
2442 3549 2785 3614 Venerunt
2849 3571 2932 3613 eo

330 3645 408 3686 ⁸5³⁸
436 3646 535 3687 ‘’ffi’
609 3674 783 3716 anno
829 3650 1144 3726 Parisios,
1208 3655 1283 3713 ut
1329 3649 1407 3713 de
1455 3649 1731 3734 negotiis
1779 3648 2048 3732 publicis
2096 3651 2484 3722 tractarent,
2532 3646 2657 3710 duo
2703 3645 2922 3709 nuntii

607 3748 914 3825 Joannis,
977 3746 1273 3830 Magistri
1335 3747 1401 3809 in
1463 3745 1822 3829 theologia,
1881 3767 2152 3828 quorum
2213 3766 2383 3808 unus
2443 3747 2582 3808 erat
2626 3742 2933 3806 Minister

608 3845 929 3930 generalis
998 3843 1252 3908 Ordinis
1321 3842 1628 3908 Fratrum
1690 3841 2043 3918 Minorum,
2116 3842 2280 3905 alter
2347 3850 2489 3906 erat
2538 3861 2616 3903 ex
2680 3838 2930 3904 Ordine

609 3941 735 4006 FF.
795 3941 1343 4022 Praedicatorum,
1403 3940 1512 4004 sed
1572 3945 1840 4023 uterque
1897 3937 2263 4002 sententiae
2319 3938 2396 4001 de
2454 3937 2761 4001 dilatione
2822 3935 2917 3997 vi-

611 4031 808 4103 sionis'
863 4038 1196 4103 beatificae
1256 4036 1668 4101 adhaerebat.
1770 4033 1928 4100 Cam
1977 4033 2146 4098 idem
2200 4032 2539 4097 Generalis
2593 4030 2928 4109 Minister,

608 4136 831 4200 scribit
878 4134 1308 4199 Continuator
1354 4132 1595 4217 Nangii
1613 4182 1628 4212 ,
1688 4131 1972 4198 eamdem
2020 4129 2457 4212 quaestionem
2500 4128 2574 4193 in
2610 4147 2925 4210 praesen-
