3281 5014
345 553 438 596 Alii
466 554 591 596 Tem-

389 616 533 669 plarii.

648 407 750 458 128
1096 405 1300 460 XXXI.
1336 406 1422 462 De
1455 406 1755 461 abolitione
1793 405 2012 462 Ordinis
2049 407 2497 475 Templariorum.

822 548 926 611 46.
992 546 1224 613 Frater
1283 545 1564 611 Thomas
1622 546 1702 612 de
1758 546 1800 612 J
1805 550 2075 614 amvalle
2133 550 2498 634 presbyter,
2566 550 2953 634 „requisitus

644 643 698 707 si
760 644 1082 708 confessus
1142 646 1357 709 fuerat
1415 644 1493 708 de
1553 643 1985 726 abnegatione
2046 649 2113 710 et
2169 647 2493 729 spuitione
2552 645 2735 732 (quas
2780 668 2951 713 com-

644 738 931 820 miserat)
976 740 1338 825 respondit,
1386 740 1554 824 quod
1601 762 1767 818 non,
1816 742 1966 826 quia
2020 763 2153 807 non
2206 742 2485 808 faciebat
2536 743 2659 807 sibi
2708 744 2949 808 consci-

641 836 885 900 entiam
957 859 1071 920 pro
1140 859 1214 902 eo
1231 884 1249 917 ,
1323 836 1474 922 quia
1542 857 1652 900 ore
1725 859 1858 902 non
1923 838 2110 903 corde
2178 837 2421 903 fecerat
2493 838 2879 923 praedicta.“
2896 837 2949 922 1)

642 931 874 997 Frater
900 932 1237 998 Johannes
1280 933 1359 997 de
1401 931 1466 997 S.
1495 932 1534 997 J
1540 940 1687 997 usto
1731 935 2038 1014 serviens,
2085 939 2228 1018 post
2263 936 2698 1019 receptionem
2741 957 2949 1013 suam,

640 1029 752 1108 „in
825 1030 1178 1094 crastinum
1245 1028 1405 1094 hora
1467 1029 1869 1106 matutinali,
1938 1029 2180 1095 faciens
2240 1031 2588 1096 transitum
2655 1054 2771 1115 per
2838 1032 2951 1095 vil-

642 1126 769 1191 lam
830 1126 909 1190 de
954 1125 1412 1201 Abbatisvilla,
1477 1124 1806 1190 confessus
1868 1125 1995 1191 fuit
2055 1126 2134 1190 de
2192 1126 2380 1191 dictis
2442 1128 2761 1193 erroribus
2821 1129 2948 1194 cui·

639 1222 783 1286 dam
845 1223 1035 1286 fratri
1096 1220 1332 1287 Minori
1394 1221 1550 1285 dicti
1606 1222 1760 1300 loci,
1818 1223 1931 1305 qui
1993 1223 2122 1288 fuit
2168 1222 2352 1288 valde
2412 1224 2812 1308 stupefactus
2871 1224 2949 1288 de

638 1319 1021 1404 praedictis“
1091 1315 1228 1402 (ille
1287 1323 1510 1401 stupor
1567 1324 1788 1383 tamen
1850 1341 1983 1385 non
2041 1342 2291 1404 semper
2351 1321 2771 1403 advertitur),
2843 1326 2954 1400 „et

639 1416 911 1481 absolvit
973 1437 1148 1493 eum,
1217 1415 1519 1498 imposita
1581 1414 1642 1480 ei
1703 1416 2133 1499 poenitentia,
2202 1417 2371 1502 quod
2438 1421 2541 1482 ter
2602 1418 2673 1482 in
2733 1418 2948 1502 aliquo

636 1513 774 1578 loco
834 1517 1078 1577 secreto
1142 1511 1511 1576 verberaret
1570 1533 1639 1575 se
1703 1513 1959 1577 fortiter
2012 1535 2156 1577 cum
2213 1514 2410 1598 virgis
2466 1513 2733 1579 dicendo
2786 1515 2949 1598 psal·

637 1632 842 1674 mum:
900 1608 1212 1674 Miserere
1267 1608 1392 1672 mei
1439 1606 1643 1687 Deus,
1707 1612 1773 1673 et
1827 1609 1997 1694 quod
2060 1631 2397 1693 nunquam
2456 1615 2625 1675 esset
2681 1611 2751 1674 in
2808 1610 2949 1675 loco

637 1707 706 1771 in
751 1728 881 1791 quo
935 1706 1096 1771 talia
1139 1709 1649 1790 perpetrassent:
1708 1711 1773 1770 et
1818 1706 2053 1770 dictam
2109 1706 2576 1790 poenitentiam
2626 1709 2761 1791 egit
2805 1729 2949 1771 cum

637 1802 910 1887 corrigia
975 1824 1119 1879 sua,
1188 1823 1323 1866 non
1388 1805 1610 1866 tamen
1677 1824 1819 1867 cum
1884 1801 2211 1887 virgis.“²)
2311 1802 2541 1869 Frater
2601 1803 2799 1869 Fulco
2871 1802 2949 1867 de

638 1898 935 1964 Nulliaco
985 1899 1270 1963 serviens
1325 1898 1542 1975 „infra
1586 1903 1731 1963 octo
1777 1898 1911 1964 dies
1968 1921 2007 1962 a
2051 1902 2418 1983 receptione
2462 1922 2579 1964 sua
2623 1900 2753 1964 fuit
2797 1921 2949 1964 con·

637 1996 841 2060 fessus
896 1995 973 2060 de
1033 1995 1375 2078 praedictis
1436 1994 1755 2059 erroribus
1820 1995 1891 2059 in
1954 1996 2219 2060 ecclesia
2277 1996 2553 2061 fratrum
2620 1996 2947 2061 Praedica-

636 2099 848 2158 torum
917 2091 995 2156 de
1061 2090 1334 2157 Belvaco
1403 2091 1654 2156 cuidam
1721 2092 1908 2156 fratri
1966 2091 2399 2157 Praedicatori
2464 2095 2644 2178 cujus
2710 2115 2945 2160 nomen

635 2194 701 2254 et
744 2210 1104 2275 cognomen
1150 2189 1437 2274 ignorat,
1494 2189 1603 2272 qui
1659 2188 1789 2253 fuit
1846 2190 2121 2253 multum
2174 2188 2573 2274 stupefactus
2627 2190 2705 2255 de
2758 2212 2947 2274 prae-

634 2287 821 2351 dictis
893 2292 960 2351 et
1029 2284 1439 2369 reprehendit
1507 2307 1655 2349 eum
1724 2286 1880 2369 quia
1940 2285 2181 2349 fecerat
2248 2285 2603 2372 praedicta,
2678 2290 2745 2352 et
2809 2287 2946 2370 ipse

633 2384 820 2449 testis
866 2381 1225 2466 respondit,
1282 2380 1450 2465 quod
1504 2379 1658 2464 quia
1714 2385 2007 2465 receptus
2062 2386 2201 2446 erat
2246 2385 2593 2467 antequam
2648 2383 2707 2447 ei
2760 2404 2944 2466 prae·

633 2482 1002 2566 ciperentur
1042 2478 1366 2563 praedicta
1411 2477 1667 2560 illicita,
1725 2478 2014 2562 oportuit
2057 2476 2225 2563 quod
2274 2500 2350 2543 ea
2394 2479 2664 2556 faceret;
2720 2484 2787 2544 et
2832 2478 2943 2543 ab·

634 2578 828 2643 solvit
889 2599 1059 2659 eum,
1118 2575 1418 2659 imposita
1476 2576 1907 2658 poenitentia,
1978 2575 2147 2659 quod
2214 2598 2350 2640 non
2409 2576 2659 2642 biberet
2720 2576 2944 2641 vinum

632 2675 710 2739 de
758 2695 888 2737 uno
935 2695 1110 2737 anno
1149 2674 1220 2736 in
1265 2673 1465 2737 sextis
1510 2672 1715 2756 feriis;
1772 2678 1837 2736 et
1882 2693 2027 2736 cum
2083 2673 2219 2756 ipse
2265 2673 2451 2737 testis
2506 2673 2943 2757 responderet,

631 2770 799 2856 quod
859 2768 980 2835 hoc
1035 2769 1248 2833 facere
1310 2790 1445 2833 non
1505 2767 1798 2845 auderet,
1867 2769 2036 2832 forte
2095 2768 2445 2834 scientibus
2508 2769 2943 2854 superioribus

629 2868 784 2944 suis,
839 2866 1048 2932 dictus
1094 2865 1300 2930 frater
1339 2864 1532 2942 dixit,
1589 2864 1759 2948 quod
1805 2864 2044 2929 faceret
2086 2864 2343 2949 quando
2388 2871 2637 2949 posset,
2696 2870 2762 2931 et
2803 2866 2943 2949 ipse

628 2965 817 3030 testis
882 2962 1225 3046 complevit
1291 2982 1567 3044 poenam
1637 2957 2159 3045 praedictam.“³)
2271 2961 2507 3027 Frater
2572 2961 2796 3027 Helias
2864 2962 2944 3026 de

626 3060 853 3128 Jolhro
897 3061 1026 3125 fuit
1071 3058 1399 3123 confessus
1455 3056 1532 3120 de
1576 3056 1704 3120 illis
1760 3059 2039 3140 peccatis
2095 3061 2308 3137 „infra
2352 3059 2632 3124 triduum
2681 3059 2941 3124 domino

627 3156 914 3224 Johanni
978 3154 1055 3220 de
1121 3153 1408 3237 Grangia
1476 3153 1803 3236 quondam
1866 3158 2021 3219 tunc
2090 3155 2533 3222 archidiacono
2601 3155 2939 3233 Meldensi,

627 3256 735 3340 qui
800 3257 1071 3318 venerat
1134 3251 1213 3314 ad
1275 3250 1513 3314 dictam
1577 3249 1838 3314 domum
1914 3248 2014 3334 (de
2076 3251 2365 3316 Fer-itate
2432 3244 2803 3330 Graucherii)
2873 3255 2941 3316 et

627 3351 904 3416 absolvit
967 3370 1113 3413 eum
1176 3345 1579 3430 stupefactus
1639 3347 1913 3410 multum
1974 3369 2117 3412 cum
2181 3348 2531 3413 audivisset
2594 3347 2939 3432 praedicta,

627 3454 694 3514 et
734 3446 1038 3531 imposuit
1089 3443 1212 3508 sibi
1259 3442 1327 3506 in
1381 3442 1814 3525 poenitentia,
1872 3444 2041 3527 quod
2095 3446 2422 3530 praedicta
2467 3446 2816 3526 revelaret,
2873 3447 2939 3508 et

626 3567 770 3611 cum
837 3544 972 3626 ipse
1041 3541 1227 3606 testis
1292 3539 1741 3623 respondisset,
1803 3540 1976 3623 quod
2039 3540 2160 3606 hoc
2225 3542 2404 3607 nullo
2470 3541 2657 3606 modo
2725 3542 2939 3624 posset

625 3643 835 3706 facere
880 3639 1020 3703 sine
1076 3636 1358 3721 periculo
1404 3636 1683 3720 corporis
1739 3637 1869 3715 sui,
1924 3635 2119 3721 dixit,
2178 3638 2348 3723 quod
2395 3637 2659 3703 nolebat
2712 3660 2779 3702 se
2825 3658 2938 3720 po·

626 3760 781 3803 nere
827 3738 896 3800 in
941 3734 1257 3819 periculo,
1317 3738 1381 3798 et
1426 3733 1720 3817 injunxit
1764 3733 1919 3813 sibi,
1977 3733 2146 3817 quod
2195 3735 2529 3819 jejunaret
2574 3735 2659 3797 40
2715 3733 2940 3797 diebus

805 3978 849 4046 ²)
884 3978 1022 4032 Ibid.
1060 3977 1105 4031 I.
1142 3993 1193 4043 p.
1230 3980 1352 4031 446.

803 4056 847 4123 ²)
884 4057 1022 4110 Ibid.
1062 4056 1104 4109 Ι.
1144 4072 1193 4122 p.
1232 4059 1352 4109 470.

803 4135 845 4205 ⁸)
882 4135 1019 4190 Ibid.
1059 4136 1103 4190 Ι.
1147 4151 1199 4201 p.
1235 4137 1357 4188 478.
