3281 5014
516 1685 1232 1808 Dissertatio
1328 1685 1980 1831 trigesima
2069 1685 2519 1835 tertia.-

668 1898 795 1978 De
851 1915 1175 1997 magno
1232 1894 1744 1979 Occidentis
1799 1895 2311 1977 schismate.
2400 2007 2405 2010 ‚

516 2214 571 2276 1.
619 2188 902 2277 Nomine
958 2209 1329 2277 schismatis
1374 2208 1786 2300 occidentalis
1840 2210 2232 2295 intelligitur
2275 2213 2649 2277 tristissima
2697 2216 2951 2319 89113251252

325 2309 440 2373 illa
498 2307 750 2390 scissi0,
810 2330 975 2394 quae
1034 2310 1293 2374 labente
1344 2308 1595 2372 saeculo
1652 2305 1813 2372 XIV
1867 2311 2009 2371 orta
2061 2312 2163 2372 est
2216 2309 2284 2373 in
2343 2310 2649 2374 societate
2730 2292 2773 2320 ¹¹¹
2807 2290 2913 2320 ηδ’

326 2404 675 2470 christiana
739 2403 1133 2483 Occidentis,
1205 2427 1278 2470 ac
1338 2426 1451 2489 per
1510 2403 1784 2487 triginta
1848 2425 2077 2467 novem
2142 2426 2348 2469 annos
2409 2404 2648 2471 Catho-

324 2502 481 2566 licos
529 2501 788 2567 funesta
850 2504 1256 2587 separatione
1312 2500 1650 2587 disjunxit.
1741 2498 2228 2566 Advertendum
2284 2506 2503 2568 tamen
2551 2506 2650 2568 est-

325 2598 476 2663 inde
535 2599 618 2663 ab
670 2599 893 2677 initio,
954 2601 1327 2665 scissionem
1384 2600 1561 2663 illam
1625 2598 1792 2662 haud
1852 2599 2209 2682 perfectum
2266 2604 2333 2664 et
2392 2602 2650 2684 proprie

325 2694 566 2759 dictum
627 2694 903 2760 schisma
965 2696 1181 2761 fuisse.
1291 2695 1628 2779 Proprium
1691 2696 1864 2760 enim
1922 2700 1990 2760 et
2044 2696 2433 2780 completum
2491 2696 2649 2761 schi-

325 2813 465 2855 sma
510 2791 721 2867 adest,
779 2792 1037 2876 quando
1081 2792 1448 2857 obedientia
1494 2792 1851 2875 denegatur
1897 2790 1985 2868 ei,
2042 2813 2234 2875 quem
2283 2791 2648 2857 Romanum

325 2887 708 2954 Pontificem
754 2910 975 2952 verum
1030 2896 1096 2954 et
1143 2889 1498 2973 legitimum
1553 2908 1689 2951 esse
1736 2909 1869 2952 non
1922 2887 2275 2952 dubitatur.
2368 2887 2493 2953 Illo
2542 2912 2652 2953 au·

325 2990 463 3048 tem
518 2990 807 3067 tempore
863 3006 1086 3049 omnes
1140 2984 1643 3059 conveniebant,
1702 3005 1903 3047 unum
1959 2982 2326 3048 Romanum
2388 2983 2651 3050 Pontifi-

325 3103 464 3145 cem
522 3102 662 3145 esse
710 3079 923 3164 Caput
970 3080 1291 3145 Ecclesiae
1341 3087 1404 3144 et
1453 3078 1691 3144 Christi
1727 3077 2087 3155 Vicarium,
2145 3081 2329 3163 eique
2381 3081 2650 3145 submissu

326 3178 569 3242 sionem
634 3176 880 3254 deberi,
951 3199 1305 3261 omnesque
1369 3198 1436 3241 se
1502 3180 1759 3260 paratos
1826 3176 2322 3259 profitebantur,
2394 3183 2467 3241 ut
2528 3178 2651 3262 ipsi

326 3294 463 3337 sese
530 3274 1012 3339 submitterent.
1136 3272 1263 3338 Sed
1330 3273 1963 3345 controvertebatur,
2045 3272 2187 3356 quis
2256 3293 2335 3336 ex
2403 3273 2649 3338 duobus

328 3370 615 3434 tribusve
684 3370 1214 3454 competitoribus
1284 3376 1452 3434 esset
1526 3368 1635 3432 ille
1707 3367 2012 3433 Pontifex
2080 3369 2436 3452 legitimus,
2518 3371 2648 3434 alii·

328 3487 455 3548 que
502 3466 649 3543 uni,
712 3466 819 3530 alii
878 3489 1028 3531 vero
1090 3467 1282 3532 alteri
1335 3465 1808 3541 adhaerebant,
1872 3465 1965 3528 ita
2022 3467 2097 3528 ut
2154 3465 2314 3529 duae
2363 3466 2462 3529 vel
2516 3470 2648 3530 tres

327 3562 398 3625 in
456 3559 742 3626 Ecclesia
806 3568 1019 3628 essent
1083 3558 1495 3626 obedientiae.
1605 3559 1812 3625 Simul
1877 3562 2072 3629 etiam
2135 3562 2353 3626 cuncti
2417 3583 2649 3626 conve-

329 3658 634 3737 niebant,
697 3657 1201 3723 adlaborandum
1266 3678 1436 3733 esse,
1486 3664 1557 3722 ut
1615 3658 1698 3722 ab
1759 3657 2057 3721 omnibus
2114 3658 2370 3722 unicum
2428 3657 2650 3724 Eccle-

327 3755 461 3817 siae
528 3753 739 3837 Caput
804 3760 1290 3839 agnosceretur,
1363 3760 1429 3817 et
1497 3755 1820 3837 separat-io
1888 3754 2000 3818 illa
2069 3760 2374 3839 cessaret3
2444 3757 2651 3820 conti·

328 3871 493 3914 nuos
558 3854 631 3914 ut
694 3871 768 3914 eo
832 3852 1248 3934 pervenirent
1318 3850 1617 3916 fecerunt
1684 3857 1985 3929 conatuS,
2056 3872 2157 3915 ac·
2192 3850 2455 3916 tandem
2512 3851 2649 3916 Deo

319 3947 594 4031 juvante
642 3946 720 4009 ad
766 3951 1008 4012 statum
1058 3947 1411 4013 normalem
1457 3949 1937 4013 restituendum
1984 3956 2440 4032 pervenerunt.
2526 3947 2650 4014 Ne·

330 4063 457 4126 que
529 4043 745 4107 unitas
802 4041 1124 4109 Ecclesiae
1194 4044 1304 4108 illa
1366 4044 1670 4109 scissione
1735 4067 1951 4109 eversa
2015 4049 2144 4122 est,
2215 4045 2323 4110 sed
2387 4049 2647 4111 tantum

329 4138 749 4222 aliquatenus
822 4140 1180 4205 obscurata.
1302 4140 1561 4205 Etenim
1630 4142 1987 4226 complures
2066 4142 2378 4225 imprimis
2459 4149 2649 4208 erant
