3281 5014
620 332 727 384 414
1020 330 1287 407 XXXVI.
1311 331 1393 385 De
1432 336 1582 385 statu
1619 330 1901 385 Ecclesiae
1937 336 2204 399 vergente
2242 346 2381 386 saec.
2419 331 2538 384 XV.

613 470 855 553 plenus
896 469 1226 552 reliyione,
1262 470 1502 553 plenus
1535 471 1810 535 veritate
1855 474 1914 534 et
1942 471 2181 554 plenus
2227 471 2562 536 clementia
2594 471 2735 554 ejus
2778 491 2937 554 pon-

629 567 916 647 tificatus
956 566 1109 648 fuit.
1120 564 1170 651 ¹)

806 719 905 782 18.
968 715 1223 782 Paulus
1276 715 1373 780 II.
1434 717 1970 802 (1464—1471).
2077 720 2209 785 Cfr.
2266 721 2590 805 Raynaldi
2646 718 2937 785 Annales

626 833 800 878 anno
863 813 1038 877 1464
1049 813 1336 878 -1474,
1400 851 1484 861 -—
1546 817 1840 899 Platina,
1917 815 2099 880 Vitae
2156 815 2611 882 Romanorum
2668 815 2937 896 Pontifi-

627 930 788 975 cum.
847 948 920 956 —
990 911 1267 989 Quirini,
1331 909 1472 975 Smi
1528 911 1730 978 Pauli
1786 911 1861 976 P.
1909 913 2000 976 M.
2056 912 2380 978 vindiciae
2433 914 2744 979 adversus
2788 913 2940 978 Pla-

630 1006 839 1072 tinam
886 1007 1175 1088 aliosque
1220 1007 1690 1073 obtrectatores.
1786 1010 2030 1074 Romae
2082 1012 2266 1074 1740.

331 1148 495 1190 Paulus
523 1147 584 1189 11·
808 1135 962 1205 Post
1018 1138 1120 1203 Pii
1174 1139 1263 1205 II.
1325 1146 1595 1205 mortem
1660 1142 2033 1207 Cardinales
2091 1142 2359 1207 Romam
2423 1165 2650 1227 corpus
2711 1143 2941 1207 defun-

383 1211 435 1251 Κ
469 1210 550 1279 P'·
629 1240 717 1303 cti
796 1237 1126 1302 Pontificis
1198 1237 1615 1322 deducentes»,
1693 1240 2012 1323 obsequiis
2080 1228 2205 1305 rite
2277 1242 2547 1323 expletis
2611 1240 2728 1307 VI.
2796 1239 2943 1304 Kal.

628 1333 1020 1417 Septembris
1095 1332 1412 1398 Conclave
1487 1336 1761 1420 ingressi
1847 1341 2018 1401 sunt.
2142 1335 2356 1401 Variis
2434 1342 2648 1401 autem
2671 1387 2688 1419 ,
2762 1338 2942 1420 jura·

630 1436 849 1495 mento
915 1430 1113 1507 edite,
1181 1452 1249 1494 se
1312 1433 1845 1497 constrinxerunt
1906 1433 2183 1517 legibue,
2247 1456 2408 1518 quas
2473 1434 2711 1499 electus
2771 1433 2944 1497 Pon-

628 1527 790 1592 tifex
865 1527 1253 1591 observaret.
1387 1527 1572 1592 Inter
1651 1551 1810 1612 quas
1885 1530 2172 1594 sufficiat
2246 1552 2740 1596 commemorare
2820 1551 2944 1606 eas,

527 1573 568 1663 χ
629 1624 797 1709 quod
859 1628 1005 1706 post
1064 1624 1416 1687 triennium
1478 1623 1833 1690 Concilium
1894 1633 2361 1692 convocaturus
2422 1632 2620 1704 esset,
2688 1627 2945 1710 expedi-

632 1723 878 1785 tionem
934 1721 1005 1784 in
1051 1719 1292 1785 Turcas
1348 1726 1667 1804 quantum
1716 1730 1930 1806 posset
1985 1728 2418 1807 promoveret,
2481 1725 2690 1808 lapsos
2737 1725 2947 1789 curia-

632 1819 789 1881 lium
854 1839 1061 1881 mores
1123 1817 1533 1892 reformaret3
1604 1819 1775 1902 quod
1829 1819 2200 1884 Cardinales
2260 1843 2394 1885 non
2465 1824 2616 1885 ante
2685 1825 2946 1899 crearet,

632 1936 825 1999 quam
872 1914 942 1997 ⁶ii
1009 1914 1121 1998 qui
1186 1915 1383 1977 creati
1449 1916 1584 1998 jam
1653 1913 2063 1981 habebantur
2127 1918 2304 1981 intra
2365 1917 2598 2001 viginti
2668 1923 2948 2001 quatuor

634 2016 847 2076 essent
905 2010 1183 2087 reducti,
1240 2013 1545 2095 majorem
1605 2011 1733 2076 'hoc
1787 2033 2056 2078 numero
2118 2036 2250 2078 non
2312 2018 2646 2097 pateretur
2701 2015 2770 2078 in
2828 2012 2949 2078 Ec·

632 2108 823 2173 clesia
868 2129 1038 2188 esse,
1088 2107 1413 2171 neminem
1467 2130 1724 2192 quoque
1770 2114 2158 2187 assumeret,
2212 2110 2322 2193 qui
2367 2132 2501 2174 non
2552 2110 2946 2194 trigesimum

635 2227 876 2269 annum
924 2204 1287 2287 excederet,
1335 2205 1574 2289 quique
1620 2227 1752 2271 non
1800 2208 2122 2289 professus
2169 2213 2339 2271 esset
2389 2208 2783 2290 pontificium
2823 2209 2948 2291 jue,

634 2302 736 2366 vel
782 2301 995 2380 civile,
1060 2301 1161 2365 vel
1219 2301 1469 2365 litteras
1522 2323 1764 2384 sacras,
1823 2326 1941 2368 nec
1997 2304 2122 2368 nisi
2177 2326 2375 2368 unum
2439 2325 2713 2387 eumque
2758 2303 2951 2387 hujus

495 2418 541 2489 ><
634 2398 886 2481 generis
943 2397 1272 2463 hominem
1328 2397 1407 2461 de
1454 2400 1846 2479 cognatione
1903 2422 2020 2465 sua
2075 2401 2363 2485 eligeret.
2459 2401 2545 2465 Et
2600 2401 2761 2465 aliae
2808 2401 2951 2484 plu-

634 2518 735 2560 res
781 2499 967 2559 erant
1012 2494 1499 2579 dispositioneS,
1558 2495 1840 2581 eligendi
1886 2495 2222 2562 Pontificis
2284 2497 2736 2563 auctoritatem
2794 2519 2953 2562 sane

633 2593 791 2655 satis
857 2592 1255 2656 incommode
1319 2593 1808 2677 restringentes
1925 2592 2182 2659 Electus
2245 2596 2374 2659 fuit
2433 2595 2501 2658 in
2567 2594 2950 2660 Pontificem

634 2690 843 2771 prima
900 2689 1348 2773 suffragiorum
1410 2689 1756 2754 collatione
1816 2689 2360 2779 Iffgtgusflssarbus
2407 2689 2731 2768 Venetus,
2797 2691 2945 2757 Car-

635 2785 869 2849 dinalis
930 2785 993 2849 S.
1043 2784 1245 2849 Marci
1293 2790 1359 2848 et
1406 2784 1684 2869 Eugenii
1729 2786 1846 2851 IV.
1908 2810 1984 2851 ex
2045 2809 2261 2852 sorore
2322 2810 2553 2871 nepos3
2606 2785 2812 2851 Pauli
2852 2785 2949 2851 ΙΙ.

634 2904 873 2946 nomen
934 2882 1298 2965 assumpsit.
1399 2880 1523 2946 Hic
1578 2905 1616 2947 a
1657 2882 1928 2958 Quirino
1975 2883 2328 2966 Cardinali‚
2391 2885 2502 2968 qui
2559 2886 2695 2969 ejus
2750 2885 2945 2949 vitam

635 2986 703 3043 et
747 3000 956 3043 mores
1001 2978 1383 3055 vindicavit,
1429 2984 1666 3043 natura
1713 2979 1948 3044 dicitur
1991 2980 2188 3044 fuisse
2235 2981 2538 3059 blandus,
2585 2982 2784 3058 mitis,
2832 2981 2945 3045 hu-

591 3061 893 3170 lmanus,
972 3076 1319 3140 amicorum
1394 3076 1720 3140 studiosus
1791 3082 1856 3141 et
1923 3098 2141 3141 eorum
2211 3078 2583 3160 praesertim
2654 3099 2811 3161 quos
2880 3078 2948 3141 in

599 3173 1003 3246 §clientelam
1050 3176 1439 3255 susceperat.

815 3326 913 3388 19.
969 3324 1210 3388 Paulus
1260 3322 1343 3388 ΙΙ.
1401 3323 1802 3388 decessorum
1849 3345 2106 3387 suorum
2161 3325 2452 3407 exempla
2495 3328 2753 3389 secutus
2802 3346 2946 3389 mox

633 3444 673 3485 a
739 3418 1155 3504 pontificatus
1223 3420 1325 3484 sui
1397 3419 1657 3484 exordio
1724 3441 1950 3484 omnes
2027 3442 2210 3484 curas
2284 3420 2575 3485 intendit
2644 3419 2723 3484 ad
2788 3420 2948 3484 chri·

634 3519 886 3583 stianae
947 3517 1276 3600 religionis
1336 3516 1774 3581 defensionem
1841 3521 2064 3581 contra
2122 3516 2392 3592 Turcas;
2461 3517 2572 3581 sed
2632 3518 2949 3601 principes

636 3615 929 3699 Europae
990 3618 1261 3679 conatus
1323 3614 1463 3697 ejus
1523 3635 1751 3696 parum
1811 3614 2222 3698 adjuvarunt.
2329 3613 2705 3700 Georgium,
2736 3613 2949 3693 Bobe-

633 3712 799 3792 mjae
859 3732 1106 3796 regem,
1168 3711 1277 3793 qui
1342 3708 1627 3798 Hussitis
1689 3710 1976 3774 addictus
2036 3714 2202 3788 erat,
2265 3711 2529 3790 PauluS,
2588 3734 2788 3796 quum
2848 3733 2948 3777 re-

632 3807 930 3890 sipiscere
974 3808 1205 3884 nollet,
1266 3812 1407 3873 tum
1454 3807 1780 3872 Ecclesiae
1836 3807 2313 3889 communione,
2371 3811 2509 3872 tum
2564 3830 2768 3893 regno
2817 3809 2951 3893 pri-

814 4067 858 4137 ²)
895 4069 996 4139 Ep.
1034 4069 1117 4123 50.
1157 4085 1241 4137 ap.
1279 4068 1548 4138 Raynald.
1586 4086 1636 4125 a.
1679 4071 1830 4124 1464.
1870 4087 1922 4124 n.
1960 4073 2044 4125 49.
