3281 5014
1189 414 1273 468 De
1311 413 1552 468 Concilio
1593 412 1920 469 Basileensi.
2605 417 2709 467 343

391 559 634 622 sarium
699 557 779 621 ad
843 578 942 620 res
1006 554 1435 619 Bohemorum
1499 555 2003 638 componendae,
2071 559 2268 639 atque
2332 555 2494 619 illud
2556 560 2710 620 tunc

391 655 530 717 sine
577 653 790 717 turbis
850 662 915 716 et
972 652 1332 736 principum
1390 674 1463 716 ac
1521 652 1952 735 praelatorum
2000 652 2403 736 querimonia
2449 651 2707 716 dissolvi

393 772 525 813 non
581 771 797 833 posse,
850 749 1071 812 habita
1128 748 1228 812 die
1291 745 1359 811 7⁰
1409 746 1783 812 Decembris
1839 748 2130 833 generali
2183 748 2706 832 congregatione,

391 846 646 925 statuit,
696 845 1052 910 Concilium
1091 843 1384 909 Basileae
1432 867 1566 909 esse
1612 844 1996 923 habendum,
2045 850 2112 909 et
2155 844 2391 909 indixit
2436 845 2704 928 primam

392 945 740 1007 sessionem
803 941 881 1005 ad
947 941 1112 1005 diem
1188 943 1339 1005 14“““
1398 941 1782 1006 Decembris
1884 942 2021 1018 Qua
2089 944 2189 1007 die
2259 964 2480 1006 revera
2548 942 2708 1007 haec
2801 958 2805 962 ’

390 1040 589 1103 sessio
646 1039 850 1123 prima
904 1038 1126 1103 habita
1172 1045 1269 1102 est
1328 1044 1394 1104 et
1450 1038 1616 1102 lecta
1673 1043 1830 1102 sunt
1889 1040 2273 1103 documenta
2322 1037 2590 1103 Martini
2624 1037 2702 1102 V.

390 1141 458 1200 et
516 1135 793 1220 Eugenii
845 1134 981 1213 lV.,
1045 1157 1211 1219 quae
1269 1135 1346 1198 ad
1404 1134 1931 1200 convocationem
1979 1134 2249 1200 Concilii
2302 1136 2705 1219 spectabant.

393 1233 738 1296 Conditum
799 1254 988 1316 porro
1045 1238 1143 1295 est
1198 1231 1522 1296 decretum
1580 1254 1707 1316 quo
1762 1231 2233 1309 declarabatur,
2290 1254 2430 1297 cum
2478 1233 2702 1296 civitas

392 1329 773 1394 Basileensis
841 1330 1018 1393 locus
1090 1334 1257 1392 esset
1316 1327 1732 1393 celebrationi
1798 1328 2070 1394 Concilii
2135 1330 2454 1412 generalis
2516 1329 2706 1412 depu-

391 1431 600 1504 tatuS,
655 1427 792 1509 jam
856 1425 962 1489 diu
1023 1430 1276 1507 tempus
1338 1426 1799 1507 praestitutum
1860 1423 2143 1500 adesset,
2202 1428 2464 1488 sanctae
2521 1421 2706 1488 Sedis

393 1521 796 1604 Apostolicae
841 1542 971 1586 non
1019 1520 1256 1585 deesset
1301 1520 1692 1599 auctoritas,
1752 1521 1818 1584 in
1868 1542 1943 1584 ea
1995 1522 2255 1585 civitate
2302 1527 2367 1584 et
2412 1522 2548 1585 loco
2594 1542 2705 1605 ge-

391 1621 609 1684 nerale
639 1618 992 1683 Concilium
1041 1619 1399 1683 stabilitum
1433 1618 1735 1681 canonice
1772 1623 1835 1680 et
1868 1617 2211 1682 fundatum
2259 1640 2419 1697 esse,
2466 1619 2704 1682 teneri-

392 1739 514 1799 que
561 1737 785 1780 omnes
837 1715 917 1780 ad
963 1715 1124 1779 illud
1170 1715 1488 1779 accedere.

465 1886 488 1889 ‘⁷
572 1864 627 1926 7.
687 1864 855 1927 Dum
915 1861 1072 1926 haec
1128 1868 1480 1946 agerentur
1524 1859 1845 1935 Basileae,
1900 1859 1979 1923 ad
2030 1860 2392 1945 Eugenium
2441 1861 2548 1927 IV.
2607 1884 2704 1926 re·

388 1964 591 2026 latum
651 1966 778 2040 est,
834 1959 1164 2047 Hussitas,
1231 1959 1351 2022 etsi
1409 1957 1746 2022 damnatos
1802 1957 2039 2041 pluries
2097 1964 2170 2021 ut
2229 1958 2584 2023 haereticos
2638 1965 2703 2022 et

390 2059 584 2123 armis
643 2059 1087 2140 impugnatoS,
1152 2056 1349 2120 fuisse
1409 2056 1719 2119 invitatos
1785 2053 1864 2118 ad
1924 2052 2278 2118 Concilium
2338 2054 2703 2118 Basileense

388 2153 476 2218 ad
535 2152 1006 2236 disputandum
1061 2156 1122 2216 et
1177 2150 1686 2217 contendendum
1736 2170 1933 2231 super
1988 2148 2302 2215 articulos
2343 2151 2493 2231 jam
2552 2171 2700 2215 con-

389 2250 738 2316 demnatos,
831 2251 1065 2326 RatuS,
1124 2250 1271 2314 inde
1317 2250 1656 2332 provenire
1712 2249 2064 2330 periculum
2115 2248 2261 2311 fidei
2310 2248 2702 2312 orthodoxae

388 2355 454 2413 et
501 2349 773 2433 infringi
820 2347 1275 2411 auctoritatem
1322 2345 1762 2410 Romanorum
1809 2343 2216 2425 Pontificum,
2264 2342 2366 2407 die
2416 2340 2526 2408 18⁰
2575 2343 2702 2407 De·

387 2447 657 2512 cembris
739 2445 1091 2529 publicavit
1173 2442 1450 2519 Bullam,
1538 2464 1667 2525 qua
1743 2440 2094 2505 Concilium
2172 2439 2571 2515 Basileense,
2648 2441 2701 2504 si

387 2550 608 2608 tamen
655 2543 910 2627 aliquod
960 2542 1315 2606 Concilium
1362 2540 1655 2604 Basileae
1704 2544 2164 2623 congregatum
2212 2538 2532 2614 videatur,
2582 2538 2701 2626 ‹li-s,-

385 2642 577 2705 solvit
670 2640 969 2724 aliudque
1034 2638 1269 2702 indixit
1328 2636 1659 2719 Bononiae
1721 2641 1868 2718 post
1929 2657 2172 2699 annum
2236 2657 2379 2700 cum
2440 2637 2702 2701 dimidio

386 2727 864 2811 celebrandum,
925 2736 1026 2799 cui
1085 2757 1151 2798 se
1207 2757 1348 2799 cum
1395 2732 1848 2797 cardinalibus
1903 2732 2276 2796 adfuturum
2337 2755 2471 2798 esse
2516 2734 2701 2816 polli-

385 2836 552 2899 citus
609 2838 727 2898 est.
824 2833 900 2896 In
959 2831 1077 2895 hac
1128 2828 1323 2894 Bulla
1369 2830 1514 2894 =fere
1573 2829 1652 2892 ad
1710 2828 1977 2892 verbum
2031 2829 2309 2893 inseruit
2364 2831 2698 2913 epistolam

386 2937 579 2995 antea
642 2930 720 2993 ad
776 2929 1104 2994 Julianum
1163 2927 1465 3011 scriptam
1522 2926 1870 3009 eademque
1933 2927 2176 2989 motiva
2235 2927 2526 3009 repetiit3
2591 2927 2701 2990 ad·

386 3028 550 3090 didit
597 3048 748 3091 vero
793 3021 1252 3088 invitationem
1298 3020 1739 3086 Hussitarum
1783 3019 1869 3084 ad
1918 3017 2279 3085 Concilium
2325 3020 2702 3086 Basileense

383 3123 632 3205 factam
696 3123 920 3186 contra
986 3139 1234 3184 omnem
1305 3116 1829 3183 consuetudinem
1899 3114 2335 3181 Conciliorum
2400 3122 2461 3181 et
2531 3116 2702 3182 alias

388 3238 661 3301 maynas
706 3222 767 3281 et
812 3220 1115 3298 umentes
1147 3234 1378 3279 causas
1422 3213 1563 3279 sais
1595 3213 1726 3278 loco
1772 3216 1831 3276 et
1878 3217 2159 3295 tempore
2199 3212 2698 3296 declarandas.¹)

565 3435 606 3501 1)
661 3434 862 3488 Scribit
918 3434 1108 3488 Palma
1155 3434 1191 3487 1.
1231 3448 1275 3486 c.
1331 3435 1457 3500 post
1510 3431 1741 3485 relatam
1795 3429 2023 3497 primam
2082 3430 2381 3486 sessionem
2438 3431 2697 3485 Concilii:

390 3514 704 3583 „Eugenius
760 3516 827 3568 de
877 3524 999 3568 tota
1053 3529 1114 3568 re
1166 3510 1369 3567 certior
1416 3511 1597 3563 factus
1648 3551 1660 3564 .
1712 3551 1724 3564 .
1776 3550 1787 3561 .
1840 3508 1928 3563 die
1978 3511 2069 3561 180
2120 3510 2433 3564 Decembris
2484 3511 2698 3579 publico

387 3594 568 3666 edicto
596 3592 895 3646 Concilium
935 3592 1261 3646 dissolutum
1288 3586 1639 3644 declaravit·.“
1705 3588 1808 3642 Sed
1846 3588 2111 3655 profecto,
2152 3604 2312 3655 quum
2349 3589 2436 3643 die
2479 3589 2568 3642 18ο
2594 3590 2701 3644 De-

386 3670 617 3725 cembris
669 3671 833 3724 Bulla
889 3671 955 3726 de
1010 3670 1372 3724 dissolutione
1430 3666 1662 3722 Concilii
1728 3667 2127 3734 publicaretur,
2196 3668 2401 3722 Romae
2463 3670 2698 3722 nondum

386 3750 841 3818 cognoscebatur,
889 3750 1187 3804 Concilium
1238 3754 1488 3815 apertum
1534 3753 1590 3801 et
1628 3746 1715 3800 die
1760 3745 1852 3798 14⁰
1887 3746 2207 3800 Decembris
2254 3747 2548 3802 solemnem
2587 3763 2701 3803 ses-

386 3829 595 3883 sionem
658 3829 902 3883 habitam
966 3845 1102 3884 esse.
1165 3857 1234 3867 -
1292 3826 1650 3881 Rohrbacher
1705 3840 1812 3879 non
1880 3832 2134 3880 accurate
2199 3832 2413 3889 narrat,
2472 3828 2699 3895 primam

382 3907 622 3976 Eugenii
683 3907 973 3976 epistolam
1035 3909 1102 3960 ad
1163 3907 1198 3960 J
1204 3907 1441 3960 ulianum
1504 3904 1846 3959 Cardinalem
1909 3911 1968 3959 et
2031 3904 2247 3959 Bullam
2322 3905 2698 3960 dissolutionis

385 3988 560 4041 eodem
610 3991 863 4056 tempore,
919 4003 1103 4042 mense
1152 3984 1414 4039 Januario
1473 4001 1520 4038 a.
1575 3986 1738 4048 1432,
1794 3998 1891 4051 per
1945 3983 2254 4052 episcopum
2308 3985 2698 4040 Parentianum

383 4066 657 4119 Basileam
704 4066 890 4121 delata
938 4066 1125 4120 fuisse.
1199 4065 1283 4117 Ex
1321 4062 1661 4118 documentis
1710 4062 2020 4130 colligitur,
2067 4079 2180 4118 rem
2228 4079 2286 4118 se
2323 4063 2577 4117 habuisse
2617 4063 2699 4118 uti

385 4144 746 4198 narravimus.

2756 1869 2997 1912 Dissolutio

2791 1930 2968 1984 Synodi.

2755 2114 2775 2159 Κ
