3281 5014
789 1716 1503 1843 Dissertatio
1598 1708 2248 1855 trigesima
2340 1704 2815 1848 quarta.

1127 1930 1254 2011 De
1310 1921 1715 2007 Concilio
1773 1911 2469 2005 constantiensi.

343 2226 595 2334 Ὀοξζῖξζω
834 2235 890 2296 1.
938 2211 1441 2299 ῧοηεὺαῃῦἰθῃεθ
1481 2215 1839 2283 Concilium
1885 2212 2065 2274 inter
2109 2211 2361 2272 caetera
2406 2223 2713 2286 magnum
2761 2199 2961 2263 habet

651 2332 883 2397 merito
949 2327 1217 2396 nomen,
1284 2341 1359 2383 eo
1421 2314 1589 2400 quod
1651 2309 1824 2376 felici
1890 2326 2182 2371 successu
2246 2302 2313 2366 in
2383 2301 2601 2365 eodem
2665 2296 2960 2361 tristissi-

377 2354 564 2396 celebre.

649 2452 825 2496 mum
872 2418 1238 2491 Occidentis
1275 2414 1546 2479 schisma
1594 2405 2049 2491 compositum,
2109 2408 2175 2465 et
2232 2399 2457 2464 unicus
2505 2396 2734 2460 Pastor
2778 2392 2959 2477 gregi

647 2523 983 2595 christiani
1028 2515 1249 2603 populi
1293 2511 1578 2577 redditus
1625 2505 1847 2586 fuerit,
1893 2504 2085 2583 atque
2135 2496 2387 2561 Wiclefi
2433 2517 2507 2560 ac
2538 2492 2762 2558 Hussii
2809 2490 2959 2555 hae-

647 2626 803 2690 resis
862 2616 1237 2685 solemniter
1305 2606 1751 2673 condemnata.
1864 2596 2026 2662 Inde
2087 2595 2289 2680 igitur
2354 2591 2700 2676 praecipua
2766 2587 2960 2671 hujus

648 2718 920 2787 Concilii
962 2715 1136 2780 facta
1179 2705 1440 2792 speciali
1480 2695 1991 2766 consideratione
2036 2691 2314 2755 maxime
2347 2688 2546 2772 digna
2592 2688 2764 2749 sunt.
2837 2681 2959 2747 Sed

649 2820 843 2883 etiam
890 2814 1014 2878 alio
1057 2831 1136 2873 ex
1181 2804 1389 2888 capite
1425 2795 1718 2881 Synodus
1750 2787 2271 2856 Constantiensis
2319 2782 2704 2868 peculiarem
2750 2787 2960 2843 atten-

650 2918 895 2980 tionem
954 2908 1252 2972 meretur.
1368 2897 1446 2960 In
1512 2916 1584 2957 ea
1654 2889 1950 2953 videlicet
2009 2889 2150 2947 tum
2210 2880 2519 2947 doctrinis
2580 2886 2718 2941 tum
2774 2875 2961 2939 factis

647 3006 985 3078 tendentia
1044 3025 1110 3067 se
1171 2990 1616 3063 manifestavit
1680 2983 1999 3050 Ecclesiae
2060 2977 2526 3045 constitutioni
2572 2974 2729 3038 satis
2791 2972 2962 3055 peri·

652 3110 899 3182 eulosa‚
957 3097 1272 3185 oppositio
1321 3087 1634 3175 quaedam
1680 3084 1960 3147 virorum
2009 3076 2470 3141 catholicorum
2518 3076 2745 3136 contra
2788 3069 2959 3153 prin-

641 3207 884 3292 ·cipinm
941 3218 1161 3263 verum
1217 3183 1622 3254 auctoritatis
1687 3185 1755 3243 et
1809 3180 2099 3241 centrum
2159 3171 2434 3235 unitatis
2494 3192 2532 3232 a
2578 3167 2835 3232 Christo
2892 3166 2961 3228 in

651 3300 941 3370 Ecclesia
985 3290 1427 3360 constitutum,
1476 3277 1741 3363 negatio
1782 3271 2262 3358 privilegiorum
2309 3265 2732 3350 quorumdam
2777 3260 2959 3326 Sedis

646 3397 1080 3484 Apostolicae‚
1126 3392 1193 3452 et
1238 3382 1502 3447 conatus
1551 3376 1691 3458 ejus
1729 3373 1881 3456 jura
1928 3369 2100 3431 ultra
2143 3366 2242 3429 fas
2284 3360 2739 3445 restringendi.
2814 3357 2962 3422 Sin-

652 3500 802 3586 gula
857 3511 1023 3577 quae
1061 3486 1188 3550 huc
1241 3475 1576 3563 pertinent
1629 3471 1702 3532 in
1749 3468 2018 3531 decursu
2069 3462 2263 3545 hujus
2315 3457 2786 3524 dissertationis
2831 3476 2960 3518 me·

644 3599 775 3662 lius
823 3583 1320 3669 conspicienturt,
1370 3569 1555 3634 modo
1603 3569 2034 3649 opportunum
2077 3560 2222 3651 erit2
2266 3555 2585 3621 nonnulla
2629 3552 2963 3617 advertere

658 3715 738 3758 ex
796 3687 1029 3772 quibus
1076 3675 1327 3744 facilius
1379 3687 1542 3752 quae
1587 3663 1658 3725 in
1707 3657 1994 3724 Concilio
2044 3651 2532 3719 Constantiensi
2578 3649 2966 3723 acciderunt,

657 3787 963 3875 poterunt
1012 3770 1330 3859 explicari.

834 3911 896 3974 2.
952 3905 1162 3981 Quum
1206 3902 1494 3975 tempore
1542 3876 1905 3947 schismatis
1932 3861 2165 3939 'status
2212 3872 2531 3939 Ecclesiae
2580 3871 2781 3953 magis
2827 3889 2966 3931 ma..

652 4012 884 4095 gisque
950 3994 1463 4088 perturbaretur,
1538 3973 2010 4044 Universitates
2078 3976 2172 4034 et·
2213 3970 2490 4033 maxime
2561 3964 2966 4039 Parisiensis‚

658 4126 914 4172 necnon
971 4101 1261 4164 doctores
1313 4077 1679 4160 theologiae
1733 4070 1993 4154 ingenio
2050 4068 2488 4151 praestantes,
2552 4083 2749 4147 quum
2796 4058 2967 4124 schi-

655 4202 853 4268 smati
918 4185 1389 4276 exstinguendo
1445 4175 1627 4242 libris
1688 4167 1970 4249 scriptiS,
2032 4162 2506 4248 congressibuS‚
2566 4156 2968 4223 sermonibus
