3281 5014
1167 422 1598 490 Templariorum
1634 431 1839 480 reatuS.
1979 449 1985 455 ·
2560 428 2659 480 141

348 564 556 646 emplo
603 562 787 627 valde
842 585 911 628 se
969 584 1387 648 propagasse,
1445 588 1518 630 ac
1577 566 1747 630 forte
1801 590 1877 633 eo
1937 573 2222 652 tempore
2267 567 2659 652 Templario·

346 683 494 724 rum
541 658 715 724 Ordo
772 660 1183 744 corruptione
1243 662 1687 728 vehementius
1740 664 2021 729 infectus
2082 669 2200 730 est.
2305 664 2385 729 In
2447 663 2661 729 Gallia

346 757 778 833 meridionali,
848 757 947 822 uti
1004 759 1142 841 jam
1212 759 1576 838 innuimus,
1652 759 1996 844 Templarii
2063 783 2219 826 sane
2283 760 2662 845 frequenter

346 853 883 919 consuetudinem
949 854 1321 920 habuerunt
1389 878 1534 923 cum
1599 855 1925 935 CathariS,
1994 880 2265 942 quorum
2336 857 2659 922 erroribus

347 951 591 1015 multae
646 951 927 1016 familiae
984 951 1236 1016 nobiles
1289 952 1584 1017 addictae
1636 959 1856 1034 erant3
1913 954 1985 1018 in
2033 954 2303 1020 Oriente
2348 976 2501 1019 vero
2557 976 2659 1018 ex·

347 1048 558 1131 empla
606 1047 1255 1126 Muhamedanorum,
1313 1048 1621 1131 Syrorum
1668 1049 2081 1115 Palaestinae
2140 1052 2273 1116 vita
2328 1050 2539 1115 mollis
2595 1057 2661 1114 et

346 1144 788 1228 voluptatibus
855 1143 1100 1222 dedita,
1177 1144 1819 1230 Christianorumque
1892 1147 2178 1213 Orientis
2246 1148 2522 1232 lugenda
2589 1148 2658 1211 in

345 1245 551 1305 sectas
596 1241 852 1317 divisio,
908 1242 1226 1306 occasioni
1273 1264 1409 1307 esse
1452 1246 1749 1325 potuere,
1804 1248 1880 1308 ut
1924 1246 2079 1309 fides
2126 1267 2201 1310 ac
2246 1266 2453 1309 mores
2499 1245 2661 1309 mili-

345 1342 486 1402 tum
554 1339 808 1403 illorum
879 1343 1465 1422 corrumperentur.
1581 1339 1851 1416 Quando
1920 1364 2069 1406 vero
2132 1342 2489 1424 complures
2543 1340 2659 1405 Or·

344 1433 511 1498 dinis
576 1434 910 1519 dignitarii
965 1435 1206 1519 aliique
1256 1434 1604 1519 Templarii
1662 1458 1795 1501 non
1854 1440 2039 1522 pauci
2089 1436 2532 1503 incredulitati
2591 1443 2659 1501 et

344 1531 644 1614 turpibus
689 1532 1131 1615 voluptatibus
1178 1554 1247 1596 se
1292 1532 1618 1608 dedidere,
1672 1534 1811 1598 fieri
1862 1536 2150 1618 potuisse
2196 1535 2658 1613 existimamus,

344 1632 418 1692 ut
477 1628 642 1693 ritus
704 1628 801 1692 illi
861 1629 1040 1712 impii
1106 1632 1197 1692 et·
1231 1633 1452 1712 turpes
1514 1630 2107 1707 introducerentur,
2177 1632 2429 1696 etiamsi
2490 1632 2661 1695 inte-

345 1745 530 1809 grum
591 1723 907 1809 quoddam
966 1731 1249 1807 systema
1307 1724 1701 1790 haereticum
1769 1730 1836 1790 in
1895 1731 2036 1792 toto
2100 1726 2342 1791 Ordine
2400 1748 2534 1791 non
2590 1747 2658 1790 se

344 1823 676 1888 formaret.
790 1821 1125 1905 Ejusmodi
1187 1821 1417 1886 ritibus
1483 1830 1557 1885 ut
1624 1821 1932 1906 symbolis
2003 1823 2379 1908 quibusdam
2453 1823 2659 1906 expri-

346 1919 648 1983 mebatur
699 1918 1038 1983 tendentia
1095 1917 1451 1996 incredula,
1514 1941 1642 2003 qua
1697 1919 2229 1985 Christianismus
2277 1922 2417 2005 jam
2462 1919 2661 1983 habe-

345 2016 541 2079 batur
593 2020 667 2080 ut
711 2017 1086 2098 superstitio
1140 2037 1336 2092 vana,
1395 2016 1718 2099 simulque
1761 2015 2102 2081 tendentia
2152 2017 2659 2094 antinomistica,

346 2133 512 2195 quae
556 2111 946 2195 turpitudini
993 2134 1066 2177 ac
1111 2112 1431 2196 voluptati
1474 2111 1760 2176 habenas
1807 2113 2089 2178 laxabat.
2182 2114 2303 2191 Qui
2352 2113 2660 2179 Ordinem

344 2207 880 2292 ingrediebantur
923 2207 1023 2272 his
1066 2209 1316 2285 ritibus,
1361 2208 1521 2292 quin
1567 2230 1789 2274 eorum
1821 2211 2359 2293 significationem
2408 2215 2474 2275 et
2522 2231 2660 2294 per-

345 2305 717 2370 versitatem
776 2305 1039 2389 penitus
1101 2307 1567 2389 perspicerent,
1636 2305 2098 2371 addicebantur
2151 2306 2327 2371 hisce
2389 2307 2659 2371 tenden-

343 2402 483 2480 tiis,
544 2401 865 2485 simulque
920 2401 1169 2466 actibus
1222 2402 1348 2466 illis
1403 2401 1854 2465 inverecundis
1914 2401 1994 2467 ad
2038 2423 2290 2467 caecam
2333 2402 2658 2487 quandam

346 2498 779 2563 obedientiam
834 2496 1062 2564 Ordini
1120 2498 1678 2582 mancipabantur.
1780 2496 1951 2563 Nam
2004 2499 2121 2564 tali
2164 2522 2234 2564 re
2291 2503 2662 2584 perpetrata

344 2595 732 2659 videbantur
777 2597 1166 2660 necessitate
1213 2596 1493 2679 quadam
1541 2593 1769 2659 Ordini
1808 2595 2131 2674 adstricti,
2188 2596 2661 2679 terroribusque

346 2691 613 2775 adjectis
658 2692 985 2756 silentium
1032 2714 1105 2757 ac
1149 2691 1488 2757 submissio
1534 2691 1832 2756 absoluta
1874 2692 2002 2756 illis
2048 2693 2513 2759 inculcabatur.

324 2909 327 2912 ⁴
523 2850 627 2914 56.
684 2847 1166 2913 Advertendum
1227 2870 1412 2931 porro
1455 2852 1582 2923 est,
1642 2847 1849 2912 medio
1895 2869 2052 2912 aevo
2102 2849 2379 2913 maxime
2424 2848 2493 2913 in
2537 2870 2657 2913 usu

346 2947 575 3026 fuisse,
629 2951 706 3009 ut
759 2944 1087 3008 doctrinae
1141 2949 1206 3008 et
1259 2966 1465 3009 mores
1528 2945 1834 3026 symbolis
1889 2944 2080 3008 variis
2131 2944 2487 3029 ritibusque
2544 2967 2650 3009 ex-

345 3043 797 3127 primerentur.
904 3041 982 3106 In
1043 3041 1326 3106 Ecclesia
1381 3040 1747 3105 invenimus
1807 3062 2056 3105 summo
2116 3063 2283 3106 cum·
2311 3041 2654 3126 splendore

344 3140 509 3205 ritus
556 3144 623 3204 et
666 3161 821 3204 usus
874 3143 1133 3202 sanctos
1193 3159 1267 3202 ac
1311 3138 1710 3202 venerandos
1763 3136 2115 3220 adhibitos;
2170 3137 2280 3201 sed
2329 3139 2464 3223 jam
2513 3137 2657 3202 affi-

345 3259 461 3300 nes
524 3236 698 3302 hisce
761 3235 1114 3319 reperimus
1177 3235 1337 3297 ritus
1401 3233 1712 3318 quosdam
1774 3234 2162 3318 incongruos
2230 3239 2298 3299 et
2359 3234 2656 3313 ludicrOS,

346 3355 504 3418 quos
555 3335 902 3398 auctoritas
958 3331 1385 3396 ecclesiastica
1429 3352 1564 3394 non
1620 3330 1752 3394 nisi
1793 3351 2029 3414 magna
2085 3352 2228 3394 cum
2275 3330 2657 3395 difficultate

345 3435 569 3514 postea
612 3431 1004 3514 supprimere
1035 3428 1263 3512 potuit.
1275 3425 1326 3511 1)
1399 3427 1605 3504 Quum
1654 3449 1730 3491 ex
1770 3448 1900 3490 una
1948 3431 2130 3509 parte
2174 3428 2461 3492 ardentis
2508 3428 2657 3492 fidei

345 3528 901 3592 manifestationes
946 3527 1320 3610 frequentes
1354 3529 1569 3588 essent
1615 3527 1681 3587 et
1726 3521 2062 3607 disciplina
2106 3524 2317 3609 rigida
2347 3524 2541 3589 variis
2584 3524 2653 3588 in

345 3624 606 3690 familiis
660 3624 974 3710 religiosis
1030 3623 1310 3706 vigeret,
1369 3642 1447 3684 ex
1509 3619 1713 3684 altera
1775 3625 1957 3703 parte
2009 3620 2181 3685 haud
2237 3643 2381 3686 raro
2436 3642 2656 3685 occur-

343 3722 544 3786 rimus
613 3723 975 3786 malesanae
1039 3719 1288 3785 cuidam
1352 3716 1762 3795 tendentiae,
1835 3723 1910 3780 ut
1977 3722 2250 3782 naturae
2318 3723 2657 3802 corruptae

345 3819 521 3883 nisus
579 3818 993 3884 inverecundi
1049 3838 1122 3882 ac
1176 3820 1397 3898 turpes
1454 3835 1715 3897 quoque
1759 3813 2055 3878 valerent
2102 3820 2169 3879 et
2224 3815 2655 3898 exprimeren-

526 4077 567 4143 ¹)
605 4076 727 4131 Huc
763 4075 1044 4145 pertinent
1082 4091 1162 4142 ea,
1200 4090 1336 4142 quae
1375 4075 1433 4129 in
1470 4073 1630 4128 festis
1669 4071 1811 4127 asini
1860 4077 1917 4127 et
1955 4072 2245 4126 stultorum
2288 4072 2499 4127 ludicre
2534 4088 2656 4140 per-

345 4156 442 4225 agi
480 4156 747 4211 solebant.

2708 1827 2959 1901 Exn-plicatio
