3281 5014
1195 475 1546 529 Innocentius
1570 473 1727 528 VIII.
2320 458 2321 461 ¹
2507 471 2612 523 433

297 619 648 684 Pontifices
716 619 984 683 eximios
1059 639 1193 682 non
1262 620 1663 691 numeretur,
1730 614 2052 679 immerito
2119 616 2340 676 tamen
2406 611 2614 675 multa

299 718 358 780 ei
407 715 660 800 objecta
706 716 995 780 fuerunt.

476 848 579 911 39.
656 845 907 910 Habuit
979 846 1400 910 Innocentius
1474 843 1542 907 in
1616 843 1756 906 vita
1829 863 1941 905 sua
2008 840 2331 904 anteriore
2398 839 2614 922 plures
2666 848 2911 893 Innooentii

297 944 557 1017 liberos:
617 943 728 1007 sed
784 943 1159 1009 existimant
1214 962 1440 1026 graves
1498 943 1789 1004 auctores
1840 959 1983 1002 cum
2042 935 2405 1011 Ciacconio‚
2468 956 2613 998 eum
2723 916 2858 964 gem

296 1032 669 1124 priusquam
747 1038 1017 1105 Ordines
1100 1039 1486 1121 susciperet,
1556 1034 1968 1099 matrimonio
2021 1035 2326 1117 junctum
2398 1032 2614 1108 fuisse,

298 1137 581 1220 adeoque
645 1136 889 1219 prolem
954 1137 1152 1200 fuisse
1223 1129 1684 1220 legitimam.)
1751 1129 2081 1194 Vivebant
2143 1151 2296 1193 vero
2362 1129 2614 1212 quaudo

298 1231 601 1301 Pontifex
657 1233 865 1296 factus
921 1237 1019 1296 est
1073 1231 1521 1305 Innocentius„
1580 1227 1990 1292 Theodorina
2035 1226 2171 1291 filia
2220 1227 2352 1310 jam
2408 1228 2616 1308 nupta

300 1328 581 1394 Gerardo
661 1328 943 1393 Usimari
1014 1328 1378 1405 Genuensi,
1461 1329 1527 1390 et
1598 1323 1984 1388 Franciscus
2059 1321 2439 1389 filius.1n
2519 1321 2616 1385 fa-

300 1425 544 1489 miliam
605 1446 785 1488 suam
849 1426 1118 1488 nimium
1176 1423 1456 1488 favorem
1519 1421 1908 1498 ostendisse,
1967 1424 2043 1483 ut
2095 1441 2233 1483 eam
2279 1420 2615 1495 exaltaret,

298 1522 495 1585 etiam
557 1520 660 1584 hic
719 1519 1020 1586 Pontifex
1080 1519 1407 1605 arguitur,
1470 1504 1763 1601 quamvis
1822 1538 1898 1580 ex
1961 1516 2147 1581 dictis
2204 1516 2393 1598 plura
2454 1537 2616 1598 quae

298 1617 450 1681 fecit
496 1638 611 1700 per
653 1638 721 1680 se
767 1637 901 1681 non
948 1616 1290 1681 videantur
1333 1612 1878 1697 reprehendenda.
1963 1611 2146 1694 Quod
2193 1611 2366 1675 enim
2414 1610 2616 1676 Fran-

298 1713 465 1780 cisco
540 1713 787 1778 nobiles
856 1713 1116 1796 nuptias
1190 1711 1613 1796 Magdalenae
1693 1709 1862 1773 filiae
1938 1708 2273 1773 Laurentii
2347 1703 2614 1773 Medicei

298 1809 764 1893 procuraverit,
850 1831 983 1873 non
1059 1808 1519 1874 inconveniens
1594 1805 1791 1870 fuisse
1867 1804 2133 1888 dixeris;
2219 1804 2325 1869 sed
2403 1805 2616 1869 minus

296 1905 485 1968 laude
548 1905 813 1991 dignum
881 1905 1035 1983 fuit,
1113 1903 1285 1989 quod
1346 1903 1668 1968 Joannem
1743 1900 2125 1979 Mediceum,
2193 1900 2616 1986 Magdalenae

299 2004 588 2081 fratrem,
648 2024 821 2067 anno
873 2003 1076 2081 1488,
1136 2023 1334 2085 quum
1378 1998 1827 2064 tantummodo
1873 1999 2178 2064 tredecim
2236 2019 2441 2062 annos
2501 1997 2616 2062 ha·
2668 1911 2696 2083 l

299 2099 509 2177 beret,
584 2097 940 2164 Cardinalis
1004 2098 1323 2183 dignitate
1388 2100 1672 2162 ornaret.
1779 2094 2021 2160 Addita
2090 2099 2188 2159 est
2251 2098 2472 2158 tamen
2542 2116 2617 2158 ea

301 2195 613 2274 conditi0,
688 2201 762 2260 ut
830 2195 1118 2280 insignia
1185 2218 1319 2260 non
1379 2195 1692 2270 sumeret,
1757 2213 1877 2256 nec
1943 2193 2011 2256 in
2078 2191 2431 2276 Collegium
2502 2192 2615 2255 ad-

301 2292 674 2357 mitteretur
723 2293 847 2357 nisi
905 2296 1055 2376 post
1111 2291 1357 2375 aliquos
1418 2311 1644 2355 annos
1746 2287 1822 2353 Id
1868 2288 2062 2352 etiam
2117 2288 2346 2352 merito
2402 2289 2615 2372 plures

303 2392 647 2464 notarunt,
719 2387 889 2472 quod
962 2385 1384 2451 Laurentium
1457 2384 1649 2463 Cibo,
1733 2385 1955 2449 fratris
2030 2383 2236 2448 filium
2310 2386 2615 2468 spurium,

300 2485 845 2569 archiepiscopum
921 2482 1453 2550 Beneventanum
1542 2503 1615 2546 ac
1696 2481 1843 2546 dein
1935 2481 2132 2546 etiam
2209 2481 2611 2547 Cardinalem

300 2583 632 2647 creaverit.

476 2712 581 2775 40.
648 2710 898 2776 Bellum
963 2715 1188 2776 contra
1248 2710 1489 2776 Turcas
1551 2711 1811 2795 quidem
1870 2711 2177 2777 Pontifex
2240 2732 2612 2795 promovere

300 2808 577 2884 studuit,
652 2808 759 2871 sed
816 2808 1136 2891 principes
1198 2807 1531 2872 christiani
1591 2807 1980 2873 socordiores
2041 2809 2166 2873 isto
2221 2808 2289 2873 in
2352 2809 2614 2893 negotio

299 2907 769 2969 remanserunt.
865 2902 1137 2967 Zizimus
1184 2901 1523 2992 (Dschem)
1572 2910 1825 2984 tamen,
1883 2903 2232 2969 Turcarum
2297 2904 2613 2989 princepS,

299 3000 409 3111 qui
468 3006 695 3064 contra
751 2983 1068 3062 fratrem
1069 3020 1258 3062 suum
1313 2998 1580 3083 Bajazet
1634 3000 2084 3083 imperatorem
2133 3000 2484 3065 Turcarum
2535 3003 2613 3067 de

298 3096 566 3180 imperio
630 3094 1074 3173 dimicaverat,
1141 3096 1346 3161 victus
1411 3096 1489 3160 ad
1552 3095 1952 3161 Christianos
2018 3096 2342 3180 confugit,
2401 3102 2467 3162 et
2531 3100 2612 3163 ab

298 3193 623 3277 equitibus
669 3190 1141 3256 Rhodiensibus
1200 3193 1476 3275 primum
1535 3193 1605 3257 in
1655 3190 1962 3273 Galliam,
2023 3192 2173 3256 dein
2232 3194 2462 3260 missus
2512 3198 2614 3259 est

298 3290 378 3353 ad
443 3288 890 3354 Innocentium
935 3286 1145 3367 VIII.‚
1209 3289 1320 3372 qui
1386 3310 1531 3352 eum
1591 3287 1940 3352 honorifice
2005 3287 2248 3354 Romae
2312 3290 2613 3367 detinuit,

296 3384 457 3451 Inde
517 3385 760 3449 factum
826 3387 927 3448 est
984 3389 1059 3449 ut
1107 3382 1378 3469 Bajazet
1436 3388 1660 3469 ageret
1713 3406 1857 3449 cum
1913 3385 2260 3463 Pontifice,
2325 3409 2408 3452 ne
2467 3408 2612 3451 eum

296 3482 657 3546 dimitteret
732 3480 811 3543 ad
885 3481 1109 3545 turbas
1177 3481 1247 3545 in
1318 3481 1583 3564 imperio
1650 3480 2000 3545 Turcarum
2069 3482 2471 3563 excitandaS,
2546 3490 2611 3548 et

294 3584 437 3643 tum
505 3578 715 3642 varias
783 3598 993 3642 sacras
1060 3577 1365 3662 reliquias
1433 3577 1745 3652 traderet,
1822 3582 1963 3641 tum
2038 3578 2337 3661 pecunias
2406 3581 2609 3646 solve-

295 3681 413 3741 ret.
527 3673 875 3758 Displicuit
943 3674 1296 3758 aliquibuS,
1368 3673 1534 3758 quod
1594 3673 1757 3738 tales
1820 3674 2169 3739 relationes
2232 3676 2404 3741 inter
2465 3675 2610 3743 Sul-

476 3880 516 3949 ¹)
557 3881 859 3936 Secundum
896 3882 1031 3936 alios
1068 3882 1302 3937 leviores
1343 3882 1569 3937 fuerunt
1600 3881 1831 3935 Joannis
1867 3898 2044 3937 mores
2093 3899 2253 3950 quum
2290 3885 2607 3940 adolescens

295 3964 468 4026 esset,
523 3961 819 4029 habuitque
865 3970 996 4015 tunc
1042 3960 1366 4029 illegitimos
1416 3960 1588 4014 filium
1635 3966 1694 4015 et
1739 3959 1883 4014 filias
1930 3962 2132 4030 plures·
2227 3962 2370 4017 Dein
2418 3965 2607 4020 matri-

292 4039 529 4093 monium
565 4038 717 4102 iniit,
768 4044 824 4093 et
858 4039 1053 4094 viduus
1100 4039 1282 4094 factus
1328 4041 1612 4110 ingressus
1661 4045 1747 4094 est
1792 4039 1850 4093 in
1899 4046 2106 4094 statum
2154 4042 2607 4107 ecclesiasticum,

292 4117 351 4170 in
399 4134 502 4185 quo
548 4119 891 4185 negotiorum
940 4118 1140 4185 peritia
1187 4126 1244 4174 et
1298 4120 1482 4174 indole
1530 4118 1654 4174 miti
1715 4119 1995 4174 excelluit.
2080 4121 2146 4175 V.
2199 4122 2612 4189 Hergenrother

292 4195 362 4250 K.
401 4196 466 4250 G.
505 4197 565 4249 Τ.
604 4197 678 4249 ΙΙ.
716 4196 839 4251 Per.
863 4197 959 4251 VI.
998 4197 1055 4252 C.
1097 4199 1140 4252 Ι.
1179 4216 1230 4252 ιι.
1274 4197 1397 4253 165.

2297 4284 2397 4339 28*
