3281 5014
333 1567 504 1610 Electio
536 1568 644 1609 anti·

419 1641 567 1683 papae.

668 406 773 459 258
1159 404 1418 459 XXXIII.
1464 405 1547 459 De
1584 421 1785 474 magno
1824 404 2138 459 Occidentis
2174 406 2487 461 schismate.

668 548 895 612 saltem
944 551 1124 629 parte
1170 567 1389 611 revera
1437 546 1556 610 sub
1601 546 1719 609 tali
1767 551 1977 610 metus
2034 546 2282 610 influxu
2338 545 2556 623 fuisse,
2616 551 2690 610 ut
2748 547 2979 611 electio

669 643 882 707 valore
927 647 1195 708 careret.
1287 642 1480 708 Haud
1527 642 1700 706 enim
1746 641 2070 718 auderem,
2130 663 2352 706 omnes
2411 641 2554 706 illos
2606 642 2977 707 Cardinales

665 740 817 804 talis
863 760 1132 824 arguere
1178 739 1642 823 perversitatis,
1695 744 1768 802 ut
1817 761 1973 822 puro
2020 749 2086 803 et
2131 737 2356 822 putido
2389 739 2720 804 mendacio
2748 741 2977 804 contra

667 844 950 901 mentem
998 842 1066 901 et
1111 837 1585 920 persuasionem
1629 857 1811 899 suam
1843 836 2125 899 valorem
2157 834 2488 900 electionis
2521 840 2860 920 negarent.
2889 869 2970 878 —

665 931 1013 998 Praeterea
1082 955 1232 999 vero
1303 954 1448 997 cum
1511 952 1663 1016 rege
1719 930 1967 996 Galliae
2029 935 2095 995 et
2164 931 2476 995 fratribus
2533 932 2674 1016 ejus
2730 941 2976 995 secreto

663 1033 1132 1112 tractaverunt3
1214 1035 1459 1094 metum
1538 1030 1617 1093 iis
1695 1029 2090 1112 injecerunt,
2170 1049 2251 1091 ne
2327 1025 2632 1092 Urbanus
2704 1047 2977 1111 regnum

662 1127 1048 1191 Arelatense
1115 1126 1269 1210 ipsis
1338 1125 1629 1209 eriperet.
1732 1123 1924 1188 Unde
1991 1123 2070 1188 ad
2138 1123 2566 1209 dejiciendum
2633 1122 2978 1188 Urbanum

662 1223 916 1287 incitati
964 1244 1103 1287 esse
1150 1222 1468 1301 videntur,
1517 1222 1619 1285 vel
1665 1223 1895 1286 saltem
1941 1217 2231 1285 testante
2275 1220 2608 1286 Bonifatio
2636 1219 2756 1285 lX.
2804 1220 2977 1284 anti-

663 1341 894 1403 papam
942 1341 1077 1383 non
1123 1319 1482 1403 elegerunt,
1536 1317 1741 1382 donec
1784 1318 2162 1401 pestiferum
2221 1339 2554 1382 assensum
2611 1317 2971 1400 principum

666 1415 916 1480 Galliae
958 1412 1459 1499 obtinuerunt.¹)

842 1549 946 1611 23.
1011 1546 1234 1612 Mense
1292 1546 1490 1612 Junio
1552 1548 1804 1613 aversio
1850 1546 2289 1612 Cardinalium
2351 1546 2556 1629 magis
2626 1565 2694 1608 se
2762 1543 2974 1608 mani-

663 1645 956 1723 festavit,
1024 1648 1091 1707 et
1137 1645 1273 1728 jam
1337 1643 1703 1721 edicebant,
1774 1643 2123 1709 invalidam
2198 1664 2340 1707 esse
2409 1641 2788 1707 electionem
2845 1638 2974 1704 Ur-

664 1742 845 1826 bani3
915 1744 1201 1806 attamen
1273 1740 1562 1806 nondum
1622 1744 2093 1819 convenerant,
2169 1762 2299 1824 qua
2357 1739 2609 1803 ratione
2669 1735 2974 1821 procede-

661 1842 826 1904 rent.
921 1838 1121 1902 Varia
1185 1837 1268 1900 ab
1331 1835 1601 1902 Urbano
1664 1837 1813 1901 dein
1877 1840 2132 1902 tentata
2189 1841 2347 1901 sunt
2414 1835 2623 1900 media
2684 1834 2972 1899 reconci-

659 1934 951 1998 liationis
1006 1955 1120 2017 per
1177 1931 1548 1998 Cardinales
1608 1934 1826 1999 ItaloS.
1919 1932 2224 1998 Urbanus
2286 1953 2565 2016 eousque
2624 1931 2832 2008 cessit,
2896 1942 2972 1995 ut

664 2030 924 2114 offerret
987 2030 1169 2094 litem
1225 2029 1649 2094 dirimendam
1711 2031 2079 2114 relinquere
2144 2030 2426 2095 Concilio
2490 2028 2797 2112 generali,
2858 2029 2968 2092 sed

662 2127 856 2190 etiam
902 2125 1070 2190 hanc
1114 2128 1617 2209 propositionem
1660 2126 2031 2192 Cardinales
2078 2126 2549 2191 ultramontani
2591 2127 2974 2210 rejecerunt.

657 2220 901 2286 Versus
946 2223 1141 2286 finem
1170 2222 1451 2307 Augusti
1499 2223 1766 2306 profecti
1811 2228 1970 2287 sunt
2001 2221 2279 2304 Fundos,
2324 2227 2519 2307 atque
2566 2227 2724 2286 tunc
2772 2222 2971 2286 etiam

659 2317 812 2383 Itali
857 2340 925 2383 se
970 2319 1125 2402 ipsis
1153 2319 1542 2403 junxerunt,
1589 2327 1857 2405 excepto
1889 2318 2216 2385 Cardinali
2248 2318 2311 2384 S.
2344 2318 2521 2383 Petri
2564 2323 2971 2402 aegrotante,

661 2416 773 2501 qui
819 2414 1087 2480 Urbano
1134 2415 1334 2481 fidelis
1380 2438 1581 2501 usque
1636 2417 1717 2481 ad
1758 2422 2053 2496 mortem,
2112 2422 2178 2481 et
2231 2421 2502 2494 testans,
2563 2416 2770 2498 ipsum
2828 2436 2968 2479 esse

657 2512 1062 2592 Pontificem,
1107 2513 1210 2579 die
1257 2511 1327 2578 7⁰
1370 2513 1770 2598 Septembris
1830 2515 2135 2599 migravit
2189 2514 2270 2578 ad
2316 2512 2662 2578 Christum.
2755 2510 2969 2576 Urba·

657 2633 783 2674 nus
829 2616 1045 2675 autem
1089 2612 1263 2676 inter
1307 2612 1463 2676 haec
1517 2611 1885 2676 discrimina
1938 2610 2500 2676 vehementissima
2553 2609 2809 2695 quidem
2866 2613 2969 2673 est

659 2707 926 2772 affectus
971 2708 1268 2790 tristitia3
1327 2707 1439 2771 sed
1484 2707 1888 2772 confortatus
1934 2708 2212 2772 maxime
2259 2731 2298 2772 a
2342 2705 2405 2772 S.
2455 2705 2804 2772 Catharina
2852 2704 2965 2770 Se·

658 2804 862 2881 nensi,
908 2808 1207 2869 constans
1248 2805 1318 2869 in
1365 2804 1576 2869 officio
1620 2826 1736 2868 suo
1779 2805 2153 2887 permansit,
2198 2809 2265 2869 et
2310 2825 2508 2887 quum
2557 2804 2638 2867 ab
2669 2802 2970 2869 omnibus

657 2900 1107 2965 cardinalibus
1138 2899 1480 2965 derelictus
1519 2905 1708 2979 esset,
1750 2901 1856 2966 die
1893 2899 2004 2966 18ο
2033 2900 2428 2985 Septembris
2469 2901 2702 2985 viginti
2732 2920 2966 2965 novem

659 2996 1032 3062 Cardinales
1075 3018 1272 3062 novos
1319 2996 1578 3060 creavit.
1672 2996 1796 3062 Die
1842 3004 2060 3064 autem
2107 2999 2364 3063 nefasto
2410 2997 2527 3060 20⁰
2573 2996 2966 3080 Septembris

664 3091 1036 3158 Cardinales
1081 3093 1351 3158 rebelles
1395 3092 1670 3158 schisma
1715 3101 2269 3174 consummarunt,
2327 3103 2393 3159 et
2440 3094 2793 3159 Robertum
2838 3091 3020 3185 Ge7„

654 3192 1051 3265 bennensem
1096 3190 1436 3275 elegerunt
1465 3191 1533 3255 in
1582 3192 1977 3277 antipapam.
2053 3192 2277 3256 Modus
2306 3187 2633 3257 electionis
2693 3193 2829 3276 ejus
2874 3191 2966 3254 sic

654 3287 1038 3351 describitur
1081 3287 1147 3351 in
1198 3286 1599 3371 depositione
1640 3288 1823 3353 Petri
1876 3289 1954 3354 de
2001 3289 2250 3367 Croeso,
2312 3289 2769 3373 archiepiscopi
2822 3292 2959 3351 tum

655 3383 1058 3448 Arelatensis
1120 3391 1186 3448 et
1240 3384 1588 3449 Camerarii
1646 3385 1886 3469 Papae:
1948 3384 2115 3451 Item
2170 3385 2360 3468 quod>
2392 3390 2523 3450 tres
2581 3382 2966 3449 Cardinales

658 3477 883 3544 Italici
926 3483 1332 3564 accesserunt
1391 3478 1479 3545 ad
1532 3479 1758 3545 villam
1803 3480 2195 3548 Fundorum
2250 3503 2446 3564 super
2499 3486 2789 3547 tractatu
2843 3481 2961 3546 ele-

652 3574 908 3655 ctioniS,
962 3579 1024 3640 et
1068 3575 1337 3657 quilibet
1389 3575 1684 3658 ipsorum
1718 3579 2193 3661 praesumebat,
2258 3579 2428 3661 quod
2486 3578 2832 3661 eliyeretur
2888 3578 2963 3643 in

655 3671 927 3755 Papam.
1018 3672 1112 3737 Et
1184 3693 1330 3737 cum
1395 3693 1534 3739 una
1600 3673 1705 3740 die
1776 3697 1993 3741 omnes
2069 3675 2451 3742 Cardinales
2521 3681 2582 3741 et
2655 3675 2757 3741 illi
2823 3681 2964 3741 -tres

655 3767 879 3833 Italici
921 3767 1254 3834 intrarent
1296 3768 1371 3834 in
1416 3769 1873 3837 consistorium
1917 3771 2039 3838 iste
2092 3772 2513 3838 Camerarius
2568 3772 2964 3839 custodiebat

643 3869 944 3949 portam:
1017 3866 1111 3930 Et
1183 3871 1338 3932 tunc
1413 3866 1586 3932 dixit
1669 3868 1971 3934 dominus
2039 3869 2419 3936 Cardinalis
2483 3869 2963 3935 Lemovicensis

650 3961 912 4028 domino
975 3960 1319 4029 Gardinali
1377 3962 1792 4045 Florentino,
1854 3966 2024 4048 quod
2088 3965 2402 4050 inciperet
2457 3966 2960 4050 propositonem,

835 4138 876 4205 ¹)
914 4138 993 4192 Cf.
1031 4139 1245 4206 Hefele,
1282 4139 1340 4193 C.
1379 4140 1461 4206 G„
1497 4140 1593 4194 VI.
1632 4138 1682 4209 ἕ.
1720 4144 1838 4196 713.
