3281 5014
664 412 769 463 346
929 409 1151 464 XXXV.
1189 411 1271 464 De
1310 409 1511 463 Concil.
1550 409 1859 465 Basileensi
1898 427 1959 463 ac
1998 410 2065 464 de
2104 410 2319 478 Synodo
2358 409 2695 463 Florentina.

661 573 910 615 sacrum
968 552 1271 636 generale
1319 550 1674 616 Concilium
1732 555 1979 634 quanto
2036 552 2224 616 citius
2273 552 2656 626 celebretur,
2717 550 2824 614 sed
2882 574 2977 616 so·

663 647 985 712 lummodo
1044 648 1123 711 ad
1179 648 1663 732 exstirpandam
1723 646 2035 713 haeresim
2078 647 2505 712 Bohemorum
2570 652 2637 710 et
2695 647 2774 710 ad
2834 669 2976 712 con·

661 743 1002 809 ciliandam
1065 766 1284 829 pacem
1347 745 1524 808 inter
1580 766 1801 808 omnes
1865 743 2106 808 Christi
2170 743 2415 821 fideles,
2493 766 2626 807 non
2689 765 2836 807 vero
2898 744 2978 807 ad

659 841 1137 905 reformandum
1199 845 1444 906 statum
1505 841 2009 905 ecclesiasticum
2074 848 2137 904 et
2196 842 2273 904 ad
2339 840 2737 905 efficiendam
2801 841 2978 905 unio·

661 959 808 1001 nem
858 936 1268 1003 Graecorum.
1359 937 1552 1002 Haud
1599 937 1790 1001 dubie
1838 939 1916 1002 ad
1965 938 2130 1002 hanc
2184 939 2457 1022 primam
2503 938 2977 1002 concessionem

661 1033 1019 1097 faciendam
1075 1033 1555 1100 Basileensibus
1610 1035 1949 1119 Eugenius
2007 1033 2318 1099 adductus
2379 1041 2480 1099 est
2541 1034 2777 1098 litteris
2834 1033 2979 1098 Car·

660 1130 897 1195 dinalis
951 1130 1197 1196 Juliani
1259 1138 1324 1196 et
1389 1131 1802 1214 Imperatoris
1870 1129 2289 1214 Sigismundi.
2397 1130 2521 1196 sed
2573 1130 2978 1195 Basileenses

661 1227 827 1291 hanc
871 1226 1204 1292 Pontificis
1263 1230 1735 1293 concessionem
1794 1233 2210 1311 respuerunt,
2282 1234 2348 1294 et
2400 1229 2547 1293 dein
2598 1229 2736 1312 jam
2784 1228 2980 1292 hosti-

660 1324 786 1387 lem
850 1330 1075 1389 contra
1139 1324 1501 1408 Eugenium
1566 1323 1681 1389 IV.
1751 1327 2038 1389 animum
2098 1327 2305 1409 magis
2367 1327 2704 1409 magisque
2771 1326 2978 1388 mani·

661 1419 1011 1486 festarunt.

340 1580 501 1652 Vanae
528 1579 624 1622 Ses·
844 1571 942 1634 11.
991 1567 1285 1632 Sessione
1331 1568 1553 1650 tertia,
1608 1567 1831 1631 habita
1878 1568 1979 1631 die
2027 1565 2142 1632 29⁰
2187 1566 2457 1652 Aprilis,
2513 1569 2767 1634 decreta
2814 1569 2976 1634 Con-

410 1654 564 1684 ⁸¹⁰¹¹⁸⁵'
662 1666 1047 1730 stantiensia
1105 1665 1343 1729 iterum
1401 1664 1777 1728 confirmata
1838 1670 2023 1743 sunt,
2089 1672 2156 1728 et
2216 1666 2292 1730 iis
2351 1666 2732 1730 insistentes
2792 1668 2977 1731 mise·

660 1768 817 1827 runt
878 1762 955 1826 ad
1013 1761 1372 1846 Eugenium
1435 1766 1503 1825 et
1565 1761 1937 1826 Cardinales
2001 1765 2316 1843 oratoreS,
2386 1763 2497 1845 qui
2558 1768 2852 1845 peterent
2912 1769 2979 1826 et

660 1861 1091 1943 requirerent,
1168 1863 1243 1924 ut
1307 1858 1616 1941 abrogato
1681 1857 2119 1922 dissolutionis
2184 1857 2470 1941 decreto,
2540 1858 2846 1923 Pontifex
2912 1864 2978 1923 et

660 1956 1027 2021 Cardinales
1091 1955 1264 2019 intra
1321 1954 1824 2038 peremptorium
1881 1955 2075 2018 trium
2138 1955 2453 2019 mensium
2504 1956 2847 2019 terminum
2896 1955 2978 2019 ad

660 2052 1016 2119 Concilium
1081 2053 1408 2129 venirent,
1485 2052 1580 2114 vel
1647 2052 1703 2114 si
1770 2050 2060 2134 impediti
2130 2055 2370 2126 essent,
2442 2051 2687 2135 legatos
2756 2053 2976 2116 mitte-

659 2154 823 2213 rent.
890 2184 965 2193 —
1035 2147 1275 2212 Eodem
1333 2153 1619 2229 tempore
1677 2148 2053 2211 nuntiatum
2104 2152 2232 2226 est,
2291 2149 2783 2212 conventionem
2831 2171 2977 2212 cum

659 2245 956 2310 Bohemis
1003 2244 1397 2326 (Calixtinis)
1459 2265 1593 2307 esse
1652 2244 1919 2319 factam,
1988 2249 2053 2307 et
2100 2242 2460 2308 Cardinalis
2507 2243 2809 2309 Julianus
2866 2267 2978 2309 no·

658 2365 803 2407 vam
873 2342 1209 2426 epistolam
1279 2341 1531 2424 scripsit
1600 2340 1681 2404 ad
1746 2340 2108 2425 Eugenium
2173 2362 2288 2423 pro
2359 2340 2625 2406 Concilii
2695 2341 2977 2406 celebra-

659 2441 838 2504 tione
902 2444 966 2503 et
1024 2436 1607 2521 continuatione‚¹)
1678 2459 1841 2522 quae
1912 2438 2081 2522 stylo
2140 2437 2618 2502 vehementiore
2679 2439 2974 2503 confecta

660 2541 785 2613 est,
843 2538 936 2601 ita
982 2541 1057 2601 ut
1102 2558 1234 2601 non
1282 2536 1523 2611 desint,
1582 2536 1693 2618 qui
1737 2558 1875 2599 eam
1924 2535 2169 2599 habent
2220 2540 2292 2599 ut
2344 2536 2837 2619 supposititiam.
2891 2573 2970 2583 —-

659 2633 962 2700 Sessione
1018 2639 1281 2716 quarta,
1336 2631 1559 2695 habita
1617 2633 1718 2697 die
1766 2630 1885 2694 20⁰
1938 2631 2152 2714 Junii,
2209 2631 2506 2697 Bohemis
2564 2633 2836 2717 aliisque
2894 2632 2974 2696 ad

661 2730 1015 2795 Concilium
1084 2730 1320 2793 vocatis
1386 2729 1597 2792 salvus
1659 2730 2010 2793 conductus
2070 2728 2257 2792 datus
2317 2734 2444 2806 est,
2503 2736 2570 2793 et
2628 2729 2972 2803 decretum,

666 2833 735 2893 ut
790 2829 842 2891 si
889 2827 1163 2891 durante
1208 2823 1494 2889 Concilio
1541 2824 1915 2907 Apostolica
1964 2824 2159 2890 Sedes
2205 2830 2491 2903 vacaret,
2547 2848 2751 2891 novus
2796 2825 2972 2890 Pon-

660 2925 818 2988 tifex
868 2924 1215 3008 eligeretur
1259 2922 1327 2985 in
1384 2923 1521 3004 ipso
1570 2920 1881 2998 Concilio,
1941 2923 2312 3005 electusque
2368 2923 2641 2987 durante
2690 2922 2974 2988 Concilio

661 3043 792 3085 non
856 3023 1103 3084 crearet
1166 3040 1365 3084 novos
1432 3016 1808 3082 Cardinales
1875 3039 2086 3101 neque
2148 3016 2520 3082 Cardinales
2583 3042 2622 3084 a
2684 3018 2977 3084 Concilio

659 3121 973 3179 avocaret.
1063 3113 1146 3179 In
1192 3115 1611 3199 sequentibus
1660 3113 2052 3178 sessionibus
2099 3136 2296 3197 usque
2344 3113 2426 3178 ad
2470 3114 2776 3181 decimam
2824 3136 2971 3179 sex-

660 3218 821 3290 tam,
880 3233 1045 3295 quae
1100 3211 1323 3277 habita
1382 3216 1481 3275 est
1537 3211 1638 3274 die
1697 3209 1768 3274 5⁰
1815 3209 2145 3274 Februarii
2203 3234 2260 3276 a.
2314 3214 2512 3295 1434,
2573 3213 2973 3278 Basileenses

660 3310 726 3372 in
779 3330 893 3372 suo
948 3308 1206 3374 dissidio
1260 3330 1403 3373 cum
1462 3307 1754 3391 Eugenio
1798 3307 1915 3372 IV.
1972 3308 2428 3391 perstiterunt,
2486 3312 2691 3374 multa
2747 3310 2972 3374 Ponti-

659 3405 761 3469 fici
807 3405 1123 3490 injuriosa
1167 3406 1673 3479 constituerunt,
1733 3407 1799 3467 et
1842 3407 1974 3487 jam
2030 3404 2106 3469 de
2152 3406 2290 3488 ejus
2335 3404 2732 3489 depositione
2780 3427 2973 3490 agere

660 3501 796 3565 ausi
861 3506 1033 3566 sunt.
1138 3500 1492 3565 Cardinalis
1558 3507 1778 3565 autem
1838 3500 2138 3566 Julianus
2203 3508 2346 3586 post
2415 3503 2763 3567 sessionem
2827 3524 2971 3567 sex-

553 3589 556 3592 *
658 3603 790 3662 tam
849 3599 1346 3683 praesidentiam
1404 3599 1638 3661 iterum
1695 3603 2090 3682 susceperat,
2149 3620 2345 3682 quum
2391 3621 2428 3662 a
2472 3600 2735 3683 reliquis
2780 3600 2971 3663 vehe-

662 3697 911 3758 menter
970 3701 1323 3779 urgeretur.
1428 3694 1631 3770 Quam
1694 3694 1963 3778 exiguus
2020 3716 2166 3758 vero
2225 3695 2424 3760 fuerit
2488 3718 2791 3761 numerus
2847 3695 2971 3761 Pa-

660 3799 835 3854 trum
894 3791 1043 3855 inde
1095 3792 1386 3876 colligeS,
1450 3790 1621 3874 quod
1676 3791 1948 3854 sessioni
2004 3797 2225 3855 sextae
2279 3791 2378 3855 die
2445 3789 2517 3855 6⁰
2573 3790 2970 3875 Septembris

658 3910 713 3950 a.
771 3888 933 3951 1432
993 3889 1339 3952 adfuerunt
1397 3893 1655 3951 tantum
1713 3887 1984 3971 praelati
2042 3889 2314 3971 triginta
2364 3888 2515 3967 duc,
2573 3889 2848 3973 episcopi
2907 3893 2973 3954 et

838 4141 876 4208 ¹)
916 4141 1022 4194 Cfr.
1068 4141 1252 4196 Natal.
1293 4142 1449 4195 Alex.
1488 4140 1523 4192 1.
1565 4156 1606 4191 c.
