3281 5014
1094 449 1178 504 De
1212 449 1376 503 Bulla
1420 449 1597 503 Unam
1636 450 1909 505 Sanctam.
2482 519 2486 522 y
2587 453 2655 506 57

343 593 651 674 competit
695 593 886 657 alicui
934 593 1186 658 ratione
1233 597 1408 657 actus
1457 597 1523 655 et
1567 613 1745 669 usuS,
1800 594 1897 655 vel
1949 599 2139 675 prout
2192 593 2499 676 competit
2543 592 2657 657 ali-

344 687 446 752 cui
510 686 586 751 de
641 690 806 772 jure.
923 689 1112 755 Unde
1178 687 1543 772 jurisdictio
1605 684 1978 772 temporalis
2040 689 2348 773 competit
2407 711 2656 754 summo

346 782 681 865 Pontifici,
732 788 851 870 'qui
911 791 1013 851 est
1069 786 1342 850 vicarius
1397 784 1633 848 Christi
1689 791 1756 848 et
1801 785 2011 862 Petri,
2078 785 2154 849 de
2203 787 2372 870 jure.
2465 784 2656 850 Unde

343 881 457 963 qui
500 881 658 946 dicit
711 884 1107 947 contrarium
1167 881 1470 966 impingit
1523 882 1593 944 in
1637 880 1822 945 illum
1871 882 2241 949 articulum:
2305 880 2655 945 Judicatu-

342 996 462 1040 rus
507 980 602 1041 est
646 977 825 1043 vivos
867 982 928 1042 et
973 982 1277 1055 mortuae,
1326 983 1392 1042 et
1438 979 1505 1041 in
1554 979 1739 1042 illum
1768 979 1961 1042 etiam
2008 978 2432 1062 praedictum:
2481 976 2654 1042 San-

342 1075 594 1137 ctorum
651 1073 1179 1139 communionem.
1286 1074 1406 1140 Sed
1464 1073 1822 1158 jurisdictio
1874 1076 2277 1156 temporalis,
2342 1079 2653 1159 quantum

343 1170 421 1233 ad
467 1193 650 1236 usum
700 1176 768 1235 et
812 1176 1131 1257 quantum
1195 1170 1282 1235 ad
1325 1169 1763 1235 executionem
1820 1173 2009 1234 actus
2048 1190 2181 1235 ‘non
2229 1168 2526 1253 competit
2574 1170 2652 1249 ei,

342 1265 514 1331 unde
576 1265 822 1332 dictum
883 1271 976 1332 est
1032 1267 1264 1332 Petro:
1333 1316 1362 1347 ,,
1376 1264 1687 1330 Converte
1735 1265 2033 1346 qladium
2088 1265 2163 1330 in
2220 1267 2587 1350 vaqinam.“
2611 1267 2655 1348 ¹)

341 1359 572 1441 Vides,
635 1365 831 1429 etiam
896 1366 994 1431 his
1059 1366 1257 1430 asseri
1319 1364 1643 1428 Ecclesiae
1702 1368 2086 1446 potestatem
2149 1365 2528 1430 indirectam
2584 1367 2656 1430 in

339 1461 739 1542 temporalia,
786 1461 868 1526 ob
905 1462 1099 1526 finem
1146 1462 1564 1544 spiritualem.
1640 1459 1886 1524 Tamen
1931 1460 2002 1525 in
2048 1462 2240 1526 rebus
2284 1481 2458 1526 mere
2502 1460 2653 1525 civi-

340 1554 513 1620 libus
558 1568 631 1620 et
670 1556 1149 1640 τεηιροναῐὶὂτιε,
1203 1563 1270 1620 et
1316 1555 1433 1620 sub
1479 1559 1773 1637 respectu
1815 1555 1972 1636 finis
2017 1555 2392 1638 temporalis
2437 1557 2654 1625 Eccle-

339 1653 435 1716 sia
478 1653 641 1717 nihil
688 1658 904 1737 potest
955 1655 1025 1719 in
1082 1655 1391 1719 societate
1445 1654 1653 1730 civili,
1717 1657 1783 1717 et
1837 1655 1907 1717 in
1966 1653 2065 1717 his
2119 1657 2405 1736 potestas
2451 1655 2655 1719 civilis

340 1749 422 1814 ab
468 1748 751 1814 Ecclesia
797 1773 929 1816 non
982 1751 1239 1834 pendet.

519 1899 623 1964 62.
683 1897 904 1983 Atque
964 1899 1083 1964 hoc
1137 1900 1276 1964 loco
1328 1904 1763 1982 opportunum
1828 1904 1925 1963 est
1983 1898 2524 1973 animadvertere,
2584 1900 2652 1963 in

339 1997 748 2080 quaestione,
813 1996 891 2059 de
955 2018 1084 2081 qua
1147 1997 1428 2081 agimus,
1490 1995 1728 2078 passim
1789 1995 2229 2060 confusionem
2292 1995 2651 2078 quamdam,

340 2092 832 2176 ambiguitatem
893 2098 959 2157 et
1022 2093 1456 2157 dissensiones
1518 2091 1674 2155 oriri
1738 2091 1913 2169 inde,
1978 2092 2145 2175 quod
2203 2089 2655 2172 terminoloyia

337 2187 460 2252 hac
505 2189 573 2252 in
623 2210 691 2252 re
737 2189 866 2267 diu,
915 2190 1105 2254 etiam
1155 2191 1406 2253 saeculo
1452 2186 1695 2253 decimo
1740 2189 1956 2269 terti0‚
2000 2188 2170 2252 haud
2214 2190 2405 2271 plane
2449 2189 2656 2253 deter-

338 2287 588 2349 minata
633 2291 700 2348 et
745 2286 871 2350 fixa
902 2285 1119 2359 fuerit,
1170 2286 1297 2349 imo
1345 2287 1537 2349 etiam
1573 2285 1875 2349 notiones
1919 2285 2152 2368 passim
2188 2286 2398 2349 minus
2443 2285 2653 2350 clarae

336 2381 778 2446 inveniantur.
882 2382 1054 2445 Istae
1112 2382 1317 2466 igitur
1372 2403 1558 2446 voces
1601 2379 1986 2463 jurisdictio
2032 2382 2132 2444 vel
2180 2383 2470 2463 potestas
2523 2380 2653 2462 spi·

336 2475 610 2541 rituali-3
656 2499 729 2542 ac
787 2476 1187 2559 temporalis⁷
1246 2499 1382 2542 non
1437 2499 1690 2561 semper
1734 2479 1955 2543 eodem
2009 2500 2200 2543 sensu
2245 2476 2654 2544 adhibentur.

336 2574 574 2651 Quodsi
637 2576 1007 2658 partitionis
1068 2576 1235 2639 ratio
1296 2575 1651 2639 desumitur
1720 2598 1757 2637 a
1815 2573 2094 2656 sphaera
2157 2576 2256 2639 vel
2322 2572 2654 2639 territorio

330 2670 835 2756 jurisdictioni8‚
887 2671 966 2735 ad
1014 2672 1532 2756 jurisdictionem
1578 2672 1978 2754 spiritualem
2033 2672 2365 2755 pertinent
2407 2669 2655 2751 divina,

336 2768 585 2831 scilicet
629 2767 846 2831 omnia
893 2788 968 2831 ea
1014 2789 1180 2851 quae
1227 2768 1598 2851 religionem
1649 2773 1715 2832 et
1763 2772 2003 2833 cultum
2044 2769 2283 2832 directe
2326 2774 2654 2851 spectant3

338 2864 422 2927 ad
482 2864 1003 2947 jurisdictionem
1069 2866 1489 2946 temporalem
1570 2870 1776 2929 totum
1846 2866 2244 2930 territorium
2315 2866 2654 2948 potestatis

335 2960 739 3044 legislativae
805 2966 868 3025 et
933 2961 1305 3025 executivae
1373 2961 1438 3024 iu
1506 2961 1730 3026 ordine
1793 2962 1983 3026 civili.
2078 2964 2296 3045 Atque
2354 2961 2473 3024 sub
2538 2963 2656 3027 hoc

335 3062 632 3140 respectu
675 3056 801 3121 dici
849 3062 1088 3141 potest,
1142 3056 1465 3123 Ecclesiae
1510 3063 1870 3141 competere
1918 3059 2110 3122 etiam
2158 3058 2443 3140 gladium
2493 3063 2652 3123 tem-

337 3154 643 3237 poralem,
682 3155 784 3218 vel
820 3154 1336 3237 jurisdictionem
1385 3155 1805 3237 temporalem
1852 3154 1929 3218 de
1970 3157 2115 3238 jure
2160 3176 2272 3218 seu
2319 3154 2651 3222 indirecte.

337 3249 547 3326 Quum
607 3250 746 3332 ipsa
793 3252 962 3314 enim
1023 3250 1108 3314 sit
1166 3251 1435 3315 societas
1497 3252 1810 3333 perfecta,
1874 3252 1976 3315 cui
2036 3252 2253 3315 omnia
2309 3251 2512 3315 media
2572 3252 2651 3315 ad

336 3346 536 3409 finem
592 3368 774 3410 suum
836 3346 1256 3411 obtinendum
1321 3348 1557 3413 collata
1614 3354 1802 3423 sunt,
1859 3349 1999 3433 ejus
2056 3348 2403 3412 auctoritas
2459 3349 2653 3412 etiam

338 3464 410 3506 se
456 3441 750 3506 extendit
791 3442 870 3505 ad
917 3445 1136 3508 omnia
1180 3465 1256 3507 ea
1298 3467 1465 3528 quae
1510 3445 1956 3528 requiruntur,
2015 3450 2087 3509 ut
2133 3446 2406 3509 societas
2450 3443 2651 3509 homi·

339 3560 498 3602 num
553 3537 835 3601 fidelium
889 3539 1284 3622 ‚perducatur
1340 3540 1418 3604 ad
1479 3542 1771 3605 salutem.
1878 3540 2065 3605 Unde
2122 3541 2447 3623 legislatio
2502 3561 2654 3624 quo·

340 3656 465 3719 que
514 3645 579 3698 et
637 3634 1111 3727 administratio
1170 3637 1378 3701 rerum
1426 3637 1495 3700 in
1550 3637 1772 3702 ordine
1827 3638 1999 3701 civili
2057 3638 2206 3701 huic
2263 3657 2452 3719 scopo
2499 3659 2652 3701 con-

338 3731 712 3796 formandae
767 3736 940 3797 sunt.
1036 3731 1318 3797 Ecclesia
1373 3734 1717 3798 secundum
1765 3735 2198 3798 oeconomiam
2246 3733 2527 3798 divinam
2578 3732 2653 3797 de

317 3826 511 3909 facto
572 3834 639 3892 et
697 3848 825 3892 usu
885 3851 1018 3893 non
1080 3839 1334 3900 exercet,
1393 3852 1529 3896 eam
1589 3830 2132 3915 jurisdictionem3
2203 3836 2269 3896 et
2332 3830 2652 3914 principes

337 3925 552 3989 civiles
598 3916 1051 3990 auctoritatem
1090 3927 1286 3991 istam
1324 3929 1474 4010 jure
1519 3937 1791 3993 naturae
1839 3934 1903 3991 et
1949 3950 1987 3991 a
2033 3927 2172 3992 Deo
2219 3927 2493 4006 habent,
2542 3927 2651 3991 sed

520 4097 564 4163 ι)
600 4096 667 4151 V.
701 4098 930 4166 ⁴Dupuy,
976 4099 1220 4154 Histoire
1258 4100 1329 4153 du
1367 4100 1628 4155 differend
1669 4106 1803 4166 etc„
1841 4102 2083 4155 Preuves
2119 4117 2171 4168 p.
2212 4104 2306 4168 773
2358 4100 2500 4168 apud
2538 4101 2651 4154 Mo-

336 4176 471 4232 litor
506 4177 545 4231 1.
585 4194 630 4231 c.
669 4193 721 4243 p.
758 4181 844 4231 94.
881 4186 1015 4233 nota
1050 4182 1101 4234 2.
