3281 5014
595 434 663 485 74
1162 431 1336 485 XXX.
1373 432 1456 486 De
1492 430 1829 486 Pontificatu
1864 429 2135 484 Bonifatii
2161 429 2317 483 VIII.

592 571 840 636 dinales
905 569 1370 637 Columnenses
1435 573 1956 649 declaraverunt,
2019 594 2087 636 se
2155 571 2492 636 nuntiasse
2554 568 2689 653 regi
2748 567 2902 633 Phi-

591 668 764 752 lippo
822 667 1111 733 facinora
1170 668 1514 752 Bonifatii3
1580 672 1649 732 et
1699 668 1878 731 varia
1937 673 2162 732 cont-ra
2216 666 2596 731 Pontificem
2658 665 2730 729 in
2787 686 2912 729 sna.

590 764 990 848 depositione
1045 763 1435 850 adjecerunt.
1534 764 1640 830 Ita
1694 766 1887 829 etiam
1936 763 2170 830 Petrus
2222 764 2420 828 abbas
2479 761 2542 828 S.
2589 760 2900 837 Medardi,

588 880 778 944 saepe
832 883 870 924 a
924 882 1078 946 rege
1130 860 1398 927 Romam
1455 862 1721 939 missua,
1779 862 1986 926 multa
2039 882 2109 925 se
2163 860 2402 925 ibidem
2462 882 2501 923 a
2546 857 2898 924 Cardinali·

589 958 709 1021 bus
756 957 950 1022 variis
997 959 1277 1042 aliisque
1315 960 1607 1043 personis
1639 962 1866 1023 contra
1895 957 2299 1023 Bonifatium
2346 955 2621 1020 audiisse
2668 959 2733 1018 et
2762 953 2900 1038 regi

589 1054 904 1133 retulisse,
950 1054 1235 1138 deponit.
1245 1051 1293 1137 ¹)
1367 1100 1373 1105 ·

291 1212 549 1285 Vinfh‘cqtur
694 1285 699 1289 .
767 1202 871 1267 81.
930 1205 1247 1270 Attamen
1303 1204 1462 1270 haec
1521 1226 1655 1269 non
1711 1208 1869 1268 sunt
1922 1202 2229 1287 ejusmodi
2284 1205 2697 1285 argumenta,
2755 1200 2899 1284 qui·

282 1274 543 1318 mmmm&
592 1300 708 1365 bus
774 1300 1165 1384 inducimur,
1226 1308 1303 1365 ut
1363 1302 1440 1366 de
1496 1300 1819 1386 probitate
1881 1302 1947 1363 et
2009 1299 2348 1363 honestate
2408 1295 2723 1361 Bonifatii
2785 1295 2896 1360 du·

589 1397 887 1461 bitemus.
999 1397 1367 1462 Cardinales
1427 1397 1889 1463 Columnenses
1957 1394 2378 1459 infensissimi
2443 1394 2707 1482 fuerant
2774 1392 2896 1457 Bo·

584 1494 848 1575 nifati03
893 1493 1253 1558 Cardinalis
1299 1515 1449 1559 vero
1481 1492 1702 1559 Ursini
1755 1499 1972 1576 partes
2018 1491 2318 1558 factionis
2365 1490 2700 1556 Gallorum
2748 1494 2895 1553 ant·

586 1612 659 1654 ea
727 1595 1057 1668 tenuerat,
1132 1589 1393 1675 ipseque
1451 1591 1624 1655 fama
1686 1589 1856 1654 mala
1915 1610 2199 1673 eousque
2257 1587 2624 1664 laborabat,
2685 1591 2759 1649 ut
2816 1585 2894 1648 de

580 1691 790 1751 ¹morte
848 1684 1188 1766 Benedicti
1240 1684 1358 1750 Xl.
1433 1708 1548 1770 per
1609 1708 1926 1751 venenum
1997 1693 2336 1769 procurata
2395 1689 2727 1768 suspectus
2783 1681 2895 1745 ha·

584 1780 920 1864 beretur.²)
979 1819 1066 1828 —-
1129 1782 1320 1848 Haud
1377 1804 1713 1867 negamus,
1776 1787 2006 1847 contra
2065 1780 2467 1847 Bonifatium
2525 1803 2564 1843 a
2621 1779 2895 1863 permul-

583 1881 666 1944 tis
726 1879 1138 1959 adversariis,
1200 1879 1432 1962 partim
1492 1880 1666 1943 mala
1726 1884 1791 1942 et
1849 1880 2082 1963 partim
2148 1879 2321 1943 bona
2382 1877 2531 1954 fide,
2592 1877 2895 1960 pessimos

582 1997 867 2040 rumores
938 1997 1192 2059 sparsos
1262 1980 1327 2039 et
1388 1980 1776 2059 propagatos
1842 1975 2063 2039 fuisse.
2180 1968 2413 2039 Mirum
2487 1973 2690 2058 igitur
2760 1993 2894 2036 non

580 2075 706 2149 est,
764 2073 816 2136 si
875 2071 991 2137 hos
1045 2093 1334 2136 rumores
1393 2072 1584 2136 etiam
1636 2070 2007 2136 cardinales
2055 2072 2218 2136 varii
2275 2074 2676 2155 acceperunt.
2771 2069 2892 2134 Pe—

580 2172 720 2232 trus
797 2167 993 2232 abbas
1056 2166 1123 2236 S.
1189 2167 1478 2233 Medardi
1548 2173 1615 2232 et
1678 2167 2051 2234 cardinales
2116 2166 2341 2233 Simon
2407 2166 2890 2241 PraenestinuS,

579 2262 868 2329 Joannes
926 2263 1261 2342 Monachi,
1318 2269 1383 2329 et
1437 2263 1741 2329 Nicolaus
1792 2265 1869 2329 de
1926 2264 1989 2331 S.
2037 2264 2317 2330 Eusebio
2375 2287 2453 2329 ex
2501 2263 2716 2328 Gallia
2768 2264 2889 2349 ori·

524 2435 529 2441 ¹
580 2360 766 2441 undi,
819 2361 1090 2425 nimium
1137 2365 1351 2444 partes
1397 2363 1565 2446 regis
1610 2362 1814 2428 secuti
1860 2368 2046 2439 sunt,
2108 2363 2423 2446 nimisque
2470 2362 2600 2426 cito
2645 2359 2723 2424 de
2769 2357 2893 2421 Bo·

577 2456 810 2522 nifatio
853 2458 1247 2546 suspiciones
1297 2457 1687 2526 habuerunt.
1760 2457 2329 2525 Habuit-Ioannes
2362 2456 2660 2524 Monachi
2707 2477 2887 2541 prae-

578 2559 758 2619 terea
803 2554 1151 2639 aliquando
1192 2556 1587 2621 simultatem
1635 2579 1780 2621 cum
1827 2555 2185 2632 Bonifati03
2240 2557 2388 2621 huic
2433 2556 2605 2620 enim
2651 2554 2889 2637 imp‘ro-

576 2650 844 2734 peravit,
895 2650 1064 2736 quod
1112 2651 1485 2716 cardinales
1531 2674 1666 2717 non
1712 2653 1872 2717 satis
1920 2654 2303 2730 consuleret,
2351 2652 2541 2738 idque
2584 2650 2889 2715 Pontifex

575 2746 932 2831 aegerrime
991 2745 1226 2832 tulit.³)
1335 2749 1511 2813 Hinc
1572 2751 1712 2834 ejus
1774 2751 2093 2815 accusatio
2104 2796 2123 2827 ‚
2187 2771 2351 2833 quae
2411 2770 2563 2832 prae
2623 2747 2889 2811 caeteris

575 2844 834 2927 gravior
878 2845 1164 2927 videtur,
1210 2846 1378 2929 quod
1426 2844 1796 2911 Bonifatius
1836 2845 2197 2910 haereticus
2244 2851 2438 2930 esset,
2492 2866 2714 2908 revera
2759 2844 2885 2907 vim

574 2962 709 3004 non
767 2940 980 3005 habet.
1069 2940 1416 3006 Praeterea
1471 2965 1620 3007 vero
1678 2941 2008 3027 speciatim
2056 2942 2266 3025 quoad
2321 2942 2488 3006 hanc
2538 2934 2896 3005 accusatio-'⁴

575 3059 752 3117 nem,
813 3036 1212 3102 Bonifatium
1271 3044 1347 3103 ut
1400 3039 1593 3123 plane
1652 3039 2077 3104 orthodoxum
2123 3062 2160 3103 a
2206 3039 2495 3105 Concilio
2526 3038 2888 3102 Viennensi

575 3133 966 3197 declaratum
1014 3155 1182 3212 esse,
1238 3134 1454 3218 plures
1486 3127 1844 3218 ‘scriptores
1899 3135 2269 3215 referunt.⁴)
2360 3135 2541 3213 Quod
2585 3136 2640 3199 si
2684 3134 2889 3219 igitur

573 3228 733 3292 haec
801 3231 1121 3295 accusatio
1189 3231 1431 3296 nullam
1502 3231 1691 3296 fidem
1761 3238 2072 3310 meretur,
2132 3234 2277 3317 jure
2344 3234 2538 3297 etiam
2605 3231 2886 3315 reliquas

575 3333 652 3389 ut
716 3326 974 3409 putidas
1042 3327 1364 3411 rejicimus
1433 3328 1805 3393 calumnias.
1828 3325 1878 3408 ⁵)
1976 3326 2209 3394 Valeat
2275 3329 2478 3414 igitur
2540 3329 2617 3393 de
2684 3326 2887 3391 Boni-

574 3422 736 3487 fatio
768 3421 952 3488 VIII.
999 3425 1279 3509 elogium
1325 3424 1485 3488 illud
1531 3422 1596 3488 S.
1650 3425 2001 3490 Antonini:
2056 3423 2315 3490 Nobilis
2357 3423 2708 3491 secundum
2748 3443 2884 3488 sae-

754 3683 796 3747 1)
835 3682 943 3736 Cfr.
981 3683 1284 3738 Processus
1320 3684 1502 3740 factus
1538 3691 1642 3741 etc.
1679 3703 1767 3755 pp.
1807 3690 1876 3740 54
1912 3704 2028 3755 sqq.

750 3760 791 3828 2)
830 3760 938 3814 Cfr.
974 3762 1168 3829 Balan,
1206 3762 1391 3817 Storia
1427 3764 1668 3831 d’Italia‚
1703 3766 1763 3819 L.
1801 3766 2002 3820 XXIX.
2041 3784 2094 3820 n.
2131 3767 2236 3821 111.

750 3839 793 3905 3)
831 3840 1048 3908 Dupuy,
1085 3840 1121 3894 1.
1161 3857 1207 3895 c.
1246 3858 1296 3909 p.
1334 3844 1457 3896 399.

746 3919 766 3949 4
1637 3923 1648 3939 .

748 3919 791 4065 ⁵3
830 3918 1667 4057 garfflzfgllgnfhgialsstxlfie}
1684 3926 1994 4070 piffi'icatae
2029 4002 2253 4059 fuerunt
2287 4020 2356 4059 ex
2393 4004 2591 4060 Codice
2616 4004 2882 4061 Biblioth.

568 4075 861 4131 Barberini
899 4092 947 4130 a.
992 4078 1129 4131 1843
1164 4094 1264 4147 per
1300 4080 1356 4134 O.
1393 4080 1595 4135 Hofler.
1634 4082 1703 4135 V.
1742 4082 2009 4136 Abhandl.
2049 4082 2099 4137 d.
2137 4082 2266 4136 hist.
2306 4082 2399 4136 Kl.
2447 4084 2543 4138 der
2576 4084 2646 4138 K.
2684 4085 2881 4153 Bayer.

568 4154 744 4209 Akad.
785 4155 835 4208 d.
876 4154 1377 4225 wissenschaften,
1414 4160 1515 4213 Bd.
1552 4160 1655 4214 III.
1696 4162 1743 4214 3.
2652 4203 2655 4205 ψ
2737 4216 2744 4221 .
2871 4211 2876 4215 .
