3281 5014
1043 339 1126 392 De
1165 337 1405 392 Concilio
1441 337 1806 393 Lateranensi
1831 339 1897 393 V.
2517 346 2622 396 453

311 483 406 545 las
456 480 786 545 Romanae
845 480 1148 544 ecclesiae
1202 484 1407 544 terras
1463 486 1803 563 occuparet
1864 484 1928 545 et
1975 481 2309 564 Alphonso
2356 483 2622 548 Estensi

312 579 580 662 principi
651 577 1074 655 Ferrariensi,
1141 578 1387 660 injusto
1455 576 1966 642 Comaclensium
2038 579 2388 643 salinarum
2458 602 2622 664 quae

312 675 390 738 ad
437 673 794 739 Romanam
840 674 1170 739 ecclesiam
1216 673 1635 757 pertinebant
1677 673 2031 751 detentori,
2090 677 2620 757 patrocinaretur.

311 771 712 854 Quapropter
772 754 983 835 Julius
1044 770 1125 835 11.
1192 768 1587 834 Ludovicum
1654 770 1829 853 prius
1893 770 2295 836 admonitum
2363 777 2430 838 et
2489 795 2623 836 mo·

311 867 451 933 nita
524 873 938 950 spernentem
1011 867 1655 932 excommunicationi
1718 867 2034 945 subdidit,
2107 875 2173 932 et
2233 871 2310 934 ad
2381 870 2623 953 pellen-

313 965 426 1028 das
495 986 570 1028 ex
643 962 837 1027 Italia
901 951 1310 1028 Francorum
1364 964 1575 1046 copias
1521 948 1862 1028 fflfoedus
1931 964 2080 1027 iniit
2140 987 2281 1030 cum
2331 965 2623 1042 VenetiS,
2684 1016 2710 1039 c

313 1061 628 1126 Helvetiis
682 1061 1070 1145 regibusque
1128 1059 1481 1143 Hispaniae
1538 1063 1605 1124 et
1660 1059 1958 1143 Angliae.
2064 1059 2419 1126 Ludovicus
2479 1062 2623 1128 XII.

312 1158 729 1223 exacerbatus
780 1180 953 1222 anno
1005 1159 1172 1221 1510
1231 1159 1553 1240 episcopos
1614 1164 1681 1220 et
1735 1157 2024 1221 doctores
2085 1159 2269 1242 regni
2324 1160 2419 1224 sui
2473 1180 2624 1223 con-

313 1255 561 1320 vocavit
614 1254 938 1334 Turones,
1000 1255 1108 1337 qui
1169 1253 1251 1317 ad
1310 1255 1674 1337 propositas
1737 1253 1859 1318 sibi
1923 1257 2335 1338 quaestiones
2395 1277 2624 1320 secun-

311 1354 462 1418 dum
530 1352 700 1435 regis
763 1354 913 1414 vota
984 1350 1485 1433 respondentes,
1563 1351 1895 1426 dixerunt,
1972 1349 2348 1416 Pontificem
2423 1354 2625 1435 primo

311 1471 425 1534 per
481 1449 728 1532 legatos
784 1468 919 1510 esse
985 1446 1401 1527 monendum,
1456 1450 1530 1510 ut
1588 1469 1626 1510 a
1673 1446 1916 1529 coeptis
1971 1447 2311 1512 desisteret
2367 1454 2434 1514 et
2478 1470 2624 1514 con·
2677 1480 2701 1513 >a

311 1545 565 1611 cordiae
616 1546 786 1608 viam
832 1542 1308 1627 ingrederetur-3
1369 1542 1538 1626 quod
1587 1545 1642 1606 si
1692 1543 1914 1607 audire
1961 1544 2195 1626 nollet,
2250 1567 2383 1609 esse
2427 1546 2628 1609 inter-

313 1643 679 1727 pellandum
736 1640 814 1704 de
869 1640 1276 1705 convocando
1331 1639 1612 1705 Concilio
1675 1641 1961 1723 generali
2018 1642 2219 1705 libero
2279 1641 2621 1705 secundum
2679 1636 2708 1665 “

311 1740 567 1804 decreta
635 1737 1054 1812 Basileensia3
1136 1737 1367 1820 quibus
1436 1728 1715 1819 peractis
1785 1743 1851 1800 et
1923 1758 2224 1820 responso
2294 1738 2625 1802 Pontificis

2689 532 2715 609 l

213 1916 217 1921 ὓ
313 1839 603 1919 accepto,
676 1833 1135 1918 providendum
1205 1855 1347 1897 esse
1421 1831 1591 1916 quod
1659 1833 1790 1916 juri
1856 1841 2361 1899 consentaneum
2440 1834 2626 1899 foret.

315 1933 674 2000 Confestim
748 1930 1109 2005 Ludovicus
1173 1951 1311 1994 cum
1384 1928 1828 1995 Maximiliano
1897 1929 2292 2014 Imperatore
2355 1931 2627 1995 contulit

313 2031 391 2095 de
444 2028 728 2114 cogendo
775 2028 1061 2092 Concilio
1116 2027 1433 2110 generali,
1493 2050 1529 2091 a
1587 2049 1715 2111 quo
1761 2026 1972 2092 Julius
2027 2028 2093 2091 in
2150 2027 2436 2091 ordinem
2489 2026 2626 2091 red·

314 2128 629 2212 igeretur3
713 2124 822 2190 sed
899 2124 1406 2203 MaximilianuS,
1482 2124 1772 2208 quamvis
1850 2125 2054 2207 primo
2129 2131 2483 2188 commotus
2560 2125 2627 2186 in

315 2223 583 2300 Julium,
652 2222 822 2306 quod
884 2222 1076 2285 misso
1140 2220 1392 2286 foedere
1457 2220 1904 2285 Cameracensi
1975 2243 2043 2285 se
2115 2220 2631 2286 confoederasset

315 2342 461 2385 cum
493 2318 790 2396 Venetis,
857 2319 1033 2383 brevi
1089 2324 1237 2401 post
1295 2317 1517 2382 melius
1580 2318 1869 2398 edoctus,
1929 2341 1967 2381 a
2023 2317 2443 2382 schismaticis
2506 2316 2628 2380 Lu-

315 2417 521 2481 dovici
566 2416 904 2480 conatibus
952 2415 1234 2479 recessit.
1329 2413 1687 2479 Ludovicus
1734 2437 1884 2479 vero
1946 2436 2075 2479 non
2133 2419 2389 2479 tantum
2439 2413 2627 2499 quod-

318 2515 408 2578 vis
476 2514 918 2579 commercium
992 2535 1135 2576 cum
1203 2510 1498 2576 Romana
1566 2514 1743 2576 curia
1813 2511 2013 2577 Gallis
2082 2511 2443 2623 prohibuit,
2520 2512 2629 2574 sed

316 2612 511 2676 etiam
577 2611 640 2674 id
704 2614 1084 2675 consecutus
1147 2614 1275 2692 est,
1335 2619 1409 2674 ut
1469 2614 1603 2673 tres
1672 2585 2046 2674 Cardinales
2100 2610 2169 2673 in
2230 2607 2478 2674 Julium
2540 2631 2629 2672 re

317 2710 545 2783 belleS,
594 2706 1027 2772 Bernardinus
1073 2705 1368 2791 Carvajal
1415 2707 1748 2790 episcopus
1795 2705 2202 2781 Sabinensis,
2256 2705 2629 2770 Franciscus

316 2804 673 2870 Cardinalis
721 2803 1141 2879 Cusentinus,
1200 2806 1267 2866 et
1322 2802 1679 2868 Guilelmus
1728 2802 2087 2868 Cardinalis
2146 2801 2630 2867 Narbonnensis

316 2903 375 2966 d.
424 2901 482 2966 d.
541 2898 653 2965 16⁰
698 2894 857 2983 Maji
916 2899 1074 2962 anni
1125 2900 1289 2962 1511
1343 2899 1702 2964 Concilium
1756 2901 2058 2983 generale
2117 2899 2472 2964 indicerent
2529 2900 2630 2962 die

322 2996 389 3061 1⁰
437 2997 826 3081 Septembris
878 2996 1058 3080 lffisis
1102 2995 1552 3060 inchoandum.
1646 2995 2192 3079 Praetendebant,
2251 2995 2496 3061 Julium
2550 2993 2630 3057 ll.

316 3094 692 3177 promissam
739 3093 808 3155 in
855 3093 1138 3158 conclavi
1185 3093 1713 3157 convocationem
1743 3092 2010 3157 Concilii
2060 3093 2379 3177 generalis
2423 3093 2632 3175 negli-

315 3211 499 3274 gere,
571 3211 764 3274 quum
829 3193 1047 3253 tamen
1118 3189 1278 3252 illud
1340 3195 1481 3254 tum
1550 3189 1627 3253 ad
1691 3190 2164 3254 reformandam
2233 3189 2630 3271 disciplinam

314 3297 451 3352 tum
514 3287 593 3350 ad
665 3286 1139 3368 componendas
1206 3286 1381 3350 inter
1445 3284 1830 3350 christianos
1900 3287 2217 3369 principes
2288 3285 2631 3349 discordias

318 3388 484 3449 esset
529 3383 978 3447 necessarium.

495 3576 599 3639 64.
667 3574 878 3640 Julius
940 3573 1250 3639 Pontifex
1315 3579 1391 3640 ut
1452 3574 1793 3639 rebellium
1855 3580 2121 3639 conatus
2191 3575 2485 3639 redderet
2544 3574 2630 3638 ir·
2675 3585 2939 3629 Convocatio

315 3675 473 3738 ritos
536 3672 596 3738 d.
662 3673 720 3737 d.
789 3669 901 3734 18⁰
959 3671 1118 3736 Julii
1179 3671 1336 3736 anni
1399 3672 1560 3736 1511
1635 3672 2042 3755 gravissimas
2105 3672 2301 3736 edidit
2360 3673 2631 3735 litteras·

315 3768 545 3834 Iisdem
606 3770 915 3852 imprimis
978 3770 1451 3834 accusationem
1514 3767 1954 3851 negligentiae
2014 3779 2114 3832 sat
2173 3768 2381 3832 solida
2442 3790 2635 3852 argu-

315 3867 718 3931 mentatione
788 3867 1059 3948 repellit.
1178 3864 1369 3944 Qm'S,
1440 3863 1683 3948 inquit,
1758 3862 1932 3929 tanti
2000 3863 2244 3928 erroris
2302 3862 2634 3946 particeps

316 3966 433 4041 est,
491 3962 604 4043 qui
649 3981 768 4027 nos
821 3961 897 4025 de
944 3960 1341 4044 neqliqentia
1396 3978 1550 4041 crya
1608 3959 2117 4026 convocationem
2173 3959 2448 4025 Concilii
2492 3959 2632 4022 red-

317 4077 593 4140 arquere
629 4057 865 4141 possit,
926 4079 1071 4124 cum
1130 4058 1301 4124 nihil
1357 4055 1541 4122 nobis
1589 4076 1717 4138 per
1761 4055 2028 4121 ultimos
2082 4056 2379 4121 undecim
2425 4075 2634 4120 annos

2651 3647 2777 3690 Conc.
2819 3646 2963 3688 Later.
