<?xml version="1.0" encoding="UTF-8"?>
<!DOCTYPE html PUBLIC "-//W3C//DTD XHTML 1.0 Transitional//EN"
    "http://www.w3.org/TR/xhtml1/DTD/xhtml1-transitional.dtd">
<html xmlns="http://www.w3.org/1999/xhtml" xml:lang="en" lang="en">
 <head>
  <title>
</title>
<meta http-equiv="Content-Type" content="text/html;charset=utf-8" />
  <meta name='ocr-system' content='tesseract 3.04.00' />
  <meta name='ocr-capabilities' content='ocr_page ocr_carea ocr_par ocr_line ocrx_word'/>
</head>
<body>
  <div class='ocr_page' id='page_1' title='image "./dissertationess05junggoog_0348.png"; bbox 0 0 3281 5014; ppageno 0'>
   <div class='ocr_carea' id='block_1_1' title="bbox 388 1641 699 1684">
    <p class='ocr_par' dir='ltr' id='par_1_1' title="bbox 388 1641 699 1684">
     <span class='ocr_line' id='line_1_1' title="bbox 388 1641 699 1684; baseline -0.003 0"><span class='ocrx_word' id='word_1_1' title='bbox 388 1641 699 1684; x_wconf 76' lang='lat' dir='ltr'>Difficultates.</span> 
     </span>
    </p>
   </div>
   <div class='ocr_carea' id='block_1_2' title="bbox 728 433 2760 502">
    <p class='ocr_par' dir='ltr' id='par_1_2' title="bbox 728 433 2760 502">
     <span class='ocr_line' id='line_1_2' title="bbox 728 433 2760 502; baseline 0.002 -16"><span class='ocrx_word' id='word_1_2' title='bbox 728 435 833 487; x_wconf 81' lang='lat'>342</span> <span class='ocrx_word' id='word_1_3' title='bbox 1004 433 1226 487; x_wconf 90' lang='lat' dir='ltr'>XXXV.</span> <span class='ocrx_word' id='word_1_4' title='bbox 1266 434 1348 488; x_wconf 90' lang='lat' dir='ltr'>De</span> <span class='ocrx_word' id='word_1_5' title='bbox 1388 434 1590 488; x_wconf 86' lang='lat' dir='ltr'>Concil.</span> <span class='ocrx_word' id='word_1_6' title='bbox 1629 434 1935 489; x_wconf 82' lang='lat' dir='ltr'>Basileensi</span> <span class='ocrx_word' id='word_1_7' title='bbox 1971 450 2035 488; x_wconf 88' lang='lat' dir='ltr'>ac</span> <span class='ocrx_word' id='word_1_8' title='bbox 2073 436 2140 490; x_wconf 88' lang='lat' dir='ltr'>de</span> <span class='ocrx_word' id='word_1_9' title='bbox 2177 434 2388 502; x_wconf 83' lang='lat' dir='ltr'>Synodo</span> <span class='ocrx_word' id='word_1_10' title='bbox 2424 434 2760 490; x_wconf 86' lang='lat' dir='ltr'>Florentina.</span> 
     </span>
    </p>
   </div>
   <div class='ocr_carea' id='block_1_3' title="bbox 706 575 3035 4222">
    <p class='ocr_par' dir='ltr' id='par_1_3' title="bbox 711 575 3035 3731">
     <span class='ocr_line' id='line_1_3' title="bbox 725 575 3034 659; baseline 0.002 -22"><span class='ocrx_word' id='word_1_11' title='bbox 725 575 965 639; x_wconf 87' lang='lat' dir='ltr'>vocatis</span> <span class='ocrx_word' id='word_1_12' title='bbox 1029 575 1463 639; x_wconf 87' lang='lat' dir='ltr'>sacerdotibus</span> <span class='ocrx_word' id='word_1_13' title='bbox 1525 575 2004 640; x_wconf 86' lang='lat' dir='ltr'>Basileensibus</span> <span class='ocrx_word' id='word_1_14' title='bbox 2070 576 2418 641; x_wconf 74' lang='lat' dir='ltr'>declaravit</span> <span class='ocrx_word' id='word_1_15' title='bbox 2483 599 2663 641; x_wconf 88' lang='lat' dir='ltr'>suam</span> <span class='ocrx_word' id='word_1_16' title='bbox 2740 598 3034 659; x_wconf 89' lang='lat' dir='ltr'>praesen-</span> 
     </span>
     <span class='ocr_line' id='line_1_4' title="bbox 725 671 3033 757; baseline 0 -21"><span class='ocrx_word' id='word_1_17' title='bbox 725 673 911 746; x_wconf 84' lang='lat' dir='ltr'>tiam,</span> <span class='ocrx_word' id='word_1_18' title='bbox 974 676 1041 736; x_wconf 92' lang='lat' dir='ltr'>et</span> <span class='ocrx_word' id='word_1_19' title='bbox 1088 674 1281 755; x_wconf 86' lang='lat' dir='ltr'>juxta</span> <span class='ocrx_word' id='word_1_20' title='bbox 1336 671 1587 736; x_wconf 86' lang='lat' dir='ltr'>decreta</span> <span class='ocrx_word' id='word_1_21' title='bbox 1636 671 1995 738; x_wconf 81' lang='lat' dir='ltr'>Concilium</span> <span class='ocrx_word' id='word_1_22' title='bbox 2052 673 2468 757; x_wconf 87' lang='lat' dir='ltr'>aperiendum</span> <span class='ocrx_word' id='word_1_23' title='bbox 2528 695 2684 738; x_wconf 89' lang='lat' dir='ltr'>esse.</span> <span class='ocrx_word' id='word_1_24' title='bbox 2744 709 2822 718; x_wconf 93' lang='lat'>—</span> <span class='ocrx_word' id='word_1_25' title='bbox 2888 672 3033 737; x_wconf 90' lang='lat' dir='ltr'>Bini</span> 
     </span>
     <span class='ocr_line' id='line_1_5' title="bbox 725 767 3034 852; baseline 0 -19"><span class='ocrx_word' id='word_1_26' title='bbox 725 772 942 833; x_wconf 88' lang='lat' dir='ltr'>autem</span> <span class='ocrx_word' id='word_1_27' title='bbox 1005 768 1203 852; x_wconf 85' lang='lat' dir='ltr'>legati</span> <span class='ocrx_word' id='word_1_28' title='bbox 1258 791 1297 831; x_wconf 87' lang='lat' dir='ltr'>a</span> <span class='ocrx_word' id='word_1_29' title='bbox 1344 767 1667 832; x_wconf 88' lang='lat' dir='ltr'>Cardinali</span> <span class='ocrx_word' id='word_1_30' title='bbox 1714 768 1977 833; x_wconf 87' lang='lat' dir='ltr'>Juliano</span> <span class='ocrx_word' id='word_1_31' title='bbox 2038 771 2215 834; x_wconf 88' lang='lat' dir='ltr'>missi</span> <span class='ocrx_word' id='word_1_32' title='bbox 2279 771 2382 833; x_wconf 91' lang='lat' dir='ltr'>die</span> <span class='ocrx_word' id='word_1_33' title='bbox 2446 771 2554 835; x_wconf 78' lang='lat'>23⁸</span> <span class='ocrx_word' id='word_1_34' title='bbox 2599 769 2757 834; x_wconf 87' lang='lat' dir='ltr'>Julii</span> <span class='ocrx_word' id='word_1_35' title='bbox 2803 791 3034 834; x_wconf 88' lang='lat' dir='ltr'>convo-</span> 
     </span>
     <span class='ocr_line' id='line_1_6' title="bbox 725 862 3033 932; baseline 0.001 -4"><span class='ocrx_word' id='word_1_36' title='bbox 725 868 956 929; x_wconf 87' lang='lat' dir='ltr'>carunt</span> <span class='ocrx_word' id='word_1_37' title='bbox 1024 864 1321 929; x_wconf 77' lang='lat' dir='ltr'>abbatem</span> <span class='ocrx_word' id='word_1_38' title='bbox 1376 862 1852 929; x_wconf 75' lang='lat' dir='ltr'>Vizelacensem</span> <span class='ocrx_word' id='word_1_39' title='bbox 1922 869 1987 930; x_wconf 89' lang='lat' dir='ltr'>et</span> <span class='ocrx_word' id='word_1_40' title='bbox 2055 865 2213 930; x_wconf 88' lang='lat' dir='ltr'>duos</span> <span class='ocrx_word' id='word_1_41' title='bbox 2284 865 2572 932; x_wconf 89' lang='lat' dir='ltr'>doctores</span> <span class='ocrx_word' id='word_1_42' title='bbox 2644 864 3033 931; x_wconf 89' lang='lat' dir='ltr'>Parisienses</span> 
     </span>
     <span class='ocr_line' id='line_1_7' title="bbox 724 960 3033 1047; baseline 0 -21"><span class='ocrx_word' id='word_1_43' title='bbox 724 961 804 1026; x_wconf 86' lang='lat' dir='ltr'>ab</span> <span class='ocrx_word' id='word_1_44' title='bbox 874 960 1312 1025; x_wconf 86' lang='lat' dir='ltr'>Universitate</span> <span class='ocrx_word' id='word_1_45' title='bbox 1380 961 1752 1044; x_wconf 76' lang='lat' dir='ltr'>deputatOS,</span> <span class='ocrx_word' id='word_1_46' title='bbox 1831 964 1942 1047; x_wconf 91' lang='lat' dir='ltr'>qui</span> <span class='ocrx_word' id='word_1_47' title='bbox 2017 985 2299 1047; x_wconf 87' lang='lat' dir='ltr'>eousque</span> <span class='ocrx_word' id='word_1_48' title='bbox 2373 963 2492 1028; x_wconf 90' lang='lat' dir='ltr'>soli</span> <span class='ocrx_word' id='word_1_49' title='bbox 2572 969 2887 1026; x_wconf 83' lang='lat' dir='ltr'>venerant</span> <span class='ocrx_word' id='word_1_50' title='bbox 2957 963 3033 1027; x_wconf 88' lang='lat' dir='ltr'>ad</span> 
     </span>
     <span class='ocr_line' id='line_1_8' title="bbox 726 1057 3033 1142; baseline 0 -20"><span class='ocrx_word' id='word_1_51' title='bbox 726 1057 1109 1134; x_wconf 81' lang='lat' dir='ltr'>Concilium,</span> <span class='ocrx_word' id='word_1_52' title='bbox 1177 1062 1242 1121; x_wconf 90' lang='lat' dir='ltr'>et</span> <span class='ocrx_word' id='word_1_53' title='bbox 1305 1057 1405 1121; x_wconf 90' lang='lat' dir='ltr'>his</span> <span class='ocrx_word' id='word_1_54' title='bbox 1466 1079 1609 1120; x_wconf 92' lang='lat' dir='ltr'>cum</span> <span class='ocrx_word' id='word_1_55' title='bbox 1675 1058 1963 1140; x_wconf 91' lang='lat' dir='ltr'>pluribus</span> <span class='ocrx_word' id='word_1_56' title='bbox 2028 1081 2061 1122; x_wconf 95' lang='lat' dir='ltr'>e</span> <span class='ocrx_word' id='word_1_57' title='bbox 2124 1059 2293 1140; x_wconf 79' lang='lat' dir='ltr'>clero</span> <span class='ocrx_word' id='word_1_58' title='bbox 2354 1058 2716 1124; x_wconf 88' lang='lat' dir='ltr'>Basileensi</span> <span class='ocrx_word' id='word_1_59' title='bbox 2778 1080 3033 1142; x_wconf 86' lang='lat' dir='ltr'>congre·</span> 
     </span>
     <span class='ocr_line' id='line_1_9' title="bbox 721 1154 3034 1239; baseline 0 -21"><span class='ocrx_word' id='word_1_60' title='bbox 721 1155 889 1239; x_wconf 86' lang='lat' dir='ltr'>gatis</span> <span class='ocrx_word' id='word_1_61' title='bbox 933 1155 1003 1218; x_wconf 93' lang='lat' dir='ltr'>in</span> <span class='ocrx_word' id='word_1_62' title='bbox 1050 1154 1235 1219; x_wconf 89' lang='lat' dir='ltr'>domo</span> <span class='ocrx_word' id='word_1_63' title='bbox 1279 1154 1616 1238; x_wconf 76' lang='lat' dir='ltr'>capitulari</span> <span class='ocrx_word' id='word_1_64' title='bbox 1671 1155 1972 1220; x_wconf 87' lang='lat' dir='ltr'>ecclesiae</span> <span class='ocrx_word' id='word_1_65' title='bbox 2029 1155 2411 1221; x_wconf 86' lang='lat' dir='ltr'>cathedralis</span> <span class='ocrx_word' id='word_1_66' title='bbox 2462 1155 2877 1232; x_wconf 88' lang='lat' dir='ltr'>Basileensis,</span> <span class='ocrx_word' id='word_1_67' title='bbox 2935 1156 3034 1219; x_wconf 92' lang='lat' dir='ltr'>de-</span> 
     </span>
     <span class='ocr_line' id='line_1_10' title="bbox 721 1250 3032 1337; baseline 0 -22"><span class='ocrx_word' id='word_1_68' title='bbox 721 1252 1080 1326; x_wconf 89' lang='lat' dir='ltr'>clararunt,</span> <span class='ocrx_word' id='word_1_69' title='bbox 1139 1250 1496 1315; x_wconf 87' lang='lat' dir='ltr'>Concilium</span> <span class='ocrx_word' id='word_1_70' title='bbox 1542 1255 1841 1335; x_wconf 88' lang='lat' dir='ltr'>apertum</span> <span class='ocrx_word' id='word_1_71' title='bbox 1889 1273 2054 1330; x_wconf 88' lang='lat' dir='ltr'>esse,</span> <span class='ocrx_word' id='word_1_72' title='bbox 2113 1252 2194 1316; x_wconf 89' lang='lat' dir='ltr'>ad</span> <span class='ocrx_word' id='word_1_73' title='bbox 2247 1253 2509 1337; x_wconf 84' lang='lat' dir='ltr'>negotia</span> <span class='ocrx_word' id='word_1_74' title='bbox 2554 1253 2891 1318; x_wconf 87' lang='lat' dir='ltr'>tractanda</span> <span class='ocrx_word' id='word_1_75' title='bbox 2934 1256 3032 1316; x_wconf 88' lang='lat' dir='ltr'>ta-</span> 
     </span>
     <span class='ocr_line' id='line_1_11' title="bbox 720 1347 3033 1433; baseline 0 -22"><span class='ocrx_word' id='word_1_76' title='bbox 720 1370 870 1412; x_wconf 87' lang='lat' dir='ltr'>men</span> <span class='ocrx_word' id='word_1_77' title='bbox 940 1349 1247 1431; x_wconf 89' lang='lat' dir='ltr'>majorem</span> <span class='ocrx_word' id='word_1_78' title='bbox 1315 1347 1581 1412; x_wconf 85' lang='lat' dir='ltr'>Patrum</span> <span class='ocrx_word' id='word_1_79' title='bbox 1653 1370 1992 1412; x_wconf 87' lang='lat' dir='ltr'>numerum</span> <span class='ocrx_word' id='word_1_80' title='bbox 2064 1349 2419 1433; x_wconf 88' lang='lat' dir='ltr'>exspectari</span> <span class='ocrx_word' id='word_1_81' title='bbox 2487 1349 2733 1414; x_wconf 89' lang='lat' dir='ltr'>debere.</span> <span class='ocrx_word' id='word_1_82' title='bbox 2854 1347 3033 1413; x_wconf 91' lang='lat' dir='ltr'>Circa</span> 
     </span>
     <span class='ocr_line' id='line_1_12' title="bbox 722 1442 3032 1529; baseline 0 -22"><span class='ocrx_word' id='word_1_83' title='bbox 722 1465 1006 1508; x_wconf 88' lang='lat' dir='ltr'>mensem</span> <span class='ocrx_word' id='word_1_84' title='bbox 1064 1442 1508 1527; x_wconf 88' lang='lat' dir='ltr'>Septembrem</span> <span class='ocrx_word' id='word_1_85' title='bbox 1570 1446 1820 1528; x_wconf 86' lang='lat' dir='ltr'>appulit</span> <span class='ocrx_word' id='word_1_86' title='bbox 1876 1444 2192 1510; x_wconf 88' lang='lat' dir='ltr'>Basileam</span> <span class='ocrx_word' id='word_1_87' title='bbox 2257 1447 2392 1529; x_wconf 91' lang='lat' dir='ltr'>ipse</span> <span class='ocrx_word' id='word_1_88' title='bbox 2450 1445 2752 1510; x_wconf 88' lang='lat' dir='ltr'>Julianus</span> <span class='ocrx_word' id='word_1_89' title='bbox 2813 1443 3032 1508; x_wconf 89' lang='lat' dir='ltr'>Cardi-</span> 
     </span>
     <span class='ocr_line' id='line_1_13' title="bbox 720 1540 3032 1625; baseline 0 -22"><span class='ocrx_word' id='word_1_90' title='bbox 720 1542 913 1619; x_wconf 88' lang='lat' dir='ltr'>nalis,</span> <span class='ocrx_word' id='word_1_91' title='bbox 988 1545 1055 1604; x_wconf 92' lang='lat' dir='ltr'>et</span> <span class='ocrx_word' id='word_1_92' title='bbox 1118 1540 1352 1604; x_wconf 88' lang='lat' dir='ltr'>litteris</span> <span class='ocrx_word' id='word_1_93' title='bbox 1417 1542 1669 1623; x_wconf 89' lang='lat' dir='ltr'>scriptis</span> <span class='ocrx_word' id='word_1_94' title='bbox 1732 1542 1978 1605; x_wconf 86' lang='lat' dir='ltr'>institit</span> <span class='ocrx_word' id='word_1_95' title='bbox 2041 1541 2208 1624; x_wconf 92' lang='lat' dir='ltr'>apud</span> <span class='ocrx_word' id='word_1_96' title='bbox 2275 1544 2602 1625; x_wconf 88' lang='lat' dir='ltr'>episcopos</span> <span class='ocrx_word' id='word_1_97' title='bbox 2669 1546 2735 1605; x_wconf 91' lang='lat' dir='ltr'>et</span> <span class='ocrx_word' id='word_1_98' title='bbox 2800 1542 3032 1623; x_wconf 87' lang='lat' dir='ltr'>princi·</span> 
     </span>
     <span class='ocr_line' id='line_1_14' title="bbox 720 1636 3034 1722; baseline 0 -21"><span class='ocrx_word' id='word_1_99' title='bbox 720 1659 860 1722; x_wconf 75' lang='lat' dir='ltr'>peS,</span> <span class='ocrx_word' id='word_1_100' title='bbox 933 1641 1007 1701; x_wconf 87' lang='lat' dir='ltr'>ut</span> <span class='ocrx_word' id='word_1_101' title='bbox 1076 1636 1157 1701; x_wconf 92' lang='lat' dir='ltr'>ad</span> <span class='ocrx_word' id='word_1_102' title='bbox 1220 1637 1573 1702; x_wconf 86' lang='lat' dir='ltr'>Concilium</span> <span class='ocrx_word' id='word_1_103' title='bbox 1637 1642 2074 1720; x_wconf 88' lang='lat' dir='ltr'>properarent.</span> <span class='ocrx_word' id='word_1_104' title='bbox 2187 1638 2396 1714; x_wconf 86' lang='lat' dir='ltr'>Quum</span> <span class='ocrx_word' id='word_1_105' title='bbox 2426 1661 2436 1669; x_wconf 93' lang='lat'><strong>·</strong></span> <span class='ocrx_word' id='word_1_106' title='bbox 2462 1660 2612 1702; x_wconf 84' lang='lat' dir='ltr'>vero</span> <span class='ocrx_word' id='word_1_107' title='bbox 2677 1642 2825 1722; x_wconf 91' lang='lat' dir='ltr'>post</span> <span class='ocrx_word' id='word_1_108' title='bbox 2892 1643 3034 1703; x_wconf 90' lang='lat' dir='ltr'>octo</span> 
     </span>
     <span class='ocr_line' id='line_1_15' title="bbox 721 1733 3034 1818; baseline -0 -20"><span class='ocrx_word' id='word_1_109' title='bbox 721 1756 970 1798; x_wconf 88' lang='lat' dir='ltr'>menses</span> <span class='ocrx_word' id='word_1_110' title='bbox 1036 1756 1073 1797; x_wconf 88' lang='lat' dir='ltr'>a</span> <span class='ocrx_word' id='word_1_111' title='bbox 1135 1738 1424 1816; x_wconf 91' lang='lat' dir='ltr'>tempore</span> <span class='ocrx_word' id='word_1_112' title='bbox 1489 1756 1615 1818; x_wconf 94' lang='lat' dir='ltr'>quo</span> <span class='ocrx_word' id='word_1_113' title='bbox 1677 1733 2035 1798; x_wconf 90' lang='lat' dir='ltr'>Concilium</span> <span class='ocrx_word' id='word_1_114' title='bbox 2100 1734 2536 1799; x_wconf 88' lang='lat' dir='ltr'>inchoandum</span> <span class='ocrx_word' id='word_1_115' title='bbox 2599 1739 2738 1799; x_wconf 89' lang='lat' dir='ltr'>erat</span> <span class='ocrx_word' id='word_1_116' title='bbox 2794 1735 3034 1817; x_wconf 88' lang='lat' dir='ltr'>paucis-</span> 
     </span>
     <span class='ocr_line' id='line_1_16' title="bbox 718 1830 3033 1915; baseline -0 -20"><span class='ocrx_word' id='word_1_117' title='bbox 718 1832 857 1895; x_wconf 86' lang='lat' dir='ltr'>simi</span> <span class='ocrx_word' id='word_1_118' title='bbox 918 1834 1173 1894; x_wconf 89' lang='lat' dir='ltr'>tantum</span> <span class='ocrx_word' id='word_1_119' title='bbox 1239 1831 1534 1894; x_wconf 83' lang='lat' dir='ltr'>adessent</span> <span class='ocrx_word' id='word_1_120' title='bbox 1592 1831 1750 1910; x_wconf 92' lang='lat' dir='ltr'>(tres</span> <span class='ocrx_word' id='word_1_121' title='bbox 1807 1830 2085 1914; x_wconf 88' lang='lat' dir='ltr'>episcopi</span> <span class='ocrx_word' id='word_1_122' title='bbox 2143 1837 2207 1895; x_wconf 91' lang='lat' dir='ltr'>et</span> <span class='ocrx_word' id='word_1_123' title='bbox 2264 1837 2509 1915; x_wconf 85' lang='lat' dir='ltr'>septem</span> <span class='ocrx_word' id='word_1_124' title='bbox 2570 1830 2895 1912; x_wconf 85' lang='lat' dir='ltr'>abbates),</span> <span class='ocrx_word' id='word_1_125' title='bbox 2957 1832 3033 1894; x_wconf 91' lang='lat' dir='ltr'>de</span> 
     </span>
     <span class='ocr_line' id='line_1_17' title="bbox 717 1925 3032 2010; baseline 0 -20"><span class='ocrx_word' id='word_1_126' title='bbox 717 1948 1030 1991; x_wconf 89' lang='lat' dir='ltr'>consensu</span> <span class='ocrx_word' id='word_1_127' title='bbox 1105 1928 1540 2009; x_wconf 86' lang='lat' dir='ltr'>praelatorum</span> <span class='ocrx_word' id='word_1_128' title='bbox 1601 1925 1873 1990; x_wconf 88' lang='lat' dir='ltr'>Romam</span> <span class='ocrx_word' id='word_1_129' title='bbox 1943 1927 2118 1992; x_wconf 88' lang='lat' dir='ltr'>misit</span> <span class='ocrx_word' id='word_1_130' title='bbox 2185 1927 2503 1991; x_wconf 85' lang='lat' dir='ltr'>Joannem</span> <span class='ocrx_word' id='word_1_131' title='bbox 2567 1927 3032 2010; x_wconf 89' lang='lat' dir='ltr'>Pulchripatris</span> 
     </span>
     <span class='ocr_line' id='line_1_18' title="bbox 717 2021 3032 2108; baseline 0 -22"><span class='ocrx_word' id='word_1_132' title='bbox 717 2021 1102 2105; x_wconf 78' lang='lat' dir='ltr'>(Beaupere)</span> <span class='ocrx_word' id='word_1_133' title='bbox 1153 2022 1530 2087; x_wconf 89' lang='lat' dir='ltr'>canonicum</span> <span class='ocrx_word' id='word_1_134' title='bbox 1577 2022 2025 2100; x_wconf 88' lang='lat' dir='ltr'>Bisuntinum,</span> <span class='ocrx_word' id='word_1_135' title='bbox 2085 2025 2195 2108; x_wconf 88' lang='lat' dir='ltr'>qui</span> <span class='ocrx_word' id='word_1_136' title='bbox 2255 2024 2331 2087; x_wconf 91' lang='lat' dir='ltr'>de</span> <span class='ocrx_word' id='word_1_137' title='bbox 2379 2025 2676 2089; x_wconf 89' lang='lat' dir='ltr'>omnibus</span> <span class='ocrx_word' id='word_1_138' title='bbox 2736 2023 2814 2089; x_wconf 89' lang='lat' dir='ltr'>ad</span> <span class='ocrx_word' id='word_1_139' title='bbox 2861 2023 3032 2088; x_wconf 90' lang='lat' dir='ltr'>Con-</span> 
     </span>
     <span class='ocr_line' id='line_1_19' title="bbox 717 2118 3035 2203; baseline 0 -20"><span class='ocrx_word' id='word_1_140' title='bbox 717 2120 932 2184; x_wconf 90' lang='lat' dir='ltr'>cilium</span> <span class='ocrx_word' id='word_1_141' title='bbox 991 2120 1431 2202; x_wconf 87' lang='lat' dir='ltr'>spectantibus</span> <span class='ocrx_word' id='word_1_142' title='bbox 1487 2118 1565 2182; x_wconf 91' lang='lat' dir='ltr'>ad</span> <span class='ocrx_word' id='word_1_143' title='bbox 1621 2118 1985 2203; x_wconf 87' lang='lat' dir='ltr'>Eugenium</span> <span class='ocrx_word' id='word_1_144' title='bbox 2033 2121 2149 2185; x_wconf 89' lang='lat' dir='ltr'>IV.</span> <span class='ocrx_word' id='word_1_145' title='bbox 2207 2127 2272 2185; x_wconf 91' lang='lat' dir='ltr'>et</span> <span class='ocrx_word' id='word_1_146' title='bbox 2318 2120 2687 2185; x_wconf 89' lang='lat' dir='ltr'>Cardinales</span> <span class='ocrx_word' id='word_1_147' title='bbox 2745 2120 3035 2185; x_wconf 85' lang='lat' dir='ltr'>referret.</span> 
     </span>
     <span class='ocr_line' id='line_1_20' title="bbox 717 2215 3034 2300; baseline -0 -19"><span class='ocrx_word' id='word_1_148' title='bbox 717 2216 841 2281; x_wconf 91' lang='lat' dir='ltr'>Hic</span> <span class='ocrx_word' id='word_1_149' title='bbox 887 2217 969 2280; x_wconf 89' lang='lat' dir='ltr'>ab</span> <span class='ocrx_word' id='word_1_150' title='bbox 999 2215 1311 2300; x_wconf 71' lang='lat' dir='ltr'>&#39;Eugenio</span> <span class='ocrx_word' id='word_1_151' title='bbox 1367 2216 1436 2279; x_wconf 90' lang='lat' dir='ltr'>in</span> <span class='ocrx_word' id='word_1_152' title='bbox 1484 2215 1947 2279; x_wconf 88' lang='lat' dir='ltr'>Consistorium</span> <span class='ocrx_word' id='word_1_153' title='bbox 2004 2217 2315 2281; x_wconf 85' lang='lat' dir='ltr'>admissus</span> <span class='ocrx_word' id='word_1_154' title='bbox 2363 2217 2718 2294; x_wconf 84' lang='lat' dir='ltr'>enarravit,</span> <span class='ocrx_word' id='word_1_155' title='bbox 2783 2217 3034 2299; x_wconf 90' lang='lat' dir='ltr'>paucis-</span> 
     </span>
     <span class='ocr_line' id='line_1_21' title="bbox 716 2311 3034 2397; baseline -0 -19"><span class='ocrx_word' id='word_1_156' title='bbox 716 2315 909 2378; x_wconf 89' lang='lat' dir='ltr'>simos</span> <span class='ocrx_word' id='word_1_157' title='bbox 969 2317 1229 2377; x_wconf 90' lang='lat' dir='ltr'>tantum</span> <span class='ocrx_word' id='word_1_158' title='bbox 1292 2311 1368 2375; x_wconf 91' lang='lat' dir='ltr'>ad</span> <span class='ocrx_word' id='word_1_159' title='bbox 1431 2311 1761 2395; x_wconf 82' lang='lat' dir='ltr'>Synodum</span> <span class='ocrx_word' id='word_1_160' title='bbox 1819 2313 2103 2396; x_wconf 80' lang='lat' dir='ltr'>venisse3</span> <span class='ocrx_word' id='word_1_161' title='bbox 2170 2314 2400 2378; x_wconf 90' lang='lat' dir='ltr'>multos</span> <span class='ocrx_word' id='word_1_162' title='bbox 2458 2315 2779 2397; x_wconf 90' lang='lat' dir='ltr'>praelatos</span> <span class='ocrx_word' id='word_1_163' title='bbox 2835 2315 3034 2396; x_wconf 90' lang='lat' dir='ltr'>impe-</span> 
     </span>
     <span class='ocr_line' id='line_1_22' title="bbox 716 2407 3035 2495; baseline 0 -22"><span class='ocrx_word' id='word_1_164' title='bbox 716 2410 839 2473; x_wconf 90' lang='lat' dir='ltr'>diri</span> <span class='ocrx_word' id='word_1_165' title='bbox 911 2409 1095 2473; x_wconf 92' lang='lat' dir='ltr'>bellis</span> <span class='ocrx_word' id='word_1_166' title='bbox 1158 2409 1331 2472; x_wconf 88' lang='lat' dir='ltr'>inter</span> <span class='ocrx_word' id='word_1_167' title='bbox 1400 2407 1819 2491; x_wconf 87' lang='lat' dir='ltr'>Burgundiae</span> <span class='ocrx_word' id='word_1_168' title='bbox 1889 2415 1956 2472; x_wconf 90' lang='lat' dir='ltr'>et</span> <span class='ocrx_word' id='word_1_169' title='bbox 2027 2410 2329 2474; x_wconf 87' lang='lat' dir='ltr'>Austriae</span> <span class='ocrx_word' id='word_1_170' title='bbox 2397 2409 2615 2486; x_wconf 76' lang='lat' dir='ltr'>duceS,</span> <span class='ocrx_word' id='word_1_171' title='bbox 2687 2411 3035 2495; x_wconf 89' lang='lat' dir='ltr'>quominus</span> 
     </span>
     <span class='ocr_line' id='line_1_23' title="bbox 714 2502 3031 2591; baseline 0 -21"><span class='ocrx_word' id='word_1_172' title='bbox 714 2502 1034 2571; x_wconf 85' lang='lat' dir='ltr'>Basileam</span> <span class='ocrx_word' id='word_1_173' title='bbox 1105 2509 1434 2590; x_wconf 82' lang='lat' dir='ltr'>venirent3</span> <span class='ocrx_word' id='word_1_174' title='bbox 1518 2505 1819 2570; x_wconf 89' lang='lat' dir='ltr'>scandala</span> <span class='ocrx_word' id='word_1_175' title='bbox 1895 2528 2034 2570; x_wconf 88' lang='lat' dir='ltr'>esse</span> <span class='ocrx_word' id='word_1_176' title='bbox 2102 2507 2359 2571; x_wconf 88' lang='lat' dir='ltr'>infinita</span> <span class='ocrx_word' id='word_1_177' title='bbox 2431 2505 2755 2585; x_wconf 87' lang='lat' dir='ltr'>Basileae,</span> <span class='ocrx_word' id='word_1_178' title='bbox 2832 2529 3031 2591; x_wconf 87' lang='lat' dir='ltr'>quum</span> 
     </span>
     <span class='ocr_line' id='line_1_24' title="bbox 717 2602 3032 2686; baseline 0 -20"><span class='ocrx_word' id='word_1_179' title='bbox 717 2603 1015 2667; x_wconf 91' lang='lat' dir='ltr'>nonnulli</span> <span class='ocrx_word' id='word_1_180' title='bbox 1071 2603 1318 2667; x_wconf 89' lang='lat' dir='ltr'>incolae</span> <span class='ocrx_word' id='word_1_181' title='bbox 1379 2603 1457 2665; x_wconf 89' lang='lat' dir='ltr'>ad</span> <span class='ocrx_word' id='word_1_182' title='bbox 1519 2624 1758 2667; x_wconf 88' lang='lat' dir='ltr'>morem</span> <span class='ocrx_word' id='word_1_183' title='bbox 1818 2602 2229 2668; x_wconf 86' lang='lat' dir='ltr'>Hussitarum</span> <span class='ocrx_word' id='word_1_184' title='bbox 2292 2604 2752 2669; x_wconf 85' lang='lat' dir='ltr'>ecclesiasticos</span> <span class='ocrx_word' id='word_1_185' title='bbox 2816 2624 3032 2686; x_wconf 87' lang='lat' dir='ltr'>perse-</span> 
     </span>
     <span class='ocr_line' id='line_1_25' title="bbox 716 2699 3033 2784; baseline 0 -22"><span class='ocrx_word' id='word_1_186' title='bbox 716 2704 1088 2783; x_wconf 88' lang='lat' dir='ltr'>querentur,</span> <span class='ocrx_word' id='word_1_187' title='bbox 1138 2701 1390 2783; x_wconf 89' lang='lat' dir='ltr'>aliaque</span> <span class='ocrx_word' id='word_1_188' title='bbox 1436 2699 1701 2779; x_wconf 83' lang='lat' dir='ltr'>addidit,</span> <span class='ocrx_word' id='word_1_189' title='bbox 1750 2700 1842 2764; x_wconf 88' lang='lat' dir='ltr'>uti</span> <span class='ocrx_word' id='word_1_190' title='bbox 1876 2700 2148 2777; x_wconf 86' lang='lat' dir='ltr'>videtur,</span> <span class='ocrx_word' id='word_1_191' title='bbox 2199 2705 2606 2784; x_wconf 85' lang='lat' dir='ltr'>exaggerata.</span> <span class='ocrx_word' id='word_1_192' title='bbox 2680 2700 2804 2764; x_wconf 86' lang='lat' dir='ltr'>His</span> <span class='ocrx_word' id='word_1_193' title='bbox 2834 2699 3033 2764; x_wconf 87' lang='lat' dir='ltr'>-audi-</span> 
     </span>
     <span class='ocr_line' id='line_1_26' title="bbox 715 2795 3032 2881; baseline 0 -22"><span class='ocrx_word' id='word_1_194' title='bbox 715 2797 829 2872; x_wconf 75' lang='lat' dir='ltr'>tis,</span> <span class='ocrx_word' id='word_1_195' title='bbox 904 2795 1233 2879; x_wconf 84' lang='lat' dir='ltr'>Eugenius</span> <span class='ocrx_word' id='word_1_196' title='bbox 1304 2799 1380 2861; x_wconf 91' lang='lat' dir='ltr'>de</span> <span class='ocrx_word' id='word_1_197' title='bbox 1448 2797 1714 2861; x_wconf 91' lang='lat' dir='ltr'>consilio</span> <span class='ocrx_word' id='word_1_198' title='bbox 1781 2796 1995 2860; x_wconf 91' lang='lat' dir='ltr'>decem</span> <span class='ocrx_word' id='word_1_199' title='bbox 2070 2795 2510 2861; x_wconf 86' lang='lat' dir='ltr'>Cardinalium</span> <span class='ocrx_word' id='word_1_200' title='bbox 2583 2819 2743 2881; x_wconf 90' lang='lat' dir='ltr'>quos</span> <span class='ocrx_word' id='word_1_201' title='bbox 2815 2817 3032 2860; x_wconf 90' lang='lat' dir='ltr'>secum</span> 
     </span>
     <span class='ocr_line' id='line_1_27' title="bbox 713 2890 3031 2971; baseline -0 -15"><span class='ocrx_word' id='word_1_202' title='bbox 713 2893 1023 2971; x_wconf 88' lang='lat' dir='ltr'>habebat,</span> <span class='ocrx_word' id='word_1_203' title='bbox 1094 2892 1421 2957; x_wconf 89' lang='lat' dir='ltr'>Cardinali</span> <span class='ocrx_word' id='word_1_204' title='bbox 1481 2892 1742 2957; x_wconf 87' lang='lat' dir='ltr'>Juliano</span> <span class='ocrx_word' id='word_1_205' title='bbox 1807 2892 2045 2957; x_wconf 89' lang='lat' dir='ltr'>litteris</span> <span class='ocrx_word' id='word_1_206' title='bbox 2117 2892 2285 2958; x_wconf 89' lang='lat' dir='ltr'>datis</span> <span class='ocrx_word' id='word_1_207' title='bbox 2345 2893 2402 2956; x_wconf 86' lang='lat' dir='ltr'>d.</span> <span class='ocrx_word' id='word_1_208' title='bbox 2474 2890 2586 2957; x_wconf 83' lang='lat'>12⁰</span> <span class='ocrx_word' id='word_1_209' title='bbox 2648 2892 3031 2957; x_wconf 87' lang='lat' dir='ltr'>Novembris</span> 
     </span>
     <span class='ocr_line' id='line_1_28' title="bbox 714 2988 3030 3054; baseline -0.001 -1"><span class='ocrx_word' id='word_1_210' title='bbox 714 2990 887 3053; x_wconf 87' lang='lat' dir='ltr'>dedit</span> <span class='ocrx_word' id='word_1_211' title='bbox 954 2990 1327 3053; x_wconf 86' lang='lat' dir='ltr'>facultatem</span> <span class='ocrx_word' id='word_1_212' title='bbox 1396 2989 1788 3053; x_wconf 86' lang='lat' dir='ltr'>dissolvendi</span> <span class='ocrx_word' id='word_1_213' title='bbox 1856 2988 2121 3053; x_wconf 90' lang='lat' dir='ltr'>Concilii</span> <span class='ocrx_word' id='word_1_214' title='bbox 2201 2994 2265 3053; x_wconf 87' lang='lat' dir='ltr'>et</span> <span class='ocrx_word' id='word_1_215' title='bbox 2334 2989 2722 3054; x_wconf 84' lang='lat' dir='ltr'>convocandi</span> <span class='ocrx_word' id='word_1_216' title='bbox 2793 3010 3030 3053; x_wconf 88' lang='lat' dir='ltr'>novam</span> 
     </span>
     <span class='ocr_line' id='line_1_29' title="bbox 714 3084 3031 3169; baseline 0 -20"><span class='ocrx_word' id='word_1_217' title='bbox 714 3084 1043 3168; x_wconf 81' lang='lat' dir='ltr'>Synodum</span> <span class='ocrx_word' id='word_1_218' title='bbox 1091 3091 1236 3169; x_wconf 89' lang='lat' dir='ltr'>post</span> <span class='ocrx_word' id='word_1_219' title='bbox 1267 3107 1510 3149; x_wconf 87' lang='lat' dir='ltr'>annum</span> <span class='ocrx_word' id='word_1_220' title='bbox 1556 3108 1699 3149; x_wconf 88' lang='lat' dir='ltr'>cum</span> <span class='ocrx_word' id='word_1_221' title='bbox 1730 3085 1992 3150; x_wconf 88' lang='lat' dir='ltr'>dimidio</span> <span class='ocrx_word' id='word_1_222' title='bbox 2025 3086 2356 3150; x_wconf 88' lang='lat' dir='ltr'>Bononiae</span> <span class='ocrx_word' id='word_1_223' title='bbox 2388 3086 2771 3162; x_wconf 84' lang='lat' dir='ltr'>habendam.</span> <span class='ocrx_word' id='word_1_224' title='bbox 2851 3086 3031 3150; x_wconf 91' lang='lat' dir='ltr'>Com·</span> 
     </span>
     <span class='ocr_line' id='line_1_30' title="bbox 713 3182 3030 3267; baseline -0.001 -20"><span class='ocrx_word' id='word_1_225' title='bbox 713 3186 1027 3247; x_wconf 84' lang='lat' dir='ltr'>memorat</span> <span class='ocrx_word' id='word_1_226' title='bbox 1087 3184 1156 3246; x_wconf 86' lang='lat' dir='ltr'>in</span> <span class='ocrx_word' id='word_1_227' title='bbox 1212 3184 1430 3247; x_wconf 89' lang='lat' dir='ltr'>eadem</span> <span class='ocrx_word' id='word_1_228' title='bbox 1491 3182 1766 3266; x_wconf 90' lang='lat' dir='ltr'>epistola</span> <span class='ocrx_word' id='word_1_229' title='bbox 1823 3204 1927 3260; x_wconf 89' lang='lat' dir='ltr'>ea,</span> <span class='ocrx_word' id='word_1_230' title='bbox 1986 3205 2151 3267; x_wconf 87' lang='lat' dir='ltr'>quae</span> <span class='ocrx_word' id='word_1_231' title='bbox 2207 3183 2492 3248; x_wconf 87' lang='lat' dir='ltr'>Joannes</span> <span class='ocrx_word' id='word_1_232' title='bbox 2546 3182 2876 3265; x_wconf 79' lang='lat' dir='ltr'>Beaupere</span> <span class='ocrx_word' id='word_1_233' title='bbox 2932 3203 3030 3245; x_wconf 89' lang='lat' dir='ltr'>re-</span> 
     </span>
     <span class='ocr_line' id='line_1_31' title="bbox 713 3278 3030 3363; baseline 0.001 -22"><span class='ocrx_word' id='word_1_234' title='bbox 713 3279 987 3356; x_wconf 88' lang='lat' dir='ltr'>tulerat,</span> <span class='ocrx_word' id='word_1_235' title='bbox 1060 3279 1169 3342; x_wconf 91' lang='lat' dir='ltr'>sed</span> <span class='ocrx_word' id='word_1_236' title='bbox 1234 3278 1389 3342; x_wconf 87' lang='lat' dir='ltr'>dicit</span> <span class='ocrx_word' id='word_1_237' title='bbox 1450 3279 1678 3353; x_wconf 89' lang='lat' dir='ltr'>etiam,</span> <span class='ocrx_word' id='word_1_238' title='bbox 1754 3280 2013 3343; x_wconf 88' lang='lat' dir='ltr'>aliunde</span> <span class='ocrx_word' id='word_1_239' title='bbox 2066 3281 2203 3363; x_wconf 87' lang='lat' dir='ltr'>jam</span> <span class='ocrx_word' id='word_1_240' title='bbox 2269 3301 2345 3343; x_wconf 87' lang='lat' dir='ltr'>ex</span> <span class='ocrx_word' id='word_1_241' title='bbox 2410 3279 2604 3343; x_wconf 85' lang='lat' dir='ltr'>variis</span> <span class='ocrx_word' id='word_1_242' title='bbox 2666 3280 2898 3344; x_wconf 86' lang='lat' dir='ltr'>litteris</span> <span class='ocrx_word' id='word_1_243' title='bbox 2961 3286 3030 3343; x_wconf 91' lang='lat' dir='ltr'>et</span> 
     </span>
     <span class='ocr_line' id='line_1_32' title="bbox 712 3375 3029 3459; baseline 0.001 -22"><span class='ocrx_word' id='word_1_244' title='bbox 712 3375 960 3439; x_wconf 89' lang='lat' dir='ltr'>nuntiis</span> <span class='ocrx_word' id='word_1_245' title='bbox 1018 3375 1217 3439; x_wconf 86' lang='lat' dir='ltr'>fuisse</span> <span class='ocrx_word' id='word_1_246' title='bbox 1275 3375 1538 3459; x_wconf 86' lang='lat' dir='ltr'>cognita</span> <span class='ocrx_word' id='word_1_247' title='bbox 1601 3375 1884 3457; x_wconf 90' lang='lat' dir='ltr'>pericula</span> <span class='ocrx_word' id='word_1_248' title='bbox 1948 3379 2017 3439; x_wconf 92' lang='lat' dir='ltr'>et</span> <span class='ocrx_word' id='word_1_249' title='bbox 2077 3375 2528 3456; x_wconf 80' lang='lat' dir='ltr'>difficultateS,</span> <span class='ocrx_word' id='word_1_250' title='bbox 2590 3398 2752 3459; x_wconf 87' lang='lat' dir='ltr'>quae</span> <span class='ocrx_word' id='word_1_251' title='bbox 2810 3376 3029 3459; x_wconf 90' lang='lat' dir='ltr'>prohi-</span> 
     </span>
     <span class='ocr_line' id='line_1_33' title="bbox 711 3470 3032 3556; baseline 0 -22"><span class='ocrx_word' id='word_1_252' title='bbox 711 3471 982 3548; x_wconf 89' lang='lat' dir='ltr'>bebant,</span> <span class='ocrx_word' id='word_1_253' title='bbox 1054 3471 1397 3556; x_wconf 90' lang='lat' dir='ltr'>quominus</span> <span class='ocrx_word' id='word_1_254' title='bbox 1466 3470 1764 3535; x_wconf 89' lang='lat' dir='ltr'>Basileae</span> <span class='ocrx_word' id='word_1_255' title='bbox 1837 3472 2328 3551; x_wconf 87' lang='lat' dir='ltr'>continuaretur</span> <span class='ocrx_word' id='word_1_256' title='bbox 2391 3473 2490 3536; x_wconf 86' lang='lat' dir='ltr'>vel</span> <span class='ocrx_word' id='word_1_257' title='bbox 2560 3474 2774 3555; x_wconf 88' lang='lat' dir='ltr'>potius</span> <span class='ocrx_word' id='word_1_258' title='bbox 2843 3473 3032 3536; x_wconf 91' lang='lat' dir='ltr'>fieret</span> 
     </span>
     <span class='ocr_line' id='line_1_34' title="bbox 714 3567 3030 3653; baseline 0 -20"><span class='ocrx_word' id='word_1_259' title='bbox 714 3567 1099 3642; x_wconf 80' lang='lat' dir='ltr'>Concilium3</span> <span class='ocrx_word' id='word_1_260' title='bbox 1161 3569 1619 3653; x_wconf 84' lang='lat' dir='ltr'>negotiumque</span> <span class='ocrx_word' id='word_1_261' title='bbox 1677 3568 1937 3632; x_wconf 90' lang='lat' dir='ltr'>unionis</span> <span class='ocrx_word' id='word_1_262' title='bbox 1986 3567 2374 3633; x_wconf 84' lang='lat' dir='ltr'>Graecorum</span> <span class='ocrx_word' id='word_1_263' title='bbox 2433 3571 2675 3652; x_wconf 91' lang='lat' dir='ltr'>pariter</span> <span class='ocrx_word' id='word_1_264' title='bbox 2720 3581 2792 3634; x_wconf 89' lang='lat' dir='ltr'>ut</span> <span class='ocrx_word' id='word_1_265' title='bbox 2842 3570 3030 3634; x_wconf 90' lang='lat' dir='ltr'>moti-</span> 
     </span>
     <span class='ocr_line' id='line_1_35' title="bbox 711 3664 1654 3731; baseline 0.003 -3"><span class='ocrx_word' id='word_1_266' title='bbox 711 3687 859 3728; x_wconf 87' lang='lat' dir='ltr'>vum</span> <span class='ocrx_word' id='word_1_267' title='bbox 908 3664 1343 3729; x_wconf 87' lang='lat' dir='ltr'>dissolutionis</span> <span class='ocrx_word' id='word_1_268' title='bbox 1390 3665 1654 3731; x_wconf 91' lang='lat' dir='ltr'>indicat.</span> 
     </span>
    </p>

    <p class='ocr_par' dir='ltr' id='par_1_4' title="bbox 706 3759 3030 4222">
     <span class='ocr_line' id='line_1_36' title="bbox 887 3759 3029 3844; baseline 0 -20"><span class='ocrx_word' id='word_1_269' title='bbox 887 3762 945 3824; x_wconf 87' lang='lat'>6.</span> <span class='ocrx_word' id='word_1_270' title='bbox 1015 3759 1284 3827; x_wconf 89' lang='lat' dir='ltr'>Interim</span> <span class='ocrx_word' id='word_1_271' title='bbox 1348 3782 1500 3825; x_wconf 84' lang='lat' dir='ltr'>vero</span> <span class='ocrx_word' id='word_1_272' title='bbox 1562 3761 1853 3826; x_wconf 89' lang='lat' dir='ltr'>Basileae</span> <span class='ocrx_word' id='word_1_273' title='bbox 1916 3784 2221 3827; x_wconf 88' lang='lat' dir='ltr'>numerus</span> <span class='ocrx_word' id='word_1_274' title='bbox 2283 3764 2747 3844; x_wconf 83' lang='lat' dir='ltr'>praelatorum,</span> <span class='ocrx_word' id='word_1_275' title='bbox 2814 3768 3029 3826; x_wconf 92' lang='lat' dir='ltr'>orato-</span> 
     </span>
     <span class='ocr_line' id='line_1_37' title="bbox 709 3858 3030 3942; baseline 0.001 -22"><span class='ocrx_word' id='word_1_276' title='bbox 709 3878 850 3921; x_wconf 92' lang='lat' dir='ltr'>rum</span> <span class='ocrx_word' id='word_1_277' title='bbox 899 3859 1093 3923; x_wconf 86' lang='lat' dir='ltr'>etiam</span> <span class='ocrx_word' id='word_1_278' title='bbox 1140 3860 1498 3941; x_wconf 89' lang='lat' dir='ltr'>principum</span> <span class='ocrx_word' id='word_1_279' title='bbox 1548 3863 1743 3941; x_wconf 90' lang='lat' dir='ltr'>atque</span> <span class='ocrx_word' id='word_1_280' title='bbox 1791 3858 2229 3924; x_wconf 88' lang='lat' dir='ltr'>Cardinalium</span> <span class='ocrx_word' id='word_1_281' title='bbox 2277 3859 2383 3942; x_wconf 91' lang='lat' dir='ltr'>qui</span> <span class='ocrx_word' id='word_1_282' title='bbox 2445 3858 2847 3923; x_wconf 87' lang='lat' dir='ltr'>advenerunt</span> <span class='ocrx_word' id='word_1_283' title='bbox 2891 3880 3030 3923; x_wconf 87' lang='lat' dir='ltr'>cre·</span> 
     </span>
     <span class='ocr_line' id='line_1_38' title="bbox 706 3952 3027 4039; baseline 0 -23"><span class='ocrx_word' id='word_1_284' title='bbox 706 3954 824 4018; x_wconf 84' lang='lat' dir='ltr'>vit.</span> <span class='ocrx_word' id='word_1_285' title='bbox 915 3954 1318 4039; x_wconf 83' lang='lat' dir='ltr'>Quapropter</span> <span class='ocrx_word' id='word_1_286' title='bbox 1369 3955 1670 4019; x_wconf 86' lang='lat' dir='ltr'>Julianus</span> <span class='ocrx_word' id='word_1_287' title='bbox 1723 3955 2006 4039; x_wconf 73' lang='lat' dir='ltr'>legatuS,</span> <span class='ocrx_word' id='word_1_288' title='bbox 2063 3956 2337 4038; x_wconf 87' lang='lat' dir='ltr'>acceptis</span> <span class='ocrx_word' id='word_1_289' title='bbox 2394 3954 2626 4019; x_wconf 87' lang='lat' dir='ltr'>litteris</span> <span class='ocrx_word' id='word_1_290' title='bbox 2686 3954 2764 4018; x_wconf 91' lang='lat' dir='ltr'>de</span> <span class='ocrx_word' id='word_1_291' title='bbox 2811 3952 3027 4036; x_wconf 66' lang='lat' dir='ltr'>1⁰an-</span> 
     </span>
     <span class='ocr_line' id='line_1_39' title="bbox 707 4050 3027 4135; baseline 0.001 -22"><span class='ocrx_word' id='word_1_292' title='bbox 707 4052 839 4115; x_wconf 78' lang='lat' dir='ltr'>tate</span> <span class='ocrx_word' id='word_1_293' title='bbox 916 4052 1301 4117; x_wconf 88' lang='lat' dir='ltr'>dissolvendi</span> <span class='ocrx_word' id='word_1_294' title='bbox 1381 4050 1686 4123; x_wconf 79' lang='lat' dir='ltr'>Concilii,</span> <span class='ocrx_word' id='word_1_295' title='bbox 1761 4050 2214 4132; x_wconf 90' lang='lat' dir='ltr'>considerans,</span> <span class='ocrx_word' id='word_1_296' title='bbox 2286 4073 2537 4115; x_wconf 85' lang='lat' dir='ltr'>causam</span> <span class='ocrx_word' id='word_1_297' title='bbox 2616 4051 3027 4135; x_wconf 89' lang='lat' dir='ltr'>praecipuam</span> 
     </span>
     <span class='ocr_line' id='line_1_40' title="bbox 707 4145 3025 4222; baseline 0 -12"><span class='ocrx_word' id='word_1_298' title='bbox 707 4148 1138 4213; x_wconf 86' lang='lat' dir='ltr'>dissolutionis</span> <span class='ocrx_word' id='word_1_299' title='bbox 1198 4146 1468 4211; x_wconf 91' lang='lat' dir='ltr'>Concilii</span> <span class='ocrx_word' id='word_1_300' title='bbox 1532 4167 1836 4222; x_wconf 88' lang='lat' dir='ltr'>cessasse,</span> <span class='ocrx_word' id='word_1_301' title='bbox 1912 4145 2263 4211; x_wconf 88' lang='lat' dir='ltr'>Concilium</span> <span class='ocrx_word' id='word_1_302' title='bbox 2335 4169 2481 4211; x_wconf 87' lang='lat' dir='ltr'>vero</span> <span class='ocrx_word' id='word_1_303' title='bbox 2541 4147 2740 4211; x_wconf 84' lang='lat' dir='ltr'>videri</span> <span class='ocrx_word' id='word_1_304' title='bbox 2805 4169 3025 4211; x_wconf 90' lang='lat' dir='ltr'>neces-</span> 
     </span>
    </p>
   </div>
  </div>
 </body>
</html>
