3281 5014
673 438 777 489 228
1090 435 1322 490 XXXII.
1359 434 1444 490 De
1479 435 1838 489 Pontificibus
1877 434 2161 490 Avenione
2200 436 2559 490 commoratiS.

673 578 953 662 capitula
996 582 1152 642 tunc
1198 598 1434 662 magna
1483 583 1664 659 parte
1710 598 1788 640 ex
1836 577 2143 642 nobilium
2194 575 2341 641 filiis
2388 576 2792 661 postgenitis,
2841 577 2983 659 qui-

675 675 792 737 bus
838 696 969 738 non
1012 696 1157 739 raro
1205 674 1424 738 deerat
1472 674 1722 738 vocatio
1770 678 1834 738 et
1880 674 2143 758 spiritus
2186 674 2516 739 clericalis.

343 826 638 901 ‚09111111011‘1850
851 824 953 888 85.
1027 823 1104 887 In
1167 820 1552 909 ngpnffis
1618 823 2041 888 concedendis
2107 823 2432 888 interdum
2497 824 2751 908 quidem
2807 823 2985 888 Pon·

340 890 463 932 ΑΜΒ
481 892 872 997 amm'tifices
931 919 1416 985 Avenionenses
1478 920 1784 1004 largiores
1840 922 2134 994 fuerunt,
2196 920 2518 985 interdum
2573 942 2723 985 vero
2781 921 2982 985 istum

670 1038 851 1082 usum
915 1016 1183 1081 decretis
1248 1016 1436 1080 editis
1497 1017 1996 1080 restrinxerunt.
2105 1014 2411 1099 Quamvis
2477 1013 2692 1080 autem
2759 1039 2983 1082 revera

670 1136 747 1177 ex
806 1112 1327 1177 commendarum
1386 1134 1504 1176 usu
1564 1113 1740 1176 varia
1807 1112 2192 1177 detrimenta
2256 1113 2700 1195 provenirent,
2763 1119 2981 1178 tamen

666 1217 807 1275 tum
864 1210 988 1274 isto
1044 1216 1329 1293 tempore
1389 1213 1528 1272 tum
1586 1208 2024 1293 subsequente
2080 1212 2295 1274 aetate
2351 1207 2801 1273 difficillimum
2855 1209 2982 1274 fuit

671 1306 982 1391 ejusmodi
1041 1304 1572 1372 consuetudinem
1632 1307 1892 1387 penitus
1950 1307 2234 1387 abolere,
2302 1304 2503 1369 donec
2558 1307 2979 1370 monasterio·

669 1426 810 1468 rum
858 1403 1030 1466 bona
1086 1402 1405 1466 diminuta
1459 1406 1610 1465 sunt
1658 1407 1724 1465 et
1768 1401 2108 1485 disciplina
2165 1402 2480 1487 regularis
2536 1401 2848 1467 refloruit.
2893 1436 2980 1448 -—

675 1498 1105 1583 „Suppressae
1168 1498 1581 1576 videbantur,
1652 1498 1875 1563 scribit
1935 1497 2427 1573 ThomassinuS,
2491 1499 2755 1562 omnino
2809 1520 2979 1563 com-

671 1596 937 1660 mendae
999 1596 1312 1679 majorum
1374 1593 1825 1659 beneficiorum
1889 1601 2027 1659 toto
2085 1597 2338 1660 saeculo
2382 1591 2551 1659 XIII
2606 1644 2622 1660 .
2681 1643 2697 1660 .
2758 1643 2774 1661 .
2831 1594 2981 1660 Sae-

670 1694 812 1758 culo
875 1690 1059 1756 XIV.
1136 1691 1551 1775 percrebuere
1624 1690 2128 1756 innumerabiles
2200 1691 2610 1756 commendas
2676 1693 2983 1777 cujusque

669 1791 926 1876 generis
996 1788 1482 1870 beneficiorum,
1546 1810 1679 1851 non
1746 1789 2219 1871 episcopatuum
2287 1794 2572 1871 tantum,
2640 1790 2979 1854 coenobio-

670 1911 811 1952 rum
880 1892 946 1950 et
1013 1885 1489 1968 parochiarum,
1564 1884 1674 1949 sed
1745 1890 1811 1948 et
1878 1886 2311 1969 prioratuum,
2388 1884 2737 1949 officiorum
2806 1885 2980 1949 clau-

670 1983 965 2047 stralium
1036 1987 1102 2046 et
1168 1982 1562 2064 dignitatum
1628 1981 2072 2065 capitulorum.
2186 1980 2393 2066 Prope
2457 1981 2640 2046 abest
2708 2004 2747 2045 a
2807 2003 2981 2058 ver0,

671 2102 806 2144 non
869 2078 932 2142 id
997 2101 1280 2162 unquam
1346 2081 1726 2142 eventurum
1791 2077 2018 2155 fuisse,
2088 2077 2141 2140 si
2200 2078 2481 2162 capitula
2544 2084 2608 2142 et
2671 2077 2981 2143 coenobia

670 2176 971 2261 antiquos
1039 2175 1460 2239 retinuissent
1530 2196 1762 2251 moreS,
1842 2194 2254 2258 canonesque
2327 2197 2455 2239 non
2535 2174 2982 2258 bipartiendae

673 2294 928 2338 mensae
1002 2271 1375 2337 communis.
1487 2269 1642 2336 Non
1711 2293 1837 2355 quo
1913 2269 2260 2355 aliquando
2333 2275 2557 2354 postea
2628 2293 2762 2336 non
2839 2272 2982 2336 fue-

673 2371 807 2435 rint
874 2368 1316 2434 commendata
1385 2367 1693 2432 coenobia
1761 2367 2007 2450 aliqua,
2082 2367 2193 2430 ubi
2263 2367 2567 2432 abbatum
2635 2370 2704 2432 et
2766 2390 2987 2432 mona-

671 2466 932 2534 chorum
1009 2487 1138 2530 una
1205 2468 1345 2530 erat
1404 2486 1655 2543 mensa,
1731 2486 1863 2528 una
1934 2465 2381 2548 temporalium
2457 2463 2736 2529 omnium
2816 2486 2988 2531 con]-

676 2564 925 2648 muni03
999 2563 1107 2627 sed
1181 2585 1254 2627 eo
1325 2563 1674 2627 deventum
1744 2583 1877 2626 non
1949 2565 2079 2643 est,
2160 2562 2282 2627 nisi
2359 2584 2472 2646 per
2538 2561 2774 2647 gradus
2844 2567 2988 2647 post

673 2662 866 2744 longe
930 2661 1232 2744 plurimas
1291 2656 1699 2725 commendas
1763 2658 1921 2722 alias
1986 2659 2470 2737 coenobiorum,
2535 2660 2648 2723 ubi
2708 2682 2824 2724 sua
2887 2681 2986 2724 se-

675 2757 950 2840 paratim
1010 2757 1236 2834 abbas,
1298 2757 1501 2839 prior,
1571 2754 2057 2819 administrator
2120 2754 2314 2820 officii
2374 2756 2735 2821 claustralis
2797 2756 3022 2838 habe·⁸

675 2854 788 2918 bat
843 2855 1036 2936 bona,
1089 2875 1205 2918 sua
1262 2852 1604 2936 separatim
1669 2856 2026 2915 conventus
2082 2852 2492 2936 regularium.
2551 2903 2566 2917 .
2625 2903 2641 2919 .
2692 2903 2706 2917 .
2763 2851 2985 2930 Quoad

671 2948 886 3015 officia
937 2951 1196 3015 claustri
1246 2949 1592 3033 plurimum
1640 2946 1700 3011 id
1751 2946 1947 3012 habet
1994 2947 2186 3012 etiam
2244 2947 2753 3031 probabilitatis,
2813 2971 2986 3013 nun-

673 3069 868 3130 quam
939 3069 1014 3111 ea
1087 3044 1587 3111 commendanda
1664 3045 1891 3121 fuisse,
1967 3044 2021 3109 si
2096 3046 2488 3128 primaevam
2561 3045 2987 3110 retinuissent

672 3143 1107 3208 conditionem
1179 3165 1396 3219 suam,
1473 3145 1549 3206 ut
1623 3163 1800 3205 mera
1869 3146 2085 3207 essent
2152 3141 2389 3223 officia,
2463 3163 2807 3226 meraeque
2876 3141 2987 3204 ad·

674 3240 1187 3304 ministrationes
1243 3239 1556 3302 arbitratu
1616 3237 2015 3321 superiorum
2077 3238 2480 3302 revocabiles.
2571 3236 2741 3301 Illud
2790 3238 2985 3301 etiam

675 3337 1086 3400 manifestum
1154 3336 1444 3415 fecimus,
1515 3334 1596 3397 ab
1667 3334 2006 3398 abbatibus
2072 3334 2223 3417 ipsis
2292 3339 2445 3399 ante
2512 3333 2987 3398 commendatos

673 3433 874 3497 fuisse
933 3433 1284 3515 prioratus,
1356 3453 1543 3515 quam
1611 3434 1711 3493 vel
1777 3429 2199 3494 Pontificibus
2263 3431 2512 3495 veniret
2573 3429 2639 3493 in
2705 3438 2985 3494 mentem

673 3615 818 3670 xerit
872 3614 1266 3681 imponendam.
1321 3654 1332 3666 .
1385 3654 1396 3666 .
1450 3654 1461 3666 .
1521 3611 1596 3666 Et
1645 3610 1778 3666 licet
1835 3611 1892 3664 in
1947 3611 2072 3677 ipso
2117 3610 2208 3664 SS.
2256 3611 2323 3665 D.
2370 3611 2435 3664 N.
2486 3611 2640 3679 Papa
2683 3616 2843 3666 tanta
2890 3610 2986 3664 flo-

675 3700 798 3750 reat
837 3692 1157 3759 clemencia,
1207 3708 1361 3758 quam
1411 3692 1575 3747 etiam
1625 3690 1692 3744 ab
1743 3690 1900 3744 annis
1948 3688 2296 3745 discrecionis
2346 3690 2462 3744 sive
2509 3689 2867 3744 communiter
2910 3689 2988 3742 di-

671 3774 819 3827 citur
853 3773 1133 3838 habuisse,
1171 3814 1183 3826 .
1224 3812 1236 3825 .
1278 3813 1289 3825 .
1330 3785 1673 3835 excusamur,
1725 3769 1850 3836 quia
1896 3785 2051 3824 nemo
2099 3769 2167 3821 ad
2201 3767 2538 3837 impossibile
2587 3768 2879 3838 obligatur,
2919 3796 2986 3806 -

673 3854 791 3921 ipse
831 3852 883 3905 S.
919 3851 985 3905 D.
1025 3851 1090 3905 N.
1138 3852 1288 3919 Papa
1338 3850 1719 3918 quorumdam,
1766 3864 1799 3902 a
1827 3859 2073 3916 ‘quorum
2123 3847 2332 3902 dextris
2377 3852 2489 3902 stat
2541 3848 2817 3910 diabolus,
2865 3863 2987 3914 pre·

673 3931 970 3986 ferencium
1023 3930 1379 3997 cupiditatem
1434 3928 1710 3997 propriam
1766 3928 1801 3981 J
1806 3928 1890 3980 uri
1938 3932 2070 3992 etc.,
2128 3926 2315 3981 fallaci
2376 3927 2600 3996 ingenio
2649 3927 2989 3981 circumven-

673 4009 814 4064 tus.“
891 4009 1033 4064 Dein
1069 4015 1464 4077 protestantur,
1501 4014 1761 4062 recusant
1797 4005 2155 4071 solutionem,
2194 4011 2251 4060 et
2289 4021 2346 4060 se
2384 4005 2639 4074 obligant
2677 4007 2774 4059 sub
2811 4020 2991 4073 poena

673 4089 927 4158 perjurii,
972 4088 1229 4145 infamiae
1268 4094 1396 4154 etc.,
1444 4087 1584 4156 quod
1620 4101 1732 4140 non
1770 4084 1883 4139 sint
1921 4085 2174 4139 soluturi.
2248 4084 2313 4138 V.
2351 4085 2716 4153 Damberge1·‚
2761 4084 2827 4137 B.
2865 4083 2988 4136 XV.

671 4167 918 4222 Kritikh.
957 4184 1008 4234 p.
1046 4170 1131 4220 89.
