3281 5014
371 2100 615 2143 Publieatio

415 2162 583 2206 Bullae.

679 412 780 464 112
1130 413 1331 466 XXXI.
1370 415 1452 469 De
1488 413 1785 469 abolitione
1822 412 2041 468 Ordinis
2078 414 2519 483 Templariorum.

672 556 736 616 et
783 551 946 617 bona
1000 552 1088 617 ad
1130 574 1323 619 usum
1368 553 1456 618 ad
1507 574 1693 636 quem
1751 554 2062 636 deputata
2106 555 2380 637 fuerant
2421 556 2837 639 applicando,
2902 557 2981 622 de

662 649 968 731 personis
1022 649 1215 715 etiam
1277 650 1489 733 ipsius
1534 649 1805 715 Ordinis
1858 670 2023 732 quae
2078 650 2310 717 vivunt
2353 652 2706 718 salubriter
2754 654 2976 737 provi-

676 745 906 825 dendo,
964 765 1160 827 quam
1216 746 1610 830 defensionis
1653 746 1839 830 juris
1893 747 2366 813 observationes
2418 752 2479 813 et
2531 750 2774 834 neqotii
2821 771 2977 833 pro·

674 842 1067 925 roqationes,
1129 843 1714 909 animadvertentes
1776 863 2053 927 quoque,
2119 843 2288 925 quod
2349 844 2520 910 alias
2579 845 2776 911 etiam
2837 845 2979 912 sine

671 939 863 1021 culpa
904 940 1242 1021 fratrum,
1307 940 1599 1006 Ecclesia
1658 940 1964 1006 Romana
2023 939 2182 1022 fecit
2233 939 2561 1007 interdum
2627 941 2794 1008 alios
2854 942 2977 1007 Or-

673 1035 856 1101 dines
907 1036 1216 1102 solemnes
1269 1058 1350 1102 ex
1403 1038 1620 1103 causis
1673 1036 2271 1120 incomparabiliter
2330 1036 2723 1118 minoribus,
2781 1058 2975 1120 quam

671 1132 809 1198 sint
840 1134 1270 1215 praemissae,
1319 1154 1599 1199 cessare:
1654 1155 1786 1199 non
1832 1134 1973 1199 sine
2018 1133 2229 1198 cordis
2272 1132 2717 1199 amaritudine
2763 1140 2823 1200 et
2867 1136 2975 1200 do·

671 1228 837 1309 lore,
892 1251 1023 1296 non
1069 1250 1192 1313 per
1235 1230 1494 1295 modum
1538 1229 1908 1312 definitivae
1955 1229 2335 1309 sententiae,
2394 1229 2504 1294 sed
2549 1251 2672 1313 per
2716 1230 2976 1297 modum

661 1325 1063 1407 provisionis
1120 1348 1234 1392 seu
1288 1325 1726 1393 ordinationis
1790 1326 2223 1410 Apostolicae,
2277 1328 2657 1408 praefatum
2730 1327 2977 1410 Templi

675 1421 982 1488 Ordinem
1027 1427 1087 1488 et
1132 1424 1273 1507 ejus
1317 1428 1589 1502 statum,
1635 1424 1932 1490 habitum
1978 1428 2171 1505 atque
2212 1443 2444 1489 nomen
2460 1473 2477 1503 ,
2523 1423 2977 1507 irrefraqabili

668 1522 733 1583 et
765 1523 1084 1602 perpetua
1129 1520 1420 1585 valitura
1467 1520 1755 1586 tollimus
1808 1520 2168 1598 sanctione,
2226 1539 2302 1583 ac
2352 1524 2700 1602 perpetuae
2749 1518 2974 1602 prohi-

673 1613 905 1679 bitioni
949 1614 1361 1698 subjicimus,
1413 1637 1597 1682 sacro
1649 1616 1931 1682 Concilio
1976 1616 2401 1699 approbante,
2465 1615 2829 1681 districtius
2870 1616 2975 1681 in·

669 1710 982 1790 hibentes,
1056 1732 1138 1777 ne
1202 1713 1351 1795 quis
1408 1713 1652 1780 dictum
1711 1713 2018 1779 Ordinem
2086 1713 2162 1777 de
2223 1717 2468 1777 caetero
2522 1712 2808 1793 intrare,
2878 1712 2976 1776 vel

669 1808 809 1891 ejus
854 1807 1150 1874 habitum
1196 1810 1519 1893 suscipere
1547 1811 1647 1875 vel
1683 1815 1972 1893 portare,
2022 1813 2143 1875 aut
2184 1829 2304 1891 pro
2347 1808 2713 1892 Templario
2752 1829 2975 1892 qerere

669 1926 735 1969 se
774 1910 1176 1987 praesumat.
1231 1956 1245 1970 .
1303 1956 1316 1970 .
1374 1956 1389 1971 .
1452 1908 1709 1973 Datum
1756 1906 2064 1986 Viennae,
2127 1905 2250 1970 XI.
2298 1905 2451 1970 Kal.
2510 1906 2721 1988 April.
2785 1905 2974 1971 Pont.

668 2005 868 2067 nostr.
914 2000 1067 2067 VII.

845 2101 952 2165 29.
1016 2100 1155 2165 Hae
1217 2099 1403 2165 Bulla
1463 2101 1664 2185 igitur
1726 2099 2018 2165 Clemens
2081 2101 2150 2164 in
2209 2100 2603 2166 Consistorio
2663 2100 2975 2184 imprimis

667 2201 911 2261 secreto
962 2196 1399 2261 cardinalium
1456 2198 1857 2281 aliorumque
1914 2198 2378 2279 praelatorum,
2434 2198 2535 2262 die
2594 2194 2710 2260 22⁰
2753 2196 2974 2262 Martii

667 2293 908 2370 habito,
958 2292 1263 2358 Ordinem
1311 2293 1560 2376 Templi
1600 2312 1725 2374 per
1767 2290 1945 2356 viam
1981 2291 2383 2374 provisionis
2428 2294 2689 2358 aboluit.
2780 2292 2973 2356 Eam-

666 2390 810 2454 dem
871 2388 1417 2455 constitutionem
1471 2389 1620 2453 dein
1682 2389 1783 2454 die
1843 2385 1913 2452 3⁰
1958 2390 2199 2473 Aprilis
2255 2392 2323 2453 in
2385 2386 2479 2451 2⁶·
2518 2389 2787 2454 Concilii
2842 2411 2969 2454 ses-

664 2488 875 2567 sione,
938 2486 1385 2570 praesentibus
1445 2487 1637 2552 etiam
1694 2485 1995 2570 Philippo
2056 2487 2321 2572 ejusque
2370 2486 2575 2551 tribus
2634 2486 2811 2562 filiis,
2873 2507 2970 2550 so-

666 2585 962 2648 lemniter
1033 2584 1402 2667 publicavit.
1521 2583 1612 2648 Ex
1684 2583 1905 2648 eadem
1976 2584 2129 2648 ordo
2193 2584 2465 2666 negotii,
2537 2584 2634 2647 uti
2678 2580 2973 2647 Viennae

665 2684 991 2764 peractum
1063 2688 1191 2754 est,
1260 2681 1427 2745 clare
1501 2684 1727 2745 elucet.
1840 2680 2004 2757 Quia
2061 2678 2217 2744 haec
2278 2679 2674 2744 Constitutio
2735 2679 2973 2763 praeci-

667 2798 793 2860 pua
852 2774 1116 2839 eruditis
1176 2776 1341 2840 haud
1401 2783 1538 2841 erat
1593 2781 1779 2852 nota,
1852 2777 2120 2841 multum
2176 2776 2587 2841 indulserunt
2647 2777 2973 2863 conjectu·

666 2872 752 2936 ris
796 2876 862 2937 et
907 2873 1448 2955 suppositionibus
1500 2873 1706 2947 falsis,
1770 2873 2241 2948 existimantes,
2304 2873 2565 2937 nonnisi
2620 2874 2972 2957 aegerrime

668 2967 938 3033 Concilii
998 2967 1223 3033 Patres
1293 2969 1595 3033 adductos
1660 2969 1886 3051 fuisse,
1960 2974 2033 3032 ut
2100 2967 2355 3034 Ordinis
2421 2969 2758 3033 abolitioni
2817 2991 2971 3033 eon-

667 3064 1012 3141 sentirent‚
1087 3087 1159 3129 ac
1216 3074 1556 3148 propterea
1612 3071 1873 3129 tantum
1930 3065 1996 3129 in
2054 3066 2282 3131 ultima
2340 3066 2622 3131 sessione
2684 3064 2973 3140 Consilii,

666 3161 767 3225 die
837 3159 906 3224 6⁰
951 3160 1143 3246 Maji‚
1220 3161 1635 3227 abolitionem
1705 3162 1827 3226 dici
1895 3162 2131 3227 factam
2202 3161 2600 3245 approbante
2669 3158 2971 3225 Concilio.

666 3258 832 3322 Tota
886 3257 1042 3322 haee
1101 3260 1471 3342 conjectura
1523 3260 1662 3342 jam
1718 3259 2016 3323 concidit.
2126 3259 2203 3324 In
2251 3259 2440 3324 Bulla
2499 3260 2637 3343 ipsa
2696 3256 2976 3321 fideliter

665 3354 972 3432 refertur,
1041 3356 1349 3440 plurimos
1415 3355 1840 3433 existimasse,
1913 3354 2216 3421 Ordinem
2283 3356 2525 3421 aboleri
2588 3376 2717 3419 non
2779 3375 2970 3437 posse

666 3473 776 3534 per
821 3451 1216 3516 definitivam
1263 3452 1651 3515 sententiam
1692 3452 2065 3536 juridicam,
2121 3458 2466 3537 antequam
2524 3472 2821 3527 concessa
2867 3449 2973 3514 de·

667 3547 958 3612 fensione
1014 3548 1350 3630 negotium
1399 3547 1669 3611 ulterius
1723 3547 2073 3614 discussum
2130 3549 2353 3621 fuerit:
2410 3538 2596 3612 simul
2652 3569 2801 3611 vero
2858 3569 2973 3631 pa-

663 3649 794 3726 tet,
850 3665 1229 3708 consensum
1282 3643 1587 3720 adfuisse,
1657 3650 1729 3708 ut
1779 3663 1903 3726 per
1954 3643 2129 3709 viam
2163 3642 2565 3727 provisionis
2625 3642 2796 3708 Ordo
2853 3644 2976 3708 tol·-

663 3741 935 3823 leretur‚
995 3741 1186 3825 idque
1243 3741 1393 3805 inde
1449 3740 1530 3804 ab
1591 3740 1779 3807 initio
1841 3760 2024 3806 sacro
2085 3741 2482 3823 approbante
2547 3737 2833 3804 Concilio
2887 3740 2975 3804 fa·

663 3843 836 3902 ctum
883 3859 1042 3901 esse.
1100 3873 1189 3884 —
1246 3837 1554 3901 Refertur
1597 3838 1883 3922 quidem,
1943 3861 2160 3903 mense
2208 3837 2557 3902 Februario
2601 3836 2972 3920 Philippum

665 3956 808 4000 eum
856 3935 1053 4018 copiis
1090 3934 1415 3999 Viennam
1461 3936 1747 4012 venisse,
1804 3934 2085 4020 dataque
2143 3935 2411 4018 epistola
2469 3934 2530 3999 d.
2578 3934 2636 3998 d.
2687 3931 2761 3996 2⁰
2797 3931 2974 3997 Mar-

666 4033 743 4096 tii
786 4034 1112 4096 instanter
1157 4032 1420 4114 petiisse
1469 4033 1983 4115 suppressionem
2024 4030 2301 4107 Ordinis,
2348 4053 2547 4115 quum
2593 4032 2789 4095 reitas
2836 4031 2977 4114 ejus

665 4129 752 4192 sit
809 4129 1172 4193 manifesta.
1267 4127 1423 4192 Inde
1467 4128 1802 4193 deducitur
1856 4153 1893 4193 a
1948 4128 2355 4213 quibusdam,
2413 4129 2641 4191 timore
2688 4129 2978 4192 Clemen-
