3281 5014
383 1709 552 1751 Ludov.
583 1720 606 1750 e

373 1771 537 1814 Frider.
565 1783 609 1813 re

393 1833 623 1876 conciliati.

684 457 785 510 194
1106 455 1336 509 XXXII.
1376 455 1458 509 De
1494 454 1852 509 Pontificibus
1889 456 2170 510 Avenione
2210 457 2569 512 commonitis,

681 598 1093 663 adhaeserint
1146 597 1403 681 infligit.
1496 596 1886 660 Ludovicum
1936 619 2088 661 vero
2141 599 2314 663 intra
2373 599 2699 665 duodecim
2751 598 2986 663 hebdo-

681 694 899 759 madas
944 694 1021 758 ad
1070 693 1358 758 tribunal
1405 716 1590 757 suum
1640 693 1819 776 citat,
1866 697 1933 757 et
1970 695 2122 777 jura
2168 696 2516 761 electorum
2558 696 2791 760 iterum
2839 718 2990 761 con·

682 793 912 857 firmat.
1020 790 1226 866 Quum
1292 789 1652 854 Ludovicus
1720 790 1787 854 in
1855 789 2210 856 hostilitate
2277 797 2712 875 perseveraret
2777 814 2988 877 neque

680 888 975 953 citationi
1025 887 1353 952 Pontificis
1402 886 1712 962 deferret,
1771 908 1987 951 mense
2042 886 2306 953 Octobri
2361 888 2794 953 anathematis
2847 899 2988 954 sen·

680 985 887 1050 tentia
932 983 1223 1048 Joannes
1283 1005 1424 1048 eum
1479 977 1756 1066 'perculit
1812 1005 1886 1047 ac
1941 983 2113 1049 fotae
2170 984 2505 1050 haereseos
2562 985 2828 1050 crimine
2873 1008 2987 1070 po-

679 1081 977 1156 stulavit,
1040 1080 1391 1144 constituto
1447 1079 1539 1142 illi
1590 1079 1669 1143 ad
1714 1079 2042 1145 dicendam
2091 1102 2341 1146 causam
2390 1081 2491 1145 die
2540 1084 2987 1165 peremptorio,

854 1221 961 1284 47.
1029 1218 1125 1283 Eo
1192 1222 1479 1302 tempore
1543 1219 1722 1283 inter
1784 1218 2081 1283 Carolum
2145 1218 2261 1285 IV.
2329 1218 2577 1285 Galliae
2639 1241 2853 1305 regem
2921 1227 2988 1285 et

679 1317 1071 1402 Leopoldum
1132 1315 1357 1380 ducem
1421 1315 1828 1379 Austriacum
1892 1315 2115 1381 foedus
2177 1319 2598 1382 constitutum
2652 1325 2783 1394 est,
2844 1340 2982 1383 eum

678 1416 745 1479 in
795 1415 1008 1490 finem,
1054 1416 1127 1477 ut
1171 1411 1456 1496 dignitas
1488 1412 1837 1494 imperialis
1881 1411 1963 1477 ad
1997 1411 2295 1477 Carolum
2338 1413 2714 1479 deferretur.
2792 1413 2986 1479 Joan-

679 1533 792 1574 nes
839 1507 1094 1594 quidem
1142 1529 1523 1572 consensum
1579 1507 1895 1593 ejusmodi
1944 1509 2211 1574 consilio
2255 1511 2609 1593 praestitit,
2667 1513 2862 1594 atque
2907 1533 2981 1575 ex

677 1606 1054 1673 electoribus
1123 1604 1380 1689 quidam
1440 1603 1608 1668 haud
1662 1604 1857 1668 alieni
1922 1605 2192 1669 fuerunt
2248 1627 2286 1670 a
2343 1606 2457 1671 tali
2511 1592 2808 1691 negotio,
2875 1607 2985 1671 sed

679 1704 759 1767 ab
807 1703 1102 1768 omnibus
1155 1700 1479 1765 remissius
1532 1699 1646 1763 illa
1699 1719 1798 1765 res
1857 1705 2251 1784 pertractata
2305 1707 2421 1767 est.
2510 1702 2759 1768 Nimias
2813 1705 2984 1768 enim

677 1799 1095 1864 adverterunt
1141 1797 1573 1872 difficultates,
1620 1818 1696 1861 ac
1742 1797 1918 1862 brevi
1959 1802 2105 1881 post
2149 1821 2349 1882 quum
2399 1798 2759 1883 Leopoldus
2802 1822 2985 1884 prae·

679 1902 931 1961 matura
990 1899 1195 1959 morte
1255 1891 1587 1958 decederet
1623 1885 1778 1975 Α(28.
1828 1892 2012 1959 Febr.
2075 1916 2129 1960 a.
2178 1893 2410 1980 1326),
2476 1900 2543 1959 et
2602 1918 2815 1961 rerum
2874 1896 2985 1960 ad·
3081 1893 3087 1899 ’

666 1995 896 2077 juncta
951 1993 1390 2064 mutarentur,
1452 1990 1533 2053 ab
1592 1990 1718 2055 isto
1775 1993 2106 2074 proposito
2163 1991 2575 2057 destiterunt.
2638 2030 2721 2038 —
2775 1991 2985 2058 Ludo·

673 2090 850 2154 vicus
924 2092 1139 2152 autem
1215 2108 1414 2172 quum
1484 2085 1735 2151 interea
1800 2088 1884 2152 ab
1952 2087 2331 2153 adversariis
2397 2090 2529 2154 suis
2592 2091 2722 2175 jam
2800 2090 2985 2155 vehe-

673 2185 953 2249 mentius
1010 2184 1520 2267 angustiaretur,
1582 2205 1812 2267 resque
1872 2185 2008 2268 ejus
2066 2185 2135 2249 in
2194 2207 2430 2271 magno
2473 2185 2836 2252 discrimine
2883 2208 2983 2251 es-

447 2279 450 2286 ’
567 2297 618 2338 *6
673 2285 844 2358 sent,
922 2302 1066 2346 cum
1128 2279 1448 2344 Friderico
1520 2301 1658 2358 sese
1722 2282 2133 2345 reconciliare
2197 2283 2485 2360 studuit,
2563 2304 2837 2367 eumque
2904 2305 2984 2347 ex

672 2378 1047 2462 captivitate
1108 2375 1372 2440 dimisit.
1479 2375 1869 2442 Durissimas
1928 2376 2286 2464 Fridericus
2347 2379 2498 2444 iniit
2565 2380 2986 2451 conditiones,

669 2475 853 2541 Inter
915 2475 1041 2540 alia
1107 2472 1402 2539 videlicet
1447 2471 1730 2558 Imperio
1794 2476 2171 2540 renuntiare
2221 2482 2480 2542 coactus
2541 2481 2639 2542 est
2705 2499 2779 2543 ac
2843 2499 2982 2562 pro·

671 2573 956 2653 mittere,
1023 2572 1192 2636 bello
1263 2593 1331 2636 se
1397 2571 1783 2637 destiturum
1846 2579 1912 2637 et
1976 2573 2273 2638 omnibus
2341 2574 2585 2639 viribus
2654 2574 2983 2640 adlabora-

671 2674 890 2734 turum
967 2690 1104 2733 esse
1178 2668 1373 2732 etiam
1440 2671 1667 2732 contra
1734 2687 1880 2733 eum
1947 2666 2064 2749 qui
2129 2688 2196 2733 se
2265 2667 2522 2752 Papam
2597 2668 2982 2753 appellabat,

673 2770 748 2829 ut
805 2765 888 2830 ab
949 2765 1332 2829 electoribus
1392 2773 1459 2829 et
1515 2765 1718 2830 fratre
1774 2787 1890 2830 suo
1954 2766 2280 2850 Leopoldo
2340 2772 2798 2850 agnosceretur
2857 2768 2980 2832 Im·

670 2866 951 2946 perator.
1057 2861 1345 2927 Joannes
1401 2860 1606 2925 XXII.
1667 2867 1734 2926 et
1795 2861 2154 2946 Leopoldus
2216 2863 2616 2929 conditiones
2668 2864 2824 2928 istas
2879 2886 2979 2927 re-

663 2960 995 3043 jecerunt,
1057 2980 1379 3042 quumque
1428 2957 1785 3023 Fridericus
1839 2960 2235 3043 promisisset
2289 2982 2357 3024 se
2411 2959 2480 3024 in
2539 2961 2981 3043 captivitatem

673 3078 807 3120 esse
853 3078 1285 3130 reversurum,
1343 3056 1398 3119 si
1454 3055 1849 3120 adversarios
1894 3054 2214 3122 Ludovico
2273 3057 2610 3121 conciliare
2664 3079 2797 3122 non
2842 3078 2980 3140 pos·

667 3153 801 3233 set,
866 3151 930 3215 id
989 3151 1277 3217 Joannes
1334 3151 1451 3235 ipsi
1511 3152 1868 3235 prohibuit,
1932 3152 2206 3236 pristina
2267 3175 2416 3217 vero
2469 3155 2619 3237 jura
2682 3174 2846 3237 quae
2902 3174 2980 3216 ex

672 3249 983 3314 electione
1031 3248 1111 3313 ad
1156 3269 1426 3333 regnum
1484 3247 1764 3313 habebat
1817 3248 1874 3313 ei
1920 3246 2278 3328 restitniffl)
2370 3249 2508 3326 Qua
2561 3250 2631 3314 in
2680 3272 2749 3313 re
2805 3256 2978 3314 certe

549 3340 632 3439 >Q
670 3344 977 3410 Pontifex
1041 3345 1424 3409 auctoritate
1480 3367 1597 3408 sua
1644 3344 2013 3428 Apostolica
2064 3346 2206 3425 Q
2252 3367 2406 3410 usus
2453 3350 2580 3427 est,
2635 3369 2832 3431 quum
2879 3347 2978 3432 ju·

670 3443 941 3517 dicaret,
1008 3441 1319 3527 ejusmodi
1387 3440 1667 3505 reditum
1729 3440 2050 3509 Ecclesiae
2113 3450 2179 3507 et
2231 3442 2508 3526 Imperio
2572 3443 2710 3507 fore
2772 3443 2979 3528 perni-

669 3540 926 3604 ciosum.
1017 3537 1452 3602 Nihilominus
1499 3536 1854 3603 Fridericus
1901 3538 2225 3604 Ludovico
2270 3538 2587 3620 adhaesit,
2636 3544 2702 3604 et
2748 3537 2975 3604 exinde

668 3658 804 3700 sese
853 3636 1111 3719 penitus
1159 3634 1676 3699 reconciliarunt.

846 3769 949 3832 48.
1002 3765 1224 3830 Mense
1270 3764 1629 3848 Septembri
1676 3789 1730 3831 a.
1785 3768 1950 3832 1325
2009 3768 2251 3832 scilicet
2299 3772 2596 3852 paratum
2651 3790 2718 3832 se
2771 3767 2971 3831 decla·

666 3864 837 3928 ravit
884 3863 1245 3928 Ludovicus
1308 3861 1388 3925 ad
1446 3864 1617 3947 regis
1679 3887 1915 3929 nomen
1981 3886 2053 3928 ac
2112 3869 2500 3949 potest-atem
2563 3887 2704 3929 cum
2760 3862 2970 3927 Fride-

665 3962 796 4024 rico
851 3958 1405 4042 communicanda,
1460 3960 1574 4024 ita·
1615 3966 1689 4024 ut
1749 3962 1938 4026 simul
1999 3966 2375 4046 regnarent.
2469 3960 2595 4025 Sed
2654 3959 2972 4044 principes

845 4184 884 4253 ¹)
922 4185 1189 4254 Raynald.
1227 4202 1274 4240 a.
1316 4187 1468 4240 1325.
1509 4203 1561 4242 n.
1600 4188 1651 4239 2.
