3281 5014
1022 436 1408 504 Depositiones
1445 436 1897 505 Templariorum.
2517 438 2618 491 127

289 580 520 644 tellum
590 582 657 643 et
718 579 1038 656 tunicam,
1110 582 1178 642 et
1239 577 1404 642 dixit
1463 576 1664 643 eidem
1727 578 1880 642 testi
1899 625 1914 655 ,
1986 580 2157 662 quod
2215 579 2492 664 fingeret
2551 600 2618 643 se

295 675 600 751 osculari,
665 679 731 739 et
782 675 1053 751 diceret,
1113 695 1182 739 se
1232 674 1593 739 osculatum
1650 674 1849 739 fuisse
1906 697 2072 739 eum.
2131 724 2146 740 .
2206 725 2221 739 .
2278 724 2293 740 .
2357 675 2618 740 Praedi-

291 777 432 837 ctos
486 793 733 836 errores
786 772 1117 836 confessus
1173 770 1385 835 fuerat
1441 769 1715 848 Romae,
1778 771 1848 835 in
1907 771 2171 836 ecclesia
2225 770 2289 837 S.
2344 771 2619 837 Joannis

289 869 373 932 de
420 868 748 933 Laterano
789 867 1041 931 cuidam
1084 865 1274 930 fratri
1322 866 1584 931 Ordinis
1629 864 1694 932 S.
1740 866 2092 952 Augustini
2150 870 2334 951 cujus
2380 889 2618 934 nomen

294 965 586 1050 ignorat,
655 964 945 1049 generali
1009 963 1514 1047 poenitentiario
1583 963 1826 1032 domini
1891 963 2140 1048 Papae,
2212 968 2280 1029 et
2342 964 2618 1030 absolvit

291 1084 471 1139 eum,
528 1067 596 1125 et
640 1059 805 1125 dixit
861 1060 919 1124 ei
975 1059 1148 1144 quod
1204 1059 1536 1143 praedicta
1592 1061 1908 1125 revelaret
1962 1059 2130 1127 dicto
2186 1061 2446 1127 domino
2492 1061 2616 1126 Be·

295 1158 555 1223 nedicto
603 1157 848 1241 Papae,
906 1161 974 1220 et
1018 1156 1154 1240 ipse
1197 1156 1556 1240 respondit,
1612 1157 1783 1242 quod
1829 1179 1963 1221 non
2010 1158 2304 1236 auderet,
2352 1180 2472 1223 nec
2516 1180 2617 1222 re·

295 1255 566 1335 velavit,
621 1259 689 1319 et
744 1252 1035 1337 injunxit
1087 1254 1145 1317 ei
1201 1254 1703 1336 poenitentiam,
1762 1254 1934 1337 quod
1989 1254 2228 1319 diceret
2268 1253 2395 1319 VII
2453 1256 2616 1339 psal-

295 1373 455 1429 mos,
503 1350 697 1414 Pater
742 1353 966 1415 noster
1008 1354 1075 1414 et
1119 1350 1327 1414 multa
1373 1349 1500 1413 alia
1544 1349 1763 1414 talia.“
1787 1346 1837 1427 ¹)

473 1502 579 1566 45.
641 1498 872 1568 Frater
931 1498 1264 1564 Johannes
1327 1498 1405 1563 de
1464 1497 1844 1577 Buffavent,
1918 1500 2203 1563 serviens
2265 1499 2346 1563 35
2408 1522 2614 1565 anno·

294 1620 440 1663 rum
486 1597 609 1662 fuit
665 1601 959 1679 receptus
1006 1599 1162 1659 ante
1228 1595 1302 1658 12
1351 1616 1556 1659 annos
1611 1616 1727 1678 per
1780 1594 2044 1660 fratrem
2092 1594 2401 1660 Auricum
2446 1597 2614 1662 Dor·

296 1717 418 1760 nar
482 1715 627 1758 cum
692 1692 926 1758 ritibus
987 1690 1448 1756 ecclesiasticis.
1569 1690 1773 1769 „Cum
1836 1696 2054 1756 autem
2115 1691 2487 1758 recederent
2549 1696 2616 1757 et

291 1793 513 1856 essent
557 1789 755 1874 quasi*
784 1789 854 1853 in
899 1787 1110 1853 medio
1159 1787 1456 1851 ecclesiae
1501 1786 1708 1852 dictus
1763 1794 2051 1872 receptor
2095 1787 2259 1853 dixit
2304 1791 2389 1868 ei,
2446 1790 2618 1875 quod

292 1887 506 1953 adhuc
566 1885 847 1950 habebat
907 1885 965 1948 ei
1025 1883 1266 1967 aliquid
1328 1882 1565 1961 dicere,
1635 1887 1702 1948 et
1761 1883 1899 1968 ipso
1962 1888 2129 1950 teste
2189 1887 2615 1970 respondente

291 2005 493 2069 quae,
547 1982 714 2047 dixit
758 1986 1077 2064 receptor,
1134 1980 1303 2067 quod
1347 1980 1687 2063 oportebat
1735 2001 1881 2044 eum
1926 1981 2249 2067 abnegare
2289 1980 2501 2047 Deum
2550 1986 2616 2047 et

294 2102 528 2166 spuere
584 2101 774 2163 super
828 2099 1111 2153 crucem3
1180 2084 1246 2141 et
1310 2098 1453 2141 cum
1519 2076 1655 2160 ipse
1718 2078 1904 2141 testis
1964 2076 2203 2143 diceret
2263 2079 2432 2163 quod
2492 2079 2615 2145 hoc

297 2177 478 2241 nullo
537 2174 723 2240 modo
781 2175 1052 2255 faceret,
1111 2174 1312 2238 frater
1371 2171 1770 2256 Raynaudus
1830 2173 1995 2238 dixit
2054 2174 2257 2239 eidem
2316 2176 2612 2242 ridendo:

297 2271 450 2339 Non
520 2294 731 2353 cures,
803 2272 954 2356 quia
1016 2269 1135 2334 hoc
1198 2291 1334 2334 non
1403 2273 1502 2333 est
1562 2270 1691 2335 nisi
1757 2270 2070 2354 quaedam
2133 2271 2347 2338 truffa.
2457 2273 2612 2338 Post

291 2392 461 2453 quae
506 2369 586 2433 ad
636 2373 1044 2452 praeceptum
1101 2366 1255 2431 dicti
1303 2366 1685 2450 receptoris,
1740 2388 1936 2451 quum
1992 2368 2467 2452 aliquantulum
2514 2392 2612 2433 re-

296 2471 673 2552 pugnasset,
723 2464 1008 2530 finaliter
1064 2463 1412 2548 abnegavit
1458 2462 1669 2528 Deum
1726 2485 1836 2529 ore
1891 2486 2024 2530 non
2079 2463 2284 2530 corde.
2374 2465 2613 2533 Postea

296 2562 623 2647 praecepit
678 2563 767 2642 ei,
826 2561 997 2646 quod
1052 2566 1310 2645 spueret
1368 2582 1559 2644 supra
1614 2561 1962 2645 quamdam
2018 2584 2263 2627 crucem
2310 2564 2612 2649 ligneam,

293 2661 368 2725 in
414 2682 542 2745 qua
584 2660 769 2724 nulla
814 2662 952 2724 erat
1011 2659 1260 2741 pictura
1305 2678 1427 2722 nec
1471 2659 1715 2742 imago,
1775 2658 2159 2724 existentem
2217 2659 2286 2724 in
2335 2661 2610 2746 quadam

295 2757 583 2821 fenestra
646 2755 852 2820 dictae
912 2755 1223 2838 capellae,
1289 2760 1357 2817 et
1412 2753 1552 2837 ipse
1611 2753 1802 2818 testis
1864 2755 2075 2819 noluit
2132 2779 2361 2840 spuere
2423 2779 2613 2842 super

294 2851 409 2917 sed
447 2854 661 2936 juxta.
739 2850 897 2916 Cum
950 2860 1161 2915 autem
1210 2851 1511 2914 exivisset
1556 2850 1790 2914 dictam
1839 2852 2146 2934 capellam
2194 2852 2357 2918 idem
2404 2855 2612 2935 testis,

295 2950 483 3033 petiit
539 2971 577 3013 a
632 2950 833 3013 fratre
874 2946 1265 3030 Raynaud0‚
1322 2947 1377 3011 si
1432 2946 1790 3030 praedictae
1848 2947 2197 3030 abnegatio
2255 2956 2322 3014 et
2374 2951 2612 3035 spuitio

290 3046 622 3110 debebant
678 3044 818 3109 fieri
881 3043 1229 3109 secundum
1288 3044 1665 3128 religionem
1727 3065 1977 3122 eorum,
2043 3048 2107 3108 et
2170 3047 2374 3112 dictus
2436 3047 2610 3132 Ray·

293 3141 550 3206 naudus
614 3140 807 3219 dixit,
871 3140 1042 3224 quod
1108 3162 1271 3218 non,
1336 3139 1447 3203 sed
1509 3138 1679 3222 quod
1742 3145 2035 3224 receptor
2095 3141 2348 3208 dixerat
2406 3145 2609 3211 eidem

293 3261 412 3322 pro
457 3238 686 3323 truffa3
736 3243 802 3303 et
846 3237 901 3301 si
933 3236 1200 3301 dixisset
1245 3237 1326 3320 ei,
1371 3235 1541 3319 quod
1583 3235 1934 3300 secundum
1964 3238 2340 3324 religionem
2390 3264 2610 3308 eorum

289 3335 621 3401 debebant
665 3333 989 3418 praedicta
1036 3334 1202 3415 fieri,
1259 3332 1538 3397 habebat
1585 3333 1720 3415 ipse
1776 3335 1959 3398 testis
2006 3340 2166 3402 tunc
2211 3341 2611 3421 propositum

295 3437 372 3496 ut
417 3430 584 3495 dixit
641 3430 724 3496 ab
771 3452 845 3495 eo
891 3428 1228 3494 recedendi
1285 3433 1351 3493 et
1405 3429 1625 3493 statim
1683 3429 1978 3494 habitum
2022 3431 2393 3517 abjiciendi;
2443 3433 2611 3499 nihi-

294 3528 574 3595 lominus
618 3531 836 3592 tamen
884 3526 1079 3610 petiit
1121 3547 1161 3588 a
1204 3525 1407 3589 fratre
1454 3524 1808 3591 Laurentio
1868 3529 2087 3593 eadem
2133 3529 2235 3595 die
2281 3553 2354 3595 ac
2400 3538 2608 3611 nocte,

291 3624 406 3709 qui
452 3624 787 3708 respondit
843 3623 931 3701 ei,
989 3620 1159 3706 quod
1215 3621 1581 3686 truffatorie
1638 3628 1829 3688 erant
1882 3624 2005 3688 sibi
2060 3624 2260 3703 dicta,
2318 3631 2384 3691 et
2438 3628 2611 3712 quod

294 3742 432 3785 non
477 3725 760 3802 curaret,
814 3720 968 3803 quia
1011 3718 1219 3783 dictus
1277 3725 1569 3802 receptor
1610 3725 1753 3784 erat
1798 3720 2062 3805 quidam
2109 3723 2438 3802 truffator,
2498 3726 2611 3810 qui

292 3817 389 3882 sic
433 3817 825 3882 truffabatur
872 3816 946 3880 de
992 3810 1430 3900 gentibus.“²)

480 4084 521 4151 ¹)
559 4085 760 4139 Proces
798 4091 903 4139 etc.
941 4086 984 4138 Ι.
1023 4101 1074 4152 p.
1114 4088 1221 4138 424
1258 4100 1372 4153 sqq.

475 4162 518 4230 ²)
557 4164 759 4219 Proces
798 4169 902 4219 etc.
941 4166 984 4217 I.
1024 4180 1076 4231 p.
1111 4166 1231 4219 509.
1305 4164 1418 4218 Cfr.
1457 4164 1501 4219 1.
1543 4181 1594 4232 p.
1632 4165 1738 4217 535
1776 4172 1833 4222 et
1869 4167 1942 4223 H.
1979 4185 2030 4237 p.
2073 4171 2189 4223 109.

392 4260 668 4313 Jungmann,
695 4261 1050 4302 Dissertationes.
1105 4260 1226 4302 Tom.
1254 4260 1337 4302 VI.
2366 4262 2399 4311 9
