3281 5014
1078 461 1159 514 De
1199 459 1564 514 exstinctione
1602 458 1934 512 schismatis,
2549 459 2651 510 291

260 663 267 668 .
342 605 720 689 suffragium
786 603 1100 667 definiens
1160 602 1230 665 in
1285 600 1544 684 Synodo
1600 600 1954 682 haberent²
2010 599 2118 665 sed
2177 599 2372 662 etiam
2419 619 2655 672 omnes

342 693 1189 783 do'e'ffiffisffltheologiae'‘e‘t
1212 689 1434 782 ‘jurim
1499 718 1571 760 ac
1637 696 1931 780 deputati
2000 695 2457 778 capitulorum,
2524 694 2656 758 imo

338 820 520 883 reges
587 817 842 881 quoque
905 817 978 859 ac
1045 796 1365 878 principes
1436 799 1502 857 et
1570 798 1856 857 oratores
1921 814 2158 857 eorum.
2267 791 2655 875 Objectioni,

338 895 404 959 id
470 913 612 958 esse
676 898 904 957 contra
964 914 1148 956 usum
1214 890 1533 955 Ecclesiae
1598 897 1665 954 et
1718 890 1786 953 in
1848 888 2371 973 praecedentibus
2430 887 2655 952 Conci-

338 991 442 1056 liis
501 989 911 1075 generalibus
972 989 1345 1052 nullatenus
1406 986 1677 1064 factum,
1750 986 2076 1070 respondit
2134 984 2418 1049 Alliacus
2477 983 2657 1047 infir·

339 1088 460 1152 mis
532 1086 931 1151 ratiunculis,
1051 1084 1349 1148 Advertit
1424 1083 1749 1159 videlicet,
1827 1089 2162 1166 propterea
2235 1082 2391 1146 illud
2462 1088 2656 1145 antea

339 1184 514 1247 haud
559 1183 829 1259 factum,
887 1182 1039 1265 quia
1089 1180 1379 1244 doctores
1440 1180 1747 1263 ejusmodi
1798 1179 2080 1243 nondum
2127 1179 2525 1254 existebant,
2584 1177 2655 1240 in
2727 1225 2733 1232 .

341 1280 626 1345 Concilio
672 1300 826 1343 vero
872 1278 1107 1342 Pisano
1157 1278 1223 1341 id
1269 1278 1404 1361 jam
1455 1278 1663 1342 locum
1711 1276 2025 1340 habuisse.
2118 1276 2459 1340 Praeterea
2507 1296 2656 1338 vero

338 1378 441 1462 agi
515 1376 593 1440 de
664 1374 1096 1439 exstinctione
1165 1373 1566 1455 schismatiS,
1646 1373 1814 1457 quod
1887 1373 2215 1457 negotium
2288 1373 2367 1437 ad
2435 1392 2656 1435 omnes

339 1473 668 1538 Ecclesiae
737 1469 993 1535 ordines
1060 1470 1398 1553 pertineat.
1516 1469 1830 1535 Rationes
1902 1470 2062 1534 istae
2137 1474 2292 1533 sunt
2365 1471 2655 1552 ineptae;

341 1568 818 1633 administratio
884 1567 1053 1630 enim
1121 1565 1442 1630 Ecclesiae
1499 1572 1751 1649 spectat
1808 1567 2029 1630 nativo
2080 1567 2228 1649 jure
2282 1566 2360 1630 ad
2421 1566 2656 1630 Roma-

340 1688 495 1729 num
554 1664 930 1729 Pontificem
987 1668 1053 1727 et
1110 1663 1452 1746 episcopos.
1517 1698 1605 1707 —-
1666 1661 1997 1727 Statutum
2049 1663 2204 1739 fuit,
2266 1667 2492 1728 contra
2547 1686 2654 1727 vo-

339 1764 657 1826 luntatem
702 1761 976 1828 ‚Ioannis
1023 1759 1266 1825 XXIII.
1327 1763 1393 1823 et
1449 1760 1788 1843 antiquum
1839 1781 2054 1835 usum,
2112 1756 2185 1822 2⁰
2230 1764 2301 1824 ut
2346 1760 2655 1844 suffragia

338 1858 543 1936 haud,
602 1858 698 1922 uti
745 1873 995 1941 semper
1048 1858 1290 1921 factum
1348 1865 1519 1931 erat,
1582 1854 1834 1941 piritim
1882 1857 2219 1934 darentur,
2275 1858 2652 1945 sQssQ·

339 1954 495 2018 dum
563 1953 877 2036 natiOQgS.
1000 1952 1241 2019 Omnes
1309 1952 1593 2018 Concilio
1661 1959 2036 2036 praesentes
2111 1953 2404 2018 videlicet
2471 1953 2657 2017 divisi

339 2056 497 2116 sunt
553 2051 619 2115 in
677 2051 976 2116 nationes
1035 2055 1346 2134 quatuor:
1404 2049 1724 2126 Italicam,
1784 2049 2214 2132 Gallicanam,
2272 2049 2657 2114 Germanam

340 2155 406 2213 et
468 2147 929 2232 Anglicanam,
993 2148 1073 2211 ad
1137 2169 1296 2231 quas
1353 2153 1577 2230 postea
1638 2148 1905 2211 accessit
1965 2148 2221 2231 quinta,
2289 2147 2660 2230 Hispanica.

341 2244 467 2309 Pro
514 2266 907 2328 unaquaque
953 2244 1220 2308 natione
1258 2247 1481 2320 ,certus
1513 2265 1817 2307 numerus
1862 2243 2315 2327 deputatorum
2363 2245 2658 2308 nomina-

340 2341 563 2419 batur,
634 2340 1050 2405 ecclesiastici
1117 2345 1182 2404 et
1244 2340 1389 2404 laici
1454 2361 1599 2404 cum
1667 2341 1939 2404 notariis
2000 2346 2066 2404 et
2121 2342 2657 2424 procuratoribus,

341 2437 689 2522 Deputatis
748 2443 960 2502 autem
1017 2438 1324 2524 cujusque
1383 2436 1663 2500 nationis
1721 2442 2019 2521 praeerat
2064 2438 2443 2502 Praesidens
2497 2437 2657 2522 (epi-

340 2534 627 2619 scopus),
691 2535 856 2599 alius
922 2557 1036 2618 per
1098 2534 1387 2615 singulos
1453 2555 1735 2607 menses,
1804 2538 1871 2598 et
1934 2537 2196 2619 quaevis
2265 2536 2443 2599 natio
2507 2557 2658 2598 suas

340 2630 625 2695 habebat
681 2632 1035 2714 peculiares
1081 2630 1620 2715 congregationes
1673 2637 1745 2694 ut
1798 2631 1875 2694 de
1931 2633 2210 2716 negotiis
2257 2634 2326 2696 in
2372 2631 2660 2696 Concilio

341 2728 697 2792 tractandis
756 2728 1208 2792 deliberarent.
1310 2728 1388 2791 In
1444 2728 1585 2791 istis
1643 2729 2286 2812 congregationibuS,
2346 2751 2507 2813 quae
2556 2730 2656 2793 in·

341 2829 476 2889 star
542 2825 966 2888 tribunalium
1037 2826 1279 2908 primae
1347 2825 1707 2888 instantiae
1777 2830 1988 2905 erant,
2058 2848 2279 2890 omnes
2346 2826 2660 2908 deputati,

343 2922 652 3005 episcopi,
713 2922 956 3003 clerici,
1011 2921 1191 3004 laici,
1249 2922 1388 2985 sine
1443 2920 1859 2985 distinctione
1915 2922 2286 3007 suffragium
2343 2922 2661 3003 ferebant,

342 3026 410 3082 et
476 3020 682 3101 maJ'or
746 3039 1050 3081 numerus
1113 3017 1548 3081 constituebat
1615 3022 1834 3082 votum
1904 3041 2017 3081 seu
2081 3021 2470 3083 sententiam
2538 3041 2659 3082 na-

339 3114 556 3179 tioniS.
652 3112 900 3177 Deinde
954 3113 1253 3177 nationes
1299 3114 1422 3176 sibi
1468 3114 2033 3179 communicabant
2080 3116 2335 3179 decreta
2378 3138 2524 3199 sua,
2584 3120 2659 3180 ut

342 3211 423 3275 ad
483 3211 857 3275 concordem
919 3211 1311 3275 sententiam
1372 3211 1832 3292 perveniretur.
1945 3210 2213 3287 Quando
2274 3216 2662 3276 convenerat

340 3308 516 3371 inter
561 3329 665 3371 eas
714 3308 789 3370 de
838 3307 1057 3391 aliquo
1104 3307 1406 3389 articu10,
1468 3306 1817 3370 tenebatur
1873 3309 2288 3392 congregatio
2333 3309 2657 3391 generalis

342 3404 714 3479 nationum,
786 3411 851 3467 et
914 3405 969 3467 si
1031 3405 1338 3467 articulus
1393 3403 1515 3467 iste
1577 3405 1772 3467 etiam
1841 3404 1907 3467 in
1972 3403 2092 3470 hac
2151 3407 2657 3488 congregatione

343 3498 823 3582 (nationaliter)
870 3499 1265 3583 approbatus
1312 3505 1479 3574 erat,
1538 3499 1950 3563 deferebatur
2002 3501 2080 3564 ad
2127 3502 2482 3585 proximam
2531 3523 2657 3565 ses·

344 3597 596 3660 sionem
651 3598 1019 3681 generalem
1074 3594 1369 3672 Concilii,
1426 3601 1502 3659 ut
1557 3596 1795 3660 ibidem
1855 3620 1893 3660 a
1947 3602 2087 3662 toto
2136 3597 2422 3663 Concilio
2475 3595 2657 3681 (con-

341 3692 674 3775 ciliariter)
729 3693 1161 3776 adoptaretur.
1216 3729 1305 3737 —-
1359 3692 1562 3757 Totus
1613 3693 1722 3756 ille
1769 3695 1991 3758 modus
2043 3695 2277 3779 agendi
2324 3695 2507 3759 valde
2540 3719 2659 3775 Q·-

342 3789 853 3878 bitrarius„erat
910 3811 985 3857 ac
1020 3789 1422 3873 singulariS,
1491 3792 1559 3851 et
1613 3790 1769 3872 jura
1828 3790 2262 3873 episcoporum
2322 3800 2387 3857 et
2448 3790 2659 3857 Cardi-

341 3885 583 3948 nalium
650 3886 963 3961 laedebat.
1068 3885 1369 3961 Quamvis
1422 3906 1475 3949 e.
1526 3906 1588 3968 g.
1647 3907 1726 3949 ex
1782 3887 2047 3951 natione
2104 3889 2467 3972 Anglicana
2522 3912 2653 3954 non

344 3990 559 4046 essent
614 3984 736 4046 nisi
793 3989 926 4047 tres
984 3983 1290 4067 episcopi,
1350 3986 1569 4047 tamen
1626 3986 1882 4047 tantun]
1934 3984 2187 4049 valebat
2239 3988 2373 4070 ejus
2429 3988 2656 4051 suffra-

341 4079 550 4162 gium,
610 4101 803 4164 quam
847 4086 1065 4144 votum
1116 4081 1396 4145 nationis
1446 4078 1680 4157 Italae,
1727 4081 1795 4143 in
1843 4102 1972 4163 qua
2018 4102 2290 4165 magnus
2339 4087 2479 4148 erat
2524 4084 2655 4165 epi-

341 4196 669 4258 scoporum
758 4198 1079 4243 numerus.
1201 4175 1648 4241 Cardinalibus
1729 4178 1918 4241 etiam
1996 4179 2429 4262 significatum
2510 4181 2657 4256 fuit,

2689 1748 2818 1789 Ratio
2845 1750 2970 1790 voto·

2774 1822 2882 1851 rum.
