3281 5014
602 439 714 489 248
1112 434 1372 489 XXXIII.
1412 435 1494 489 De
1531 452 1733 503 magno
1771 434 2083 490 Occidentis
2122 435 2432 489 schismate.

605 577 807 661 elegit
852 578 923 641 in
968 577 1389 642 continenti.“
1440 613 1523 622 —
1570 576 1896 642 Narratur
1941 577 2118 654 dein,
2177 576 2551 641 Cardinales
2595 576 2767 639 haud
2813 596 2919 639 vo—

608 675 802 739 luisse
865 674 1083 737 statim
1150 674 1480 757 publicare
1543 674 1950 752 electionem,
2013 678 2152 739 tum
2208 672 2378 758 quod
2442 674 2779 748 timerent,
2839 693 2923 736 ne

604 772 816 836 electo
863 769 1151 835 nonduin
1197 771 1268 833 in
1296 768 1614 834 Vaticano
1661 772 1988 854 praesenti
2033 770 2185 834 mali
2217 769 2371 855 quid
2417 770 2604 834 fieret
2649 791 2723 833 eo
2754 768 2924 853 quod

611 889 745 932 non
791 871 959 931 esset
991 865 1341 948 Romanus,
1385 871 1525 930 tum
1569 867 1740 951 quod
1780 889 1932 931 vasa
1977 866 2287 950 quaedam
2332 870 2659 950 argentea·
2686 871 2754 930 et
2799 864 2926 930 alia

609 966 681 1029 in
713 962 1016 1028 Conclavi
1064 962 1411 1028 existentia
1441 970 1772 1046 asportare
1817 962 2275 1044 desiderarent,
2317 985 2402 1027 ne
2435 964 2629 1046 juxta
2656 962 2925 1027 abusum

604 1060 917 1144 temporis
988 1082 1026 1123 a
1086 1057 1397 1124 Romanis
1464 1064 1868 1143 raperentur.
1981 1059 2251 1126 Factum
2315 1081 2467 1124 vero
2532 1065 2659 1142 est,
2730 1058 2928 1142 (forte

605 1179 812 1241 quum
858 1177 1013 1220 vasa
1058 1156 1169 1219 illa
1217 1153 1656 1239 efferrentur),
1717 1160 1790 1220 ut
1839 1179 2056 1221 rumor
2106 1157 2176 1220 in
2223 1157 2455 1240 populo
2499 1160 2929 1240 spargeretur,

607 1249 998 1334 electionem
1053 1253 1190 1336 jam
1254 1274 1391 1317 esse
1445 1253 1714 1329 factam,
1773 1253 2052 1338 indeque
2112 1254 2433 1317 tumultus
2492 1257 2753 1317 exortus
2810 1256 2926 1316 est.

606 1350 820 1426 Quum
875 1350 1260 1414 clamoribus
1313 1349 1750 1432 postularent,
1811 1356 1888 1411 ut
1941 1350 2086 1433 quis
2143 1353 2312 1414 esset
2368 1349 2605 1413 electus
2652 1348 2927 1414 edicere—

604 1453 750 1523 tur,
804 1446 1039 1510 missus
1084 1445 1212 1509 fuit
1255 1445 1336 1509 ad
1392 1445 1747 1510 custodiam
1796 1445 2133 1511 Conclavis
2190 1447 2520 1530 episcopus
2569 1444 2928 1510 Massilien-

614 1547 728 1621 sis,
790 1543 902 1628 qui
958 1543 1168 1608 locum
1227 1542 1495 1606 tenebat
1554 1543 1916 1622 camerarii,
1976 1543 2157 1627 isque
2217 1544 2442 1627 lingua
2502 1564 2616 1607 sua
2675 1544 2928 1627 vulgari

606 1642 803 1706 dixit:
852 1639 1034 1704 Allez
1089 1642 1128 1702 a
1182 1637 1659 1703 SaintPierre.
1759 1639 1923 1704 Inde
1980 1639 2169 1704 multi
2225 1640 2717 1717 intellexerunt,
2781 1638 2928 1705 Oar-

614 1738 890 1803 dinalem
940 1734 1004 1800 S.
1058 1735 1237 1800 Petri
1298 1756 1434 1799 esse
1488 1737 1792 1816 electum,
1850 1742 1916 1800 et
1968 1737 2073 1800 alii
2129 1738 2268 1819 ejus
2326 1737 2637 1819 palatium
2693 1738 2929 1819 spolia-

615 1840 802 1911 runt,
872 1834 982 1898 alii
1041 1834 1450 1896 remanentes
1508 1834 1701 1916 juxta
1748 1831 2133 1898 Vaticanum
2194 1854 2431 1917 magno
2490 1854 2631 1897 cum
2691 1834 2929 1917 gaudio

609 1933 1010 1996 clamarunt:
1063 1928 1467 2009 „Romanum
1502 1929 1837 2005 voluimus,
1889 1929 2250 1994 Romanum
2284 1929 2647 1994 habemus.“
2720 1928 2932 2015 Major

617 2031 958 2113 propterea
987 2024 1350 2089 sollicitudo
1397 2030 1542 2089 orta
1586 2031 1683 2089 est
1716 2025 2183 2104 cardinalibus,
2230 2048 2311 2091 ne
2355 2027 2409 2089 si
2453 2032 2678 2091 notum
2724 2027 2929 2102 fieret,

618 2124 968 2188 Barensem
1003 2143 1141 2186 esse
1189 2122 1481 2202 electum,
1530 2122 1651 2205 ipsi
1699 2122 1848 2185 mali
1896 2122 2049 2206 quid
2080 2123 2412 2201 accideret,
2459 2127 2525 2186 et
2570 2144 2711 2186 cum
2745 2124 2933 2207 quin·

611 2243 744 2306 que
801 2220 945 2284 aliis
999 2218 1308 2302 episcopis
1366 2219 1482 2284 sub
1538 2223 1883 2301 praetextu
1942 2220 2347 2302 negotiorum
2403 2222 2663 2283 sanctae
2710 2218 2944 2291 Eccle-,

612 2320 750 2383 siae
797 2338 941 2380 eum
990 2315 1071 2380 ad
1115 2315 1428 2400 palatium
1459 2314 1852 2381 Vaticanum
1900 2320 2326 2380 accerserunt.

799 2414 902 2477 14.
970 2413 1244 2476 Prandio
1304 2417 1562 2495 peracto
1620 2417 1686 2476 et
1741 2413 2084 2491 „omnibus
2140 2414 2318 2477 intus
2378 2416 2443 2476 et
2494 2415 2679 2475 extra
2737 2411 2931 2475 silen-

610 2513 784 2577 tium
842 2510 1251 2585 tenentibus,
1316 2509 1611 2594 dictoque
1660 2507 1962 2575 Conclavi
2025 2510 2307 2594 undique
2367 2511 2582 2574 clauso
2642 2509 2806 2574 bene
2868 2515 2934 2573 et

623 2611 907 2683 firmatO,
968 2606 1124 2670 dicti
1181 2610 1343 2670 tunc
1400 2605 1771 2671 Cardinales
1827 2607 1895 2671 in
1959 2607 2205 2691 capella
2266 2606 2633 2690 supradicta
2696 2608 2931 2670 iterum

612 2727 689 2770 se
734 2707 1171 2783 retraxerunt,
1217 2707 1283 2767 et
1312 2702 1547 2766 iterato
1589 2709 2053 2780 convenerunt,
2100 2710 2166 2768 et
2212 2703 2291 2767 ad
2321 2704 2628 2786 majorem
2676 2724 2931 2786 expres·

610 2803 867 2867 sionem
932 2801 1172 2865 liberae
1232 2798 1586 2864 voluntatis
1648 2805 1714 2864 et
1770 2821 2119 2864 cousensus
2179 2822 2427 2876 eorum,
2492 2799 2571 2862 ad
2624 2800 2933 2883 majorem

612 2898 941 2963 cautelam
988 2897 1057 2960 in
1103 2895 1463 2979 praefatum
1495 2900 1654 2960 tunc
1700 2897 2066 2979 episcopum
2097 2895 2448 2960 Barensem
2491 2897 2730 2960 iterato
2776 2917 2933 2978 pure

613 2998 689 3058 et
732 2994 950 3072 libere,
995 2992 1394 3058 concorditer
1438 2996 1505 3056 et
1541 2993 1936 3058 unanimiter
1969 3001 2450 3071 consenserunt,
2494 2991 2779 3057 dicentes
2825 3015 2933 3057 ex-

621 3111 859 3175 presse,
908 3088 1077 3173 quod
1124 3110 1269 3153 eum
1317 3088 1516 3153 libere
1564 3093 1630 3153 et
1670 3090 1888 3153 animo
1935 3093 2001 3152 et
2047 3089 2383 3153 voluntate
2431 3093 2505 3153 ut
2549 3094 2716 3153 esset
2747 3110 2935 3153 verus

623 3185 800 3270 Papa
845 3185 1191 3270 eligebant.
1284 3184 1486 3260 Quum
1550 3206 1629 3248 ex
1684 3185 1913 3249 timore
1966 3185 2251 3249 nondum
2306 3186 2684 3251 electionem
2730 3185 2934 3267 publi-

613 3289 878 3364 carent,
940 3280 1221 3346 Romani
1267 3280 1467 3364 aliqui
1524 3303 1638 3364 per
1694 3285 2059 3363 aperturam
2114 3303 2281 3366 quae
2334 3303 2448 3364 pro
2497 3282 2662 3345 vasis
2712 3281 2931 3363 depor-

612 3381 835 3446 tandis
881 3380 958 3444 de
1005 3377 1309 3442 mandato
1348 3375 1789 3455 cardinalium
1837 3377 2009 3443 facta
2057 3383 2227 3456 erat,
2276 3378 2552 3462 ingressi
2594 3385 2780 3453 sunt,
2828 3399 2934 3442 ex·

624 3477 965 3562 ploraturi,
1033 3476 1174 3560 quis
1243 3479 1412 3538 esset
1479 3473 1675 3556 Papa.
1790 3472 1975 3538 Tunc
2034 3473 2404 3538 Cardinales
2468 3475 2933 3538 ultramontani

614 3575 898 3658 correpti
963 3573 1224 3648 timore,
1286 3593 1369 3634 ne
1439 3572 1494 3634 si
1559 3577 2080 3655 cognosceretur,
2152 3569 2514 3634 Romanum
2572 3570 2743 3633 haud
2799 3592 2935 3634 esse

615 3673 916 3748 electum,
964 3670 1237 3754 pessime
1274 3690 1313 3731 a
1345 3667 1580 3750 populo
1612 3671 2071 3747 tractarentur,
2116 3667 2337 3731 multis
2385 3667 2676 3749 precibus
2722 3689 2933 3732 move·

624 3771 779 3832 runt
826 3766 1232 3831 Cardinalem
1278 3761 1343 3830 S.
1382 3762 1556 3828 Petri
1604 3785 1825 3827 senem
1874 3764 2219 3841 infirmum,
2267 3768 2340 3828 ut
2386 3763 2628 3827 sineret
2675 3763 2799 3828 sibi
2842 3765 2937 3828 in-

528 3920 535 3931 ..
624 3866 735 3930 dui
792 3885 1091 3946 cappam,
1149 3883 1222 3925 ac
1278 3861 1330 3923 si
1386 3861 1455 3923 in
1513 3859 1754 3943 Papam
1811 3861 2050 3939 electus
2108 3864 2302 3932 esset;
2358 3863 2419 3923 et
2473 3857 2748 3924 indutus
2798 3858 2935 3940 fuit

522 3922 599 3995 ’Μ’
615 3979 831 4042 cappa
871 3962 932 4023 et
976 3957 1181 4022 mitra
1215 3955 1451 4038 papali
1498 3959 1560 4019 et
1603 3955 1677 4020 in
1722 3954 1867 4019 sede
1898 3954 2175 4037 positae.
2269 3955 2467 4021 Porta
2518 3956 2664 4021 dein
2713 3962 2937 4040 aperta

623 4056 973 4123 multitudo
1029 4055 1333 4129 intravit,
1391 4060 1457 4117 et
1514 4053 1767 4137 magnis
1821 4053 2218 4117 reverentiae
2272 4053 2472 4135 signis
2530 4052 2935 4119 Cardinalem

618 4153 691 4218 S.
738 4152 921 4218 Petri
969 4152 1211 4234 affecit3
1260 4151 1484 4234 reliqui
1532 4154 1750 4213 autem
1801 4147 2171 4213 Cardinales
2215 4150 2465 4214 interea
2511 4158 2933 4215 recesserunt.
