3281 5014
536 1094 582 1133 nl

340 2063 458 2105 Unio
504 2063 656 2106 Arme-

418 2138 586 2167 norum.

679 421 784 473 386
948 419 1173 475 XXXV.
1210 420 1292 473 De
1331 419 1536 473 Concil.
1573 417 1883 472 Basileensi
1920 434 1983 471 ac
2021 419 2087 472 de
2126 418 2342 486 Synodo
2378 419 2716 474 Florentina.

682 562 949 644 δύναμιν
1016 569 1144 626 τῶν
1211 559 1562 642 κανόνων),
1634 563 1697 623 et
1763 578 1928 623 non:
1998 558 2408 636 „Secundum
2477 559 2650 624 dicta
2724 558 2996 624 Sancto-

681 660 871 722 rum“
918 708 930 721 .
964 706 1023 722 ..
1069 656 1435 738 Statimque
1480 656 1753 738 eqressis
1789 654 2269 737 Cardinalibus,
2319 677 2436 722 nos
2483 658 2730 736 (scribit
2768 662 2992 721 auctor

680 755 986 819 Actorum
1057 753 1421 819 Dorotheus
1490 754 2001 836 archiepiscopus
2071 756 2572 837 Mitylenensis)‚
2647 753 2993 818 consilium

677 849 1025 928 inivimus,
1088 849 1593 932 scripsimusque
1607 899 1625 930 ,
1688 854 1764 915 ut
1823 848 2056 914 habeat
2118 852 2233 934 (ὅτι
2279 854 2376 915 ἵνα
2423 849 2560 934 ἔχῃ)
2619 849 2811 933 Papa
2867 870 2988 914 sua

666 945 1025 1029 privileqia
1056 947 1264 1029 Juxta
1298 944 1591 1011 Canones
1636 951 1697 1010 et
1739 945 1913 1010 dicta
1945 945 2354 1026 Sanctorum,
2403 966 2784 1028 sacramque
2816 946 2997 1012 Scri-

670 1047 944 1126 pturam
1000 1047 1063 1107 et
1111 1047 1260 1108 acta
1294 1041 1807 1125 ‚Synodorum.¹)
1900 1043 2055 1108 Post
2102 1045 2256 1108 haec
2308 1045 2792 1127 praeliminaria
2836 1066 2988 1108 con-

677 1145 997 1206 venerunt
1052 1140 1200 1204 dein
1257 1140 1335 1204 de
1394 1142 1702 1218 formula,
1764 1143 1861 1205 uti
1908 1163 2081 1204 nunc
2134 1139 2427 1205 habetur.
2522 1141 2998 1206 Satisfecerunt

679 1238 899 1302 Latini
980 1236 1275 1319 Graecis,
1349 1243 1674 1321 quatenus
1751 1238 2123 1322 allegarunt
2195 1259 2474 1302 canones
2550 1246 2617 1301 et
2691 1238 2994 1320 synodos,

677 1336 1159 1418 omiseruntque
1237 1332 1409 1398 dicta
1480 1332 1873 1399 Sanctorum
1950 1356 2112 1417 quae
2180 1335 2261 1398 ab
2328 1336 2728 1419 Imperatore
2795 1357 2993 1400 sensu

676 1431 951 1514 quodam
1014 1451 1177 1514 vago
1243 1436 1308 1494 et
1370 1432 1593 1513 inepto
1653 1433 2090 1496 sumebantur.
2197 1432 2446 1497 Tamen
2507 1435 2603 1496 ita
2661 1431 2993 1497 decretum

678 1527 1035 1592 confectum
1084 1535 1210 1603 est,
1265 1533 1340 1591 ut
1387 1549 1669 1592 canones
1729 1533 1796 1591 et
1850 1528 2081 1609 synodi
2127 1533 2385 1594 tantum
2444 1531 2508 1594 in
2557 1529 2987 1594 confirmatio-

677 1647 826 1689 nem
886 1625 1442 1689 subnecterentur.
1552 1624 1652 1687 Ad
1713 1647 2032 1688 summum
2088 1623 2316 1689 Graeci
2375 1628 2564 1691 simul
2621 1627 2995 1710 intelligere

677 1725 1006 1804 poterant,
1065 1722 1134 1784 in
1179 1720 1440 1803 synodis
1487 1725 1554 1784 et
1593 1720 1948 1785 canonibus
1998 1722 2191 1784 etiam
2238 1722 2517 1787 indolem
2568 1723 2812 1805 jurium
2860 1723 2993 1804 pri·

679 1823 891 1882 matus
935 1827 999 1881 et
1046 1819 1185 1901 ejus
1233 1817 1724 1900 explicationem
1772 1817 2060 1883 indicari.
2154 1816 2281 1883 Sed
2326 1820 2645 1884 restrictio
2691 1819 2872 1882 nulla
2917 1817 2992 1881 in

676 1918 859 1979 textu
907 1916 1044 1997 ipso
1090 1915 1479 1978 continetur.

852 2065 954 2128 56.
1029 2062 1219 2127 Modo
1282 2062 1359 2126 de
1430 2061 1672 2126 unione
1732 2061 2169 2128 Armenorum
2239 2063 2636 2146 aliarumque
2704 2062 2993 2127 Orientis

677 2160 1109 2236 ecclesiarum,
1166 2181 1332 2243 quae
1377 2159 1619 2243 pariter
1663 2161 1731 2224 in
1780 2159 2065 2224 Concilio
2114 2158 2490 2224 Florentino
2537 2159 2825 2224 confecta
2869 2164 2991 2235 est,

678 2256 992 2340 quaedam
1050 2264 1401 2340 supersunt
1467 2255 1754 2321 dicenda.
1873 2255 2033 2320 Cum
2095 2255 2320 2321 Graeci
2379 2255 2708 2320 Florentia
2764 2257 2990 2321 disces·

673 2354 805 2419 suri
868 2359 1109 2430 essent,
1176 2374 1249 2417 eo
1310 2353 1711 2416 advenerunt
1774 2354 1973 2437 legati
2041 2356 2515 2439 ALQeRQ'E-Q*
2566 2353 2677 2436 qui
2738 2360 2803 2416 et
2861 2354 2984 2436 ipsi

672 2452 981 2516 unionem
1043 2450 1186 2514 cum
1249 2449 1530 2515 Ecclesia
1593 2449 1884 2514 R-omana
1948 2456 2012 2516 et
2075 2449 2532 2515 rectitudinem
2589 2448 2988 2515 orthodoxae

673 2548 1000 2613 doetrinae
1056 2547 1383 2630 petebant.
1482 2543 1642 2609 Post
1695 2544 1945 2627 aliquot
1997 2545 2158 2625 dieS,
2217 2556 2487 2612 narrant
2543 2548 2711 2612 Acta
2767 2548 2987 2622 citata,

675 2648 993 2708 venerunt
1047 2662 1127 2706 ex
1184 2641 1502 2708 Armenia
1558 2642 1983 2730 apocrisiarii
2038 2642 2472 2708 Patriarchae
2526 2644 2982 2720 Armenorum,

673 2741 918 2805 virtute
961 2743 1377 2821 praestantes
1422 2738 1580 2817 viri,
1639 2744 2018 2819 quaerentes
2065 2744 2124 2804 et
2169 2738 2302 2821 ipsi
2345 2740 2654 2807 unionem
2711 2739 2988 2821 fideique

674 2835 1123 2901 rectitudinem
1138 2856 1163 2915 ,·
1217 2835 1331 2917 qui
1390 2837 1587 2901 etiam
1645 2835 2084 2901 beatissimum
2138 2833 2395 2918 Papam
2449 2836 2765 2915 venerati,
2825 2836 2989 2901 vise-

674 2938 836 2999 runt
883 2932 1381 3015 Imperatorem,
1453 2932 1922 3014 consiliumque
1990 2954 2183 2999 suum
2238 2938 2299 2997 et
2361 2933 2659 2998 animum
2711 2932 2786 2997 de
2839 2954 2991 2998 con·

673 3030 948 3110 ficienda
995 3050 1140 3095 cum
1184 3030 1476 3095 Ecclesia
1523 3030 1766 3095 unione
1811 3035 2268 3112 exposuerunt,
2305 3035 2614 3113 petentes,
2661 3035 2738 3095 ut
2777 3030 2991 3111 ferret

674 3126 1006 3193 auxilium
1060 3131 1121 3191 et
1177 3126 1535 3209 prudentia
1595 3146 1719 3192 sua
1766 3126 2054 3209 juvaret.
2172 3120 2544 3210 Imperator
2604 3131 2820 3193 autem
2885 3147 2989 3190 re-

672 3223 962 3306 spondit,
1019 3223 1298 3289 multum
1346 3223 1471 3288 sibi
1509 3223 1768 3306 placere
1813 3243 2030 3287 eorum
2074 3224 2365 3288 studium
2411 3229 2471 3289 et
2509 3228 2779 3307 ‘qratum
2821 3224 2983 3306 fore,

675 3320 735 3385 si
776 3321 1159 3386 accesserint
1218 3320 1306 3384 ad
1350 3319 1772 3384 orthodoxam
1819 3319 2010 3399 fidem
2063 3325 2124 3384 et
2167 3320 2525 3386 Ecclesiam
2582 3321 2983 3400 catholicam,

674 3422 735 3482 et
782 3418 1046 3500 precari
1091 3418 1306 3482 Deum
1360 3437 1486 3499 pro
1542 3436 1765 3480 eorum
1818 3416 2075 3507 unione.
2129 3466 2142 3479 .
2191 3469 2205 3484 .
2252 3467 2265 3480 .
2323 3417 2455 3483 His
2506 3417 2724 3498 dictis,
2783 3437 2985 3483 reces-

674 3519 902 3580 serunt
949 3514 1251 3594 Armeni,
1312 3534 1431 3578 nos
1474 3534 1622 3577 vero
1669 3512 2022 3579 Florentia
2066 3518 2371 3579 exeuntes
2413 3514 2707 3581 Venetias
2748 3513 2991 3597 petivi·

674 3632 840 3692 mus,
887 3615 948 3676 et
991 3611 1142 3676 inde
1186 3631 1425 3676 rursus
1469 3609 1730 3675 domum
1775 3608 2167 3696 rediimus.²)

853 3736 1121 3799 Armeni
1166 3736 1418 3799 saeculo
1444 3733 1616 3799 ‘XIL
1669 3735 1933 3819 abjectis
1993 3736 2312 3801 erroribus
2358 3734 2990 3819 Monophysitarum,

675 3834 1185 3899 communionem
1253 3854 1397 3895 cum
1460 3829 1621 3896 Sede
1669 3833 2040 3915 Apostolica
2099 3834 2438 3897 coluerunt
2497 3840 2562 3897 et
2598 3855 2989 3930 *supremam

851 4077 898 4142 ¹)
936 4075 1000 4129 V.
1039 4074 1223 4129 nabbe
1258 4075 1417 4128 xm.
1456 4076 1576 4127 506.

852 4156 894 4223 ²)
932 4154 1110 4208 Labbe
1147 4154 1304 4207 xm.
1344 4156 1464 4207 527.
