3281 5014
1314 440 1617 509 Gregorius
1656 442 1752 495 XI.
2582 447 2683 499 169

371 578 644 657 Italiae,
706 578 1042 662 confestim
1079 579 1420 662 praedicta
1462 581 1682 647 omnia
1724 587 2153 665 recuperaret,
2202 588 2263 648 et
2309 583 2447 649 alia
2493 605 2682 667 quae-

369 696 646 757 -cumque
699 676 1069 759 praemissa
1130 676 1216 742 ad
1275 681 1521 742 statum
1583 677 1868 743 debitum
1928 679 2420 759 reducerentur,
2479 701 2682 746 cessa·

377 775 647 853 rentque
691 771 1069 838 machinata
1113 777 1175 837 et
1202 778 1564 855 procurata
1612 778 1674 839 et
1719 778 2002 840 tractata
2047 775 2229 841 ultra
2275 781 2409 841 tam
2457 781 2683 842 contra

369 873 621 934 statum
682 888 876 934 suum
922 889 1117 950 quam
1163 868 1456 935 ecclesiae
1502 875 1921 950 memoratae,
1981 892 2144 953 quae
2190 872 2540 939 secundum
2583 893 2682 937 re·

369 964 650 1031 tationes
706 969 767 1030 et
821 965 1366 1032 considerationes
1401 966 1706 1048 plurium
1752 967 2009 1051 majora
2056 989 2130 1034 ac
2167 969 2399 1052 pejora
2434 969 2681 1052 priori-

369 1062 495 1127 *bus
552 1060 1042 1176 existebantffi
1077 1062 1149 1127 3⁰
1208 1064 1269 1129 S.
1333 1054 1686 1130 catharina
1732 1064 2068 1144 SenensiS,
2130 1089 2294 1151 quae
2358 1090 2435 1131 ex
2498 1074 2682 1151 parte

377 1158 900 1225 Florentinorum
958 1160 1288 1244 legatione
1335 1154 1861 1227 funeta-*estad
1907 1160 2289 1247 Gr'egorium
2334 1162 2487 1243 XL,
2544 1169 2681 1230 tum

373 1256 583 1320 verbis
643 1260 781 1320 tum
849 1256 1135 1340 epistolis
1183 1256 1557 1321 Pontificem
1618 1264 1696 1323 ut
1742 1257 2012 1324 Romam
2067 1260 2307 1325 rediret
2359 1262 2683 1344 incitavit3

372 1374 494 1417 nee
554 1351 821 1417 dubium
877 1360 1000 1435 est,
1068 1351 1449 1436 Gregorium
1501 1354 1721 1438 magni
1765 1354 2062 1421 habuisse
2107 1363 2368 1421 sanetae
2415 1357 2682 1441 virginis

375 1449 641 1514 monita.
730 1448 806 1513 4⁰
850 1448 1217 1513 Bonifatius
1264 1446 1626 1530 Ferrerius,
1686 1451 1889 1516 frater
1934 1453 2144 1517 sancti
2190 1452 2554 1531 Vincentii‚
2618 1458 2682 1518 et

375 1543 561 1609 Prior
633 1567 906 1630 magnae
978 1543 1352 1609 Carthusiae
1414 1545 1765 1611 Caesareae
1824 1546 2160 1632 Augustae
2234 1547 2680 1633 (Saragossae)

362 1642 742 1720 contendit,
806 1641 1185 1727 Gregorium
1251 1642 1543 1725 pluribus
1603 1643 1865 1721 dixisse,
1929 1666 1999 1708 se
2053 1651 2296 1710 motum
2360 1646 2555 1711 fuisse
2601 1647 2678 1710 ad

371 1738 645 1802 reditum
703 1739 772 1802 in
823 1737 1082 1802 Italiam
1138 1737 1494 1802 insatiabili
1550 1740 1824 1805 avaritia
1880 1744 1947 1805 et
2003 1741 2264 1826 injustis
2311 1742 2677 1825 expostula-

361 1834 657 1898 tionibus
704 1829 1114 1913 Gallorum.²)
1204 1832 1346 1897 Hoc
1402 1838 1618 1900 tamen
1668 1836 1877 1901 minus
1923 1842 2169 1901 certum
2216 1859 2352 1902 esse
2399 1838 2671 1903 videtur.

550 1983 654 2049 22.
714 1982 1060 2067 Gregorius
1119 1985 1322 2069 igitur
1378 1982 1757 2050 deliberavit
1811 2006 1876 2050 se
1921 1986 2284 2068 transferre
2329 1986 2415 2051 ad
2448 1991 2677 2070 partes

362 2078 612 2143 Italiae
670 2083 1089 2159 memoratae,
1149 2100 1422 2161 suosque
1470 2102 1738 2164 qressus
1781 2081 2064 2165 diriqere
2104 2103 2328 2149 versus
2371 2084 2672 2165 Romam,

360 2196 514 2241 cum
570 2175 768 2241 etiam
814 2176 1104 2242 Romani
1159 2176 1265 2241 sui
1322 2181 1616 2260 optantes
1675 2178 2140 2260 praesentiam,
2204 2200 2402 2245 causa
2456 2180 2673 2264 ipsum

370 2271 457 2337 ad
510 2271 624 2338 hoc
678 2271 1007 2337 alliciendi
1061 2274 1269 2339 multa
1326 2279 1385 2338 et
1440 2273 1779 2357 maynalia
1824 2274 2284 2357 promitterent
2338 2297 2404 2341 se
2456 2276 2669 2359 factu·

359 2389 474 2433 ros
540 2368 613 2434 in
682 2368 790 2434 sui
856 2369 1147 2451 favorem
1209 2375 1269 2438 et
1329 2370 1635 2436 honorem
1654 2420 1671 2451 ,
1738 2391 1935 2452 quam
1988 2372 2284 2453 primum
2351 2372 2438 2437 ad
2498 2374 2671 2456 ipsos

357 2463 733 2532 declinaret.
840 2464 970 2546 Qui
1026 2466 1119 2532 sic
1183 2466 1504 2550 disposuit
1562 2466 1780 2550 facere
1839 2471 1899 2532 et
1958 2467 2314 2549 ordinavit,
2374 2469 2672 2552 quamvis

363 2567 595 2628 contra
639 2562 980 2628 consilium
1027 2568 1087 2628 et
1132 2563 1656 2630 deliberationem
1703 2564 1892 2646 quasi
1936 2564 2137 2630 totius
2173 2563 2438 2649 Colleqii
2469 2567 2669 2633 omni-

364 2680 602 2741 umque
649 2659 1007 2726 amicorum
1054 2681 1343 2741 suorum,
1391 2666 1450 2726 et
1496 2660 1599 2726 die
1649 2661 1757 2726 13·
1795 2661 2035 2727 mensis
2066 2661 2460 2745 Septembris
2506 2665 2670 2729 anni

366 2755 645 2821 Domini
689 2755 867 2820 1376
909 2756 984 2820 de
1030 2756 1361 2822 Avenione
1405 2757 1697 2837 recessit,
1747 2806 1763 2822 .
1812 2810 1824 2823 .
1878 2808 1894 2824 .
1943 2763 2004 2823 et
2048 2759 2151 2824 die
2184 2759 2337 2841 „gij
2350 2759 2671 2837 Januarii

356 2851 531 2917 -anni
562 2851 841 2917 Domini
890 2851 1061 2916 1377
1073 2940 1076 2942 ‚
1100 2853 1433 2936 inqressus
1479 2858 1571 2918 est
1599 2854 1883 2925 Romam
1928 2855 2277 2937 equitando
2322 2855 2398 2919 de
2430 2855 2669 2924 Sancto

371 2946 583 3013 Paulo
600 2997 617 3027 ,
687 2947 803 3013 ubi
878 2946 964 3012 ad
1037 2952 1281 3015 terram
1348 2949 1424 3014 de
1496 2949 1763 3033 naviqio
1837 2951 2247 3017 descenderat
2317 2972 2519 3034 usque
2586 2953 2672 3018 ad

366 3042 682 3110 Sanctum
727 3043 1028 3124 Petrum,
1084 3045 1345 3127 fuitque
1401 3045 1638 3111 ibidem
1692 3051 1983 3129 receptus
2034 3069 2178 3114 cum
2233 3067 2474 3131 maqna
2519 3049 2669 3114 sole-

354 3139 639 3220 mnitate
695 3143 754 3205 et
805 3139 1060 3206 honore.
1158 3141 1503 3208 Sciendum
1562 3147 1807 3224 tamen,
1873 3143 2041 3224 quod
2081 3143 2370 3210 Romani
2414 3145 2491 3210 de
2533 3146 2670 3211 illis

366 3256 529 3316 quae
604 3235 730 3301 sibi
788 3257 911 3318 per
974 3238 1174 3319 prius
1243 3238 1685 3321 promiserant
1749 3238 2156 3321 paucissima
2231 3241 2665 3320 attenderunt,

341 3332 746 3414 praesertim
800 3333 973 3398 circa
1027 3333 1146 3399 illa
1211 3355 1374 3417 quae
1422 3334 1885 3401 concernebant
1929 3336 2214 3419 reqimen
2272 3337 2536 3424 Urbis.³)
2583 3377 2669 3386 —-

365 3430 574 3504 Quum
648 3452 797 3495 vero
866 3431 1071 3496 Roma
1146 3433 1299 3496 urbs
1368 3433 1450 3496 ob
1526 3434 1782 3517 longam
1851 3432 2241 3499 Pontificum
2311 3437 2666 3501 absentiam

363 3525 555 3608 plane
630 3526 876 3611 dilapsa
944 3532 1145 3606 esset,
1218 3528 1621 3612 plurimaque
1690 3530 1943 3614 antiqui
2013 3530 2368 3614 splendoris
2437 3554 2665 3597 monu-

364 3628 585 3686 menta
639 3623 853 3687 diruta
888 3625 1210 3707 jacerent,
1268 3630 1589 3689 caeterum
1639 3623 1982 3709 Gregorius
2031 3627 2266 3691 multas
2312 3627 2667 3694 offenderet

543 3839 581 3906 ¹)
625 3840 809 3894 Balut.
860 3840 1045 3894 Prima
1080 3841 1215 3897 Vita
1268 3841 1522 3910 Gregorii
1570 3843 1666 3896 XI.
1717 3860 1768 3911 p.
1814 3845 1934 3897 437.
1989 3870 2052 3878 -
2104 3845 2211 3898 Illa
2258 3845 2567 3902 machinata-
2618 3853 2669 3903 et

349 3921 654 3985 procurata
714 3926 819 3973 ete.
871 3919 1127 3974 videntur
1182 3920 1551 3989 intelligenda
1612 3937 1734 3977 esse
1783 3922 1849 3976 de
1898 3922 2139 3988 periculo
2191 3926 2475 3980 electionis
2525 3929 2665 3983 anti-

357 4012 585 4145 papae&
623 4078 884 4142 Martem,
926 4077 1237 4133 Thesaurus
1276 4080 1337 4132 Τ.
1376 4080 1449 4133 II.
1486 4095 1536 4147 p.
1582 4082 1716 4133 1450
1756 4098 1800 4136 c.
1838 4084 1924 4136 26.

540 4153 582 4222 ⁸)
619 4156 803 4210 Balut.
842 4156 1026 4237 Prima
1064 4157 1198 4212 Vita
1235 4156 1398 4226 Greg.
1439 4158 1534 4212 XI.
1573 4175 1701 4227 pag.
1740 4162 1860 4214 438.

2720 1980 2901 2021 Reditus
2930 1982 2974 2021 in

2753 2041 2941 2084 Italiam.
