3281 5014
1018 429 1101 484 De
1139 429 1591 483 condemnatione
1631 429 1838 482 Hussii.
2485 431 2585 481 337

273 573 546 635 mortem
612 569 834 633 fratris
899 570 997 633 sui
1060 569 1421 635 VVenceslai
1482 570 1716 656 (1419)
1782 571 1973 633 etiam
2041 592 2151 634 rex
2220 568 2589 644 Bohemiae,

271 667 577 732 sectarios
631 670 879 731 armata
923 688 1121 729 manu
1176 667 1245 730 in
1300 667 1588 731 ordinem
1646 667 1934 750 redigere
1985 670 2247 730 cona-tus
2297 671 2420 743 est,
2481 666 2591 729 sed

273 763 370 826 illi
429 768 619 827 tanta
679 763 742 825 vi
800 762 1216 840 dimicarunt,
1282 767 1354 826 ut
1415 764 1733 829 exercitus
1791 762 2137 827 catholicos
2202 784 2335 826 non
2395 763 2592 827 semel

275 860 745 942 superaverint,
796 866 863 922 et
910 860 1145 939 bellum
1194 881 1308 943 per
1353 861 1566 942 plures
1615 882 1819 924 annos
1869 859 2354 923 continuarunt.

454 957 555 1018 64.
609 954 764 1019 Post
809 960 1082 1019 mortem
1125 955 1398 1021 Joannis
1448 955 1674 1021 Ziskae
1707 954 1938 1040 (1424)
1984 954 2290 1019 Hussitae
2336 956 2404 1019 in
2453 956 2590 1038 plu·

278 1074 379 1117 res
436 1052 749 1116 factiones
811 1053 989 1115 scissi
1046 1057 1218 1116 sunt.
1323 1051 1451 1115 Alii
1513 1054 1814 1137 appellati
1871 1052 2237 1131 Thaboriti‚
2297 1051 2597 1116 Walden·

278 1151 466 1233 sium,
515 1148 767 1213 Wiclefi
815 1152 882 1212 et
915 1149 1140 1213 Hussii
1188 1149 1475 1233 vestigiis
1522 1151 1802 1233 pressius
1848 1147 2292 1224 inhaeserunt,
2342 1171 2595 1213 omnem

278 1267 480 1329 paene
514 1245 835 1310 Ecclesiae
883 1245 1236 1310 catholicae
1280 1245 1659 1327 doctrinam,
1709 1246 2001 1330 regimen
2048 1248 2114 1309 et
2140 1245 2596 1309 institutiones

281 1341 826 1418 condemnarunt,
876 1347 942 1406 et
987 1343 1342 1407 constituto
1389 1342 1510 1405 sibi
1559 1341 1718 1406 duce
1772 1342 2078 1424 Procopio
2124 1340 2318 1417 Ram,
2361 1340 2596 1406 Catho-

279 1441 435 1504 licos
501 1438 849 1503 crudeliter
913 1439 1225 1522 persecuti
1290 1444 1466 1503 sunt.
1579 1438 1740 1522 Alii,
1811 1438 1962 1502 dicti
2042 1437 2365 1521 Orphani,
2432 1437 2599 1521 quod

285 1536 492 1619 capite
537 1557 650 1599 seu
697 1535 855 1599 duce
897 1539 1210 1612 carerent,
1259 1536 1548 1618 quamvis
1596 1535 1945 1620 aliquando
1993 1559 2030 1599 a
2062 1534 2431 1598 Thaboritis
2479 1534 2600 1598 dis·

284 1634 607 1697 sentirent
666 1641 732 1695 et
786 1638 1082 1715 separata
1141 1632 1223 1695 ab
1276 1633 1352 1695 iis
1409 1632 1688 1716 agmina,
1731 1632 2237 1708 constituerent,
2302 1632 2602 1715 exigente

284 1735 506 1793 tamen
552 1729 934 1793 necessitate
982 1729 1378 1812 conjunctim
1427 1749 1569 1791 cum
1616 1729 1745 1792 illis
1791 1729 2094 1812 agebant.
2170 1728 2323 1802 Alii,
2372 1748 2601 1811 cogno-

289 1827 519 1890 minati
567 1825 905 1905 Calixtini,
969 1830 1156 1890 erant
1200 1825 1463 1908 ingenio
1513 1825 1707 1909 longe
1755 1825 2196 1902 moderatiori,
2253 1823 2603 1888 Ecclesiam

288 1922 675 1988 catholicam
743 1923 1009 2006 ejusque
1075 1923 1321 1987 cultum
1384 1927 1450 1984 et
1512 1924 1804 2004 regimen
1869 1943 2003 1985 non
2066 1920 2604 1996 condemnabant,

287 2019 397 2084 sed
476 2019 815 2103 praecipue
893 2019 1389 2102 propugnabant
1463 2019 1579 2081 hos
1645 2023 1928 2101 quatuor
1996 2019 2320 2084 articulos:
2400 2014 2467 2078 1⁰
2537 2019 2608 2079 ut

290 2139 472 2181 sacra
531 2115 939 2180 Eucharistia
1000 2115 1296 2179 omnibus
1357 2115 1478 2178 sub
1539 2120 1814 2197 utraque
1872 2115 2081 2198 specie
2144 2115 2606 2198 porrigeretur3

290 2210 364 2275 2⁰
408 2219 483 2278 ut
535 2235 755 2277 omnes
801 2212 1162 2277 sacerdotes
1208 2211 1441 2288 libere,
1497 2212 1638 2276 sine
1697 2213 1954 2294 praevia
2003 2211 2279 2294 episcopi
2324 2209 2609 2285 licentia,

292 2310 554 2374 verbum
607 2309 891 2373 divinum
949 2308 1312 2391 praedicare
1370 2313 1660 2391 possent3
1725 2305 1795 2370 3⁰
1844 2311 1917 2370 ut
1959 2307 2203 2371 clericis
2257 2306 2609 2387 temporale

289 2407 644 2470 dominium
698 2396 1116 2486 adimeretur3
1167 2403 1237 2467 4⁰
1286 2409 1360 2468 ut
1404 2404 1635 2467 delict-a
1682 2403 1937 2487 publica
1986 2404 2167 2468 nulla
2213 2403 2482 2484 ratione,
2529 2424 2611 2465 ne

293 2505 554 2589 majoris
584 2501 840 2586 quidem
864 2502 1015 2567 mali
1046 2501 1290 2566 vitandi
1325 2523 1532 2575 causa,
1568 2500 2025 2580 tolerarentur,
2063 2500 2171 2565 sed
2199 2500 2608 2584 punirentur.

472 2602 574 2664 65.
622 2599 783 2664 Cum
814 2597 1156 2665 Calixtinis
1199 2597 1649 2682 Sigismundus
1696 2597 2057 2680 Imperator
2103 2598 2333 2682 pacisci
2380 2582 2945 2686 coepit,c{}}1'fg}1¹}2t5¹⁶

289 2719 525 2782 eosque
572 2698 887 2761 concessis
945 2695 1306 2760 securitatis
1351 2695 1582 2758 libellis
1640 2694 1935 2774 adduxit,
1991 2699 2064 2759 ut
2118 2696 2365 2780 legatos
2413 2693 2610 2757 desti-

297 2799 531 2859 narent
586 2792 663 2856 ad
714 2792 1068 2857 Concilium
1113 2792 1403 2856 Basileae
1450 2796 1935 2875 congregatum.
2042 2790 2146 2856 Illi
2195 2792 2394 2867 {initio
2454 2787 2612 2854 anni

298 2891 464 2956 1433
512 2888 835 2953 Basileam
881 2890 1335 2966 advenerunt,
1377 2909 1648 2971 cumque
1695 2889 1868 2951 inter
1920 2910 2025 2952 eos
2078 2895 2141 2952 et
2190 2887 2458 2952 Concilii
2506 2888 2611 2951 de·

295 2991 559 3071 putatos
620 2985 695 3049 de
740 2987 1251 3051 commemoratis
1307 3006 1502 3068 supra
1558 2984 1843 3049 articulis
1905 2987 2042 3050 sine
2100 2989 2324 3068 optato
2385 2985 2613 3049 effectu

295 3085 790 3168 disceptaretur,
863 3082 1222 3148 Concilium
1287 3083 1356 3145 in
1416 3082 1620 3164 ipsam
1693 3079 2064 3145 Bohemiam
2128 3083 2377 3165 aliquot
2446 3082 2614 3144 viros

300 3182 575 3265 legavit,
631 3180 742 3262 qui
787 3179 1037 3264 Pragae
1094 3201 1234 3243 cum
1296 3177 1631 3242 Calixtinis
1692 3198 1911 3260 pacem
1967 3181 2462 3261 composuerunt
2518 3176 2616 3240 his

301 3278 577 3361 legibus:
631 3275 697 3338 1⁰
746 3281 819 3340 ut
865 3277 935 3340 in
976 3274 1289 3339 Bohemia
1337 3279 1402 3339 et
1438 3273 1728 3338 Moravia
1773 3296 1953 3338 sacra
1990 3274 2396 3338 Eucharistia
2441 3274 2619 3337 laicis

295 3375 419 3439 sub
467 3379 739 3457 utraque
787 3373 994 3454 speeie
1040 3372 1301 3436 concedi
1350 3379 1591 3453 posset,
1652 3370 1763 3434 sed
1820 3371 2024 3435 adulti
2075 3370 2425 3452 diligenter
2470 3369 2620 3433 edo-

302 3474 630 3545 cerentur,
694 3468 1018 3533 Christum
1066 3470 1187 3533 sub
1235 3468 1456 3550 quavis
1510 3469 1719 3549 specie
1765 3471 1976 3532 totum
2025 3468 2373 3549 contineri3
2429 3463 2502 3528 2⁰
2549 3470 2621 3529 ut

303 3567 572 3631 verbum
619 3566 906 3631 divinum
947 3567 1147 3630 libere
1195 3565 1700 3648 praedicaretur,
1762 3585 1893 3627 non
1941 3570 2159 3627 tamen
2208 3564 2344 3628 sine
2397 3568 2622 3628 aucto-

303 3664 498 3728 ritate
545 3663 940 3744 superiorum
989 3662 1590 3746 ecclesiasticorum3
1654 3657 1724 3726 3⁰
1779 3668 1854 3724 ut
1901 3660 2068 3724 bona
2116 3661 2539 3725 ecclesiastica
2587 3681 2623 3723 a

300 3761 473 3824 clero
543 3758 887 3823 secundum
957 3759 1350 3842 praescripta
1419 3758 1686 3822 Patrum
1751 3757 2027 3821 fideliter
2096 3756 2623 3821 administraren-

305 3862 446 3937 tur3
505 3854 576 3917 4⁰
624 3860 696 3919 ut
742 3859 1003 3939 peccata
1053 3856 1351 3919 mortalia
1394 3855 1744 3918 secundum
1800 3854 1970 3938 leges
2022 3853 2269 3917 divinas
2317 3857 2383 3917 et
2429 3853 2624 3917 eccle-

303 3952 599 4017 siasticas
648 3955 967 4032 quantum
1021 3950 1167 4030 fieri
1211 3954 1430 4033 posset
1474 3953 1889 4033 punirentur,
1949 3972 2081 4014 non
2138 3958 2354 4014 tamen
2400 3970 2437 4011 a
2485 3972 2622 4033 per-

306 4049 484 4112 sonis
531 4050 817 4132 privatis,
896 4049 1017 4113 His
1066 4048 1274 4126 factiS,
1320 4047 1628 4111 Calixtini
1678 4068 1745 4110 se
1781 4068 1924 4110 cum
1964 4046 2310 4111 Catholicis
2358 4048 2626 4129 conjun-

307 4150 580 4222 xerunt,
636 4167 830 4230 seque
877 4141 1293 4230 Sigismundo
1342 4149 1414 4207 ut
1463 4143 1602 4227 regi
1660 4143 2092 4227 subjecerunt.
2186 4141 2346 4205 Cum
2392 4140 2625 4205 Catho-

2278 4243 2379 4298 22*
