3281 5014
1048 440 1131 496 De
1167 440 1330 494 Bulla
1374 439 1550 494 Unam
1585 439 1855 494 Sanctam..
2538 438 2607 489 53

471 583 574 646 57.
621 582 962 646 Caeterum
1010 581 1082 644 2⁰
1127 581 1521 646 Constitutio
1577 581 1826 645 duabus
1870 581 2071 644 vel-nti
2118 579 2408 662 partibus
2454 600 2606 642 con-

279 683 442 744 stat.
534 678 752 743 Prima
808 682 994 762 parte
1050 677 1444 756 declaratur,
1517 678 1770 742 unicam
1826 682 1890 742 et
1946 698 2140 740 unam
2197 697 2333 740 esse
2381 675 2605 740 Eccle-

281 777 455 839 siam
515 776 635 839 sub
692 797 825 840 uno
885 774 1093 858 capite
1154 773 1408 839 Christo
1467 777 1736 859 ejusque
1775 773 2033 838 Vicario
2091 773 2388 838 Romano
2434 772 2607 838 Pon-

278 873 484 937 tifice.
579 870 768 936 Unde
825 872 1260 956 consequitur,
1307 872 1497 937 sicuti
1555 873 1852 937 omnibus
1897 871 2329 936 necessarium
2376 875 2475 935 est
2525 870 2606 934 ad

288 968 642 1034 Ecclesiam
700 969 1047 1051 pertinere,
1114 969 1207 1032 ita
1260 969 1455 1033 etiam
1510 969 1944 1033 necessarium
1995 990 2158 1050 esse,
2235 967 2607 1033 auctoritati

280 1065 618 1149 spirituali
679 1066 905 1148 capitis
961 1063 1310 1143 Ecclesiae,
1373 1065 1649 1130 Romani
1696 1064 2061 1142 Pontificis,
2126 1086 2268 1129 sese
2336 1064 2606 1128 submit·

291 1168 451 1226 tere.
527 1197 602 1206 —
672 1161 745 1225 In
803 1163 1011 1226 altera
1062 1167 1250 1245 parte
1306 1161 1456 1243 („In
1509 1162 1630 1225 hac
1676 1161 2031 1239 Ecclesia“)
2089 1162 2333 1227 evolvit
2379 1160 2606 1225 Ponti·

280 1259 431 1334 fex,
476 1257 808 1341 speciatim
855 1259 1205 1341 principes,
1260 1259 1369 1343 qui
1417 1259 1844 1342 personaliter
1886 1257 1967 1322 ad
2013 1257 2365 1323 Ecclesiam
2410 1259 2605 1347 perti-

290 1360 455 1420 nent
501 1354 787 1438 adeoque
827 1356 1201 1419 auctoritati
1258 1355 1577 1439 spirituali
1624 1354 1902 1420 Romani
1950 1355 2281 1420 Pontificis
2331 1356 2606 1437 subjecti

278 1459 467 1527 sunt,
517 1453 711 1516 etiam
757 1452 967 1535 quoad
1014 1457 1399 1534 potestatem
1442 1475 1625 1516 suam
1671 1451 2053 1517 relationem
2082 1457 2322 1517 certam
2369 1451 2604 1517 habere

281 1548 370 1612 ad
422 1547 766 1612 Ecclesiam
827 1549 1094 1632 ejusque
1153 1550 1598 1615 auctoritatem
1656 1548 2085 1633 spiritualem,
2145 1549 2443 1613 videlicet
2493 1549 2603 1613 ad·

280 1667 427 1709 esse
474 1644 1068 1710 subordinationem
1112 1645 1451 1729 quamdam
1483 1647 1824 1728 potestatis
1870 1650 1938 1708 et
1979 1646 2383 1709 auctoritatis
2429 1648 2606 1728 prin·

280 1742 504 1825 cipum
573 1741 694 1805 sub
759 1742 1145 1806 auctoritate
1212 1742 1532 1825 spirituali
1602 1741 1940 1806 Ecclesiae.
2058 1740 2320 1822 Oportet
2385 1745 2601 1807 autem

282 1836 586 1920 yladium
642 1856 773 1901 esse
827 1835 944 1901 sab
992 1836 1243 1919 yladio,
1309 1841 1368 1902 et
1433 1836 1846 1919 temporalem
1898 1837 2352 1903 auctoritatem
2410 1838 2602 1922 spiri-

280 1933 463 1999 tuali
529 1932 767 2014 subjici
823 1932 1148 2016 potestati.
1255 1934 1491 2017 Quoad⁶
1545 1935 1703 1999 haec
1771 1957 1923 1998 vero
1993 1937 2323 2001 doctrinae
2389 1938 2603 2020 capita

282 2035 463 2094 certe
522 2030 706 2093 nulla
753 2030 1101 2094 difficultas
1153 2030 1355 2095 solida
1399 2039 1695 2115 apparet,
1751 2053 1825 2095 ac
1876 2032 2062 2097 facile
2112 2053 2333 2097 omnes
2378 2039 2600 2099 aucto·

287 2148 392 2191 res
437 2125 739 2191 catholici
784 2147 859 2189 ea
904 2126 981 2190 de
1026 2149 1096 2191 re
1142 2129 1488 2192 convenire
1534 2129 1908 2192 censuerim.

465 2239 589 2306 Sed
650 2241 742 2301 ·3⁰
812 2241 880 2304 in
949 2242 1401 2325 explanatione
1474 2243 1765 2306 ulteriori
1842 2243 2169 2308 doctrinae
2238 2245 2601 2328 propositae

278 2337 603 2420 quaedam
637 2342 983 2401 occurrunt
1027 2338 1407 2416 difficiliora,
1455 2339 1532 2402 de
1571 2362 1843 2423 quorum
1891 2362 2088 2404 sensu
2136 2342 2603 2425 aliquantisper

277 2433 650 2516 discrepare
712 2433 1016 2497 videntur
1077 2441 1367 2500 auctores
1427 2435 1741 2500 catholici.
1832 2435 1927 2500 Eo
1990 2437 2326 2521 pertinent
2380 2439 2601 2522 impri-

288 2531 408 2594 mis
470 2553 636 2614 quae
700 2532 777 2595 de
834 2532 1085 2639 gladiis
1136 2532 1383 2621 duobus
1445 2531 1817 2597 Bonifatius
1879 2534 2107 2598 asserit
2170 2535 2299 2598 illis
2366 2536 2602 2618 verbis:

285 2625 373 2690 In
437 2626 558 2690 hac
610 2615 903 2691 Ecclesia
962 2628 1226 2709 ejusque
1276 2632 1592 2710 potestate
1653 2629 1814 2694 duos
1877 2651 2009 2694 esse
2062 2630 2342 2712 9ladios,
2402 2631 2598 2713 spiri·

278 2721 531 2787 taaleni
589 2722 880 2788 videlicet
946 2730 1007 2788 et
1076 2725 1513 2808 temporalem,
1586 2725 2007 2809 Evanqelicis
2068 2726 2259 2791 dictis
2318 2727 2600 2793 instrui-

280 2840 455 2885 mur.
562 2820 736 2885 Nam
799 2821 1158 2887 dicentibus
1221 2823 1274 2887 A
1277 2822 1581 2905 postolis:
1647 2821 1813 2887 Ecce
1874 2823 2001 2888 dno
2056 2822 2269 2905 ,aladii
2323 2822 2455 2901 hic,
2525 2825 2598 2890 in

275 2913 581 2980 Ecclesia
648 2916 917 2996 scilicet,
986 2939 1132 2984 cum
1195 2919 1489 3001 Apostoli
1555 2918 1997 2999 loquerentur,
2068 2940 2199 2985 non
2266 2920 2601 3002 respondit

278 3010 619 3076 Dominus
662 3013 863 3078 nimis
907 3034 1067 3094 esse,
1123 3015 1233 3080 sed
1276 3015 1454 3081 satis.
1550 3014 1735 3081 Certe
1781 3017 1894 3097 qui
1939 3016 2013 3081 in
2048 3021 2372 3100 potestate
2413 3016 2599 3082 Petri

274 3218 479 3273 scribit
527 3222 812 3277 Boutaric:
872 3223 1007 3289 „Les
1059 3224 1294 3280 demeles
1342 3224 1408 3279 de
1457 3224 1920 3292 Philippe·le·Bel
1969 3240 2102 3279 avec
2151 3226 2203 3280 13
2252 3226 2599 3296 Saint-Siege

270 3305 478 3353 -eurent
525 3315 666 3367 pour
715 3302 951 3356 resultat
1004 3304 1070 3358 de
1120 3304 1366 3359 dessiner
1411 3309 1716 3359 nettement
1763 3305 1820 3359 la
1873 3306 2115 3373 position
2165 3306 2477 3373 respective
2533 3308 2598 3361 de

278 3377 522 3445 l’Eglise
559 3383 617 3433 et
652 3382 721 3433 du
759 3381 989 3449 pouvoir
1023 3383 1221 3451 lai'que,
1259 3388 1317 3438 et
1351 3383 1605 3438 d’etablir
1640 3399 1760 3452 que,
1809 3384 1855 3437 si
1894 3400 1999 3440 une
2035 3384 2348 3439 obeissance
2387 3386 2599 3441 entiere

280 3456 424 3511 etait
462 3458 567 3512 due
605 3475 674 3513 au
713 3476 851 3527 pape
887 3476 953 3515 en
992 3462 1220 3518 matiere
1265 3463 1331 3516 (13
1368 3461 1475 3525 foi,
1525 3463 1563 3515 il
1602 3462 1842 3530 n’avait,
1889 3479 2027 3531 pour
2072 3469 2197 3517 tout
2247 3479 2307 3517 ce
2346 3464 2433 3531 qui
2474 3480 2599 3518 con-

272 3549 445 3589 cerne
484 3536 536 3591 le
574 3541 856 3606 temporel,
894 3558 995 3609 que
1032 3541 1086 3596 le
1123 3541 1268 3596 droit
1304 3542 1370 3596 de
1407 3543 1619 3596 donner
1655 3543 1753 3596 des
1791 3542 1911 3596 avis
1951 3548 2009 3597 et
2046 3543 2143 3597 des
2182 3542 2434 3609 conseils,
2472 3559 2603 3597 aux-

272 3614 439 3679 quels
478 3614 520 3667 il
557 3617 698 3670 etait
733 3619 935 3685 permis
971 3621 1037 3675 de
1075 3637 1143 3676 ne
1182 3637 1283 3689 pas
1321 3637 1379 3675 se
1418 3620 1769 3675 soumettre.“
1845 3620 1907 3675 L.
1948 3638 1992 3676 c.
2030 3622 2197 3677 Livre
2235 3621 2329 3675 IV.
2369 3622 2597 3679 Conclu-

281 3691 406 3746 sion
450 3710 502 3760 p.
539 3698 662 3749 434.
736 3696 1012 3753 Videlicet
1059 3716 1122 3755 ea
1170 3700 1388 3756 ratione
1437 3701 1725 3768 Philippus
1763 3699 2001 3754 Pulcher
2044 3701 2421 3768 restringebat
2457 3703 2599 3757 Pon-

277 3770 447 3825 tificis
491 3779 844 3839 potestatem,
883 3779 977 3832 sed
1018 3780 1326 3833 Bonifatius
1351 3778 1505 3833 VIII.
1544 3779 1854 3833 vindicavit
1890 3779 2277 3835 auctoritatem
2316 3780 2599 3838 Ecclesiae

274 3849 338 3902 in
386 3851 662 3920 principes
709 3854 875 3909 etiam
924 3860 1099 3924 quoad
1145 3859 1389 3927 regimen
1437 3859 1568 3913 dam
1611 3862 1863 3928 aqeretur
1908 3859 1971 3914 de
2014 3864 2233 3927 peccato.
2320 3859 2402 3914 De
2439 3862 2597 3916 modo

270 3931 573 3984 exercendi
617 3933 757 3987 hanc
803 3936 1189 3991 auctoritatem
1235 3954 1332 4005 per
1368 3938 1579 4005 judicia
1625 3939 1692 3993 de
1729 3954 1916 3993 eorum
1953 3940 2120 4003 actis,
2165 3955 2265 4007 per
2302 3939 2596 3994 correctio-

276 4022 418 4075 nem,
457 4024 560 4075 per
594 4013 883 4080 mandata,
919 4031 1021 4083 per
1053 4032 1259 4083 poenas
1298 4018 1637 4086 spirituales
1655 4018 1746 4071 vel
1781 4018 2136 4085 temporaleS,
2184 4019 2240 4074 in
2278 4017 2595 4075 definitione

276 4051 539 4153 explicite
587 4090 729 4143 nihil
777 4057 1194 4161 dicitu13haec
1240 4101 1424 4152 tamen
1471 4098 1599 4166 jura
1649 4112 1714 4151 ex
1757 4103 2018 4152 contextu
2066 4097 2488 4153 Constitutionis
2539 4105 2594 4154 et

269 4179 348 4218 ex
385 4165 512 4219 aliis
550 4166 937 4227 Decretalibus
977 4173 1168 4242 colligi
1205 4183 1452 4243 possunt.

2660 2265 2776 2317 Quid
2804 2266 2889 2309 duo

2701 2327 2850 2379 gladii.
