3281 5014
1226 442 1442 498 Electio
1481 442 1687 497 Urbani
1713 443 1810 497 VI.
2568 446 2677 498 253

360 602 576 647 omnes
618 581 750 664 ipsi
799 580 1183 647 Cardinales
1226 587 1383 648 tunc
1427 583 1735 666 temporis
1777 582 2043 666 scriptis
2078 587 2140 648 et
2184 583 2377 649 dictis
2413 583 2680 670 publice

358 676 655 743 dicebant
709 676 1033 759 omnibus,
1104 678 1302 744 etiam
1360 700 1572 746 secum
1635 680 1711 744 de
1766 679 1908 763 ipso
1971 679 2229 746 Urbano
2286 681 2671 764 conferenti-

360 774 505 854 bus,
565 774 878 857 quoniam
917 773 1056 857 ipse
1115 774 1419 840 Urbanus
1462 780 1622 840 esset
1675 795 1869 841 verus
1914 774 2102 859 Papa
2148 780 2209 841 et
2264 776 2570 843 canonice
2613 782 2680 842 et

357 870 756 936 concorditer
798 891 925 953 per
975 870 1151 954 ipsos
1194 871 1459 937 electus:
1514 876 1575 936 et
1624 870 1780 938 haec
1836 877 1932 937 est
1974 871 2219 937 veritas
2230 920 2248 953 ,
2302 893 2419 938 nec
2452 873 2675 956 potuit

357 988 583 1034 revera
635 966 942 1051 neyari.¹)
1009 1004 1085 1015 —
1150 967 1223 1032 5⁰
1267 968 1365 1033 Ex
1423 970 1520 1034 his
1576 970 1874 1034 omnibus
1929 969 2361 1048 concluditur,
2425 970 2675 1035 electio·

360 1088 509 1130 nem
559 1065 806 1130 Urbani
842 1065 958 1132 VI.
1002 1066 1268 1131 omnino
1314 1066 1617 1141 validam,
1683 1066 2172 1151 legitimumque
2220 1067 2427 1150 ipsum
2477 1068 2677 1132 fuisse

358 1163 754 1228 Pontificem.
835 1161 972 1227 Nec
1019 1163 1193 1227 enim
1239 1162 1623 1228 desiderium
1675 1162 1832 1226 illud
1882 1162 2182 1226 inefficax
2231 1163 2481 1246 aliquot
2521 1162 2674 1228 Oar-

359 1260 693 1334 dinalium,
741 1264 816 1323 ut
861 1258 1178 1324 haberent
1227 1258 1463 1342 Papam
1513 1258 2033 1324 Lemovicensem
2080 1259 2184 1323 vel
2231 1258 2519 1340 Gallum,
2565 1259 2672 1323 ob-

358 1355 575 1421 stabat
607 1355 809 1420 valori
858 1355 1208 1429 electionis,
1259 1376 1377 1419 nec
1420 1354 1619 1420 animi
1667 1354 2009 1419 commotio
2054 1376 2132 1419 ex
2166 1354 2432 1438 aliquali
2483 1359 2674 1421 metu.

357 1452 595 1529 Quodsi
642 1473 791 1516 vero
842 1451 1143 1516 electioni
1191 1449 1442 1515 Urbani
1500 1452 1731 1535 aliquis
1788 1472 2025 1516 naevus
2071 1449 2493 1531 adhaesisset,
2549 1452 2676 1515 iste

358 1550 549 1632 plane
603 1550 860 1613 ablatus
914 1554 1085 1613 esset
1139 1569 1252 1631 per
1305 1548 1801 1631 subsequentem
1861 1546 2313 1611 adhaesionem
2368 1546 2676 1612 Cardina·

359 1645 515 1710 lium
556 1651 625 1710 et
669 1646 872 1711 totius
920 1645 1264 1711 Ecclesiae.

542 1797 639 1859 18.
686 1795 832 1860 Jam
880 1794 1355 1859 consideremus
1405 1816 1479 1858 ea
1524 1815 1689 1878 quae
1746 1793 2116 1859 acciderunt
2151 1798 2305 1887 post
2347 1792 2788 1876 inceptumnve
2791 1822 2894 1862 ntus
2909 1820 3016 1862 sub*

372 1890 622 1957 Urbani
665 1890 772 1955 VI.
825 1889 1315 1973 pontificatum,
1393 1890 1880 1974 schismatisque
1937 1891 2253 1976 originem
2312 1893 2393 1958 ob
2461 1893 2752 1957 oculoss
2754 1894 2862 1935 ‘'ueq
2839 1886 2976 1925 nm·

360 2012 691 2100 ponamuS.
741 2026 817 2034 -
870 1987 1175 2052 Urbanus
1218 1989 1358 2051 sine
1400 2009 1580 2051 mora
1625 1986 1707 2051 ad
1752 2009 1975 2052 omnes
2022 1989 2348 2072 episcopos
2392 1993 2458 2052 et
2499 1988 2676 2071 prin-

359 2087 527 2169 cipes
574 2086 956 2150 christianos
1003 2084 1256 2148 litteras
1315 2083 1490 2148 dedit
1538 2083 1617 2148 de
1674 2105 1793 2148 sua
1837 2085 2277 2168 assumptione
2324 2085 2404 2149 ad
2448 2083 2676 2149 Sedem

357 2184 820 2267 Apostolicam.
921 2181 1294 2246 Cardinales
1340 2202 1490 2245 vero
1537 2202 1731 2264 quam
1781 2181 2072 2264 plurimis
2130 2181 2376 2245 actibus
2431 2181 2681 2264 publice

360 2304 505 2345 eum
553 2280 838 2344 venerati
897 2282 1054 2342 sunt
1098 2281 1173 2340 ut
1218 2276 1491 2360 Papam,
1548 2277 1799 2342 litteras
1856 2279 2052 2342 etiam
2106 2280 2391 2362 privatas
2449 2270 2529 2342 ad
2571 2301 2679 2342 va·

358 2380 488 2443 rios
550 2377 868 2460 principes
927 2375 1003 2439 de
1065 2373 1373 2438 electione
1426 2371 1680 2437 Urbani
1740 2375 2168 2458 scripserunt,
2226 2378 2292 2438 et
2345 2373 2679 2458 speciatim

360 2475 556 2540 missa
605 2473 879 2558 epistola
936 2469 1384 2537 Cardinalibus
1442 2469 2009 2537 Avenionensibus
2066 2471 2443 2536 electionem
2502 2468 2681 2536 Pon-

358 2572 548 2637 tificis
600 2572 972 2636 solemniter
1028 2568 1520 2632 nuntiaverunt.
1629 2565 1966 2650 Luciferi,
2024 2568 2341 2646 scribunt,
2396 2566 2679 2633 nescien-

360 2667 446 2732 tis
501 2687 821 2745 occasum,
885 2668 960 2729 ut
1003 2661 1118 2746 pie
1172 2662 1524 2742 credimus,
1589 2663 1803 2728 radiis
1862 2663 2212 2744 illustrati,
2272 2663 2445 2729 circa
2495 2663 2679 2730 illam

358 2763 489 2830 diei
550 2762 805 2842 horam,
865 2780 996 2843 qua
1060 2758 1359 2842 Spiritus
1413 2758 1523 2823 ille
1578 2758 1958 2826 Paraclitus
2018 2760 2094 2826 in
2151 2765 2526 2826 sanctorum
2583 2759 2681 2825 di-

359 2859 758 2943 scipulorum
828 2857 1023 2923 corda
1090 2855 1441 2937 descendit,
1512 2855 1599 2921 ad
1657 2876 2009 2938 personam
2068 2856 2207 2922 Rdi
2272 2856 2346 2921 in
2414 2856 2680 2923 Christo

366 2956 592 3024 Patris
637 2953 886 3020 domini
928 2952 1424 3018 Bartholomaei
1468 2951 1938 3036 archiepiscopi
1983 2953 2325 3034 Barensis,
2372 2953 2504 3018 viri
2551 2951 2680 3017 uti·

361 3074 483 3137 que
543 3072 932 3134 maynorum
992 3049 1375 3115 meritorum
1440 3049 1739 3114 claritate
1801 3048 2161 3132 conspicui,
2240 3054 2300 3113 et
2364 3048 2679 3132 multipli-

362 3152 534 3217 cium
579 3150 903 3215 virtutum
958 3145 1252 3229 lampade
1302 3146 1718 3229 refnlyentiS,
1773 3144 1968 3211 libere
2025 3150 2085 3209 et
2130 3145 2541 3211 unanimiter
2584 3146 2682 3210 di-

360 3247 656 3313 reximus
710 3249 859 3310 vota
902 3246 1159 3321 nostra,
1217 3262 1361 3306 eum
1419 3242 1505 3306 ad
1561 3241 1968 3307 celsitudinis
2016 3242 2421 3325 Apostolicae
2462 3263 2681 3326 specu-

362 3345 493 3410 lam
537 3338 944 3425 evocantes.²)
1018 3341 1185 3404 Sane
1230 3341 1282 3402 si
1319 3361 1392 3402 eo
1424 3346 1713 3423 tempore
1746 3339 2249 3420 existimassent,
2302 3342 2681 3405 electionem

362 3442 615 3508 Urbani
659 3463 791 3504 non
827 3461 960 3504 esse
1006 3436 1383 3529 legitimam,
1429 3436 1699 3520 indigna
1748 3436 1980 3501 fuisset
2028 3437 2351 3501 comoedia
2387 3459 2526 3500 eam
2575 3437 2684 3500 ad-

361 3539 637 3604 scribere
680 3536 1094 3619 inspirationi
1149 3531 1430 3616 Spiritus
1477 3533 1706 3615 sancti,
1752 3541 1818 3597 et
1863 3538 1998 3597 tam
2050 3535 2386 3617 magnifice
2434 3533 2510 3597 de
2561 3532 2684 3596 Ur-

362 3636 533 3699 bano
580 3634 776 3717 loqui.
855 3630 1231 3696 Cardinales
1278 3629 1772 3694 Avenionenses
1818 3630 2061 3712 pariter
2100 3630 2432 3694 Urbanum
2482 3650 2681 3713 agno·

360 3736 617 3796 verunt.
711 3730 1135 3815 Episcopatus
1194 3730 1260 3791 et
1317 3726 1472 3790 alias
1536 3727 1779 3811 gratias
1839 3725 2211 3792 Cardiuales
2273 3728 2353 3791 ab
2413 3725 2684 3791 Urbano

362 3828 791 3911 accipiebant,
850 3847 1096 3891 sacram
1156 3823 1602 3888 eucharistiam
1659 3846 1735 3887 ex
1792 3825 1930 3907 ejus
1978 3847 2176 3888 manu
2222 3823 2684 3908 suscipiebant,

362 3930 429 3989 et
475 3925 543 3988 in
587 3923 980 3989 solemnibus
1027 3922 1210 3985 festis
1258 3941 1336 3982 ex
1384 3942 1560 3984 more
1609 3920 1668 3984 ei
1719 3920 2195 3985 ministrabant.

548 4097 589 4163 ¹)
625 4097 708 4151 De
741 4095 971 4149 Schism.
1008 4095 1068 4148 L.
1107 4096 1151 4148 I.
1192 4112 1236 4149 c.
1276 4098 1323 4149 3.

541 4175 586 4242 2)
623 4176 892 4243 Raynald.
932 4191 983 4229 a.
1023 4176 1175 4227 1378.
1216 4192 1267 4228 n.
1310 4177 1391 4228 19.
