<?xml version="1.0" encoding="UTF-8"?>
<!DOCTYPE html PUBLIC "-//W3C//DTD XHTML 1.0 Transitional//EN"
    "http://www.w3.org/TR/xhtml1/DTD/xhtml1-transitional.dtd">
<html xmlns="http://www.w3.org/1999/xhtml" xml:lang="en" lang="en">
 <head>
  <title>
</title>
<meta http-equiv="Content-Type" content="text/html;charset=utf-8" />
  <meta name='ocr-system' content='tesseract 3.04.00' />
  <meta name='ocr-capabilities' content='ocr_page ocr_carea ocr_par ocr_line ocrx_word'/>
</head>
<body>
  <div class='ocr_page' id='page_1' title='image "./dissertationess05junggoog_0358.png"; bbox 0 0 3281 5014; ppageno 0'>
   <div class='ocr_carea' id='block_1_1' title="bbox 676 399 2706 470">
    <p class='ocr_par' dir='ltr' id='par_1_1' title="bbox 676 399 2706 470">
     <span class='ocr_line' id='line_1_1' title="bbox 676 399 2706 470; baseline 0.001 -17"><span class='ocrx_word' id='word_1_1' title='bbox 676 403 780 454; x_wconf 82' lang='lat'><strong>352</strong></span> <span class='ocrx_word' id='word_1_2' title='bbox 944 400 1166 454; x_wconf 90' lang='lat' dir='ltr'>XXXV.</span> <span class='ocrx_word' id='word_1_3' title='bbox 1204 401 1285 454; x_wconf 91' lang='lat' dir='ltr'><strong>De</strong></span> <span class='ocrx_word' id='word_1_4' title='bbox 1325 399 1527 454; x_wconf 89' lang='lat' dir='ltr'><strong>Concil.</strong></span> <span class='ocrx_word' id='word_1_5' title='bbox 1564 400 1875 455; x_wconf 89' lang='lat' dir='ltr'><strong>Basileensi</strong></span> <span class='ocrx_word' id='word_1_6' title='bbox 1914 417 1977 455; x_wconf 91' lang='lat' dir='ltr'><strong>ac</strong></span> <span class='ocrx_word' id='word_1_7' title='bbox 2017 402 2084 456; x_wconf 88' lang='lat' dir='ltr'><strong>de</strong></span> <span class='ocrx_word' id='word_1_8' title='bbox 2120 402 2334 470; x_wconf 82' lang='lat' dir='ltr'><strong>Synodo</strong></span> <span class='ocrx_word' id='word_1_9' title='bbox 2372 402 2706 456; x_wconf 82' lang='lat' dir='ltr'><strong>Florentina.</strong></span> 
     </span>
    </p>
   </div>
   <div class='ocr_carea' id='block_1_2' title="bbox 675 541 2996 1687">
    <p class='ocr_par' dir='ltr' id='par_1_2' title="bbox 675 541 2996 1687">
     <span class='ocr_line' id='line_1_2' title="bbox 676 541 2992 627; baseline 0 -20"><span class='ocrx_word' id='word_1_10' title='bbox 676 544 909 607; x_wconf 88' lang='lat' dir='ltr'><strong>stituta</strong></span> <span class='ocrx_word' id='word_1_11' title='bbox 964 541 1315 609; x_wconf 85' lang='lat' dir='ltr'><strong>videbatur.</strong></span> <span class='ocrx_word' id='word_1_12' title='bbox 1432 541 1691 606; x_wconf 87' lang='lat' dir='ltr'><strong>Miserat</strong></span> <span class='ocrx_word' id='word_1_13' title='bbox 1754 549 1966 607; x_wconf 86' lang='lat' dir='ltr'><strong>autem</strong></span> <span class='ocrx_word' id='word_1_14' title='bbox 2025 542 2334 608; x_wconf 81' lang='lat' dir='ltr'><strong>Pontifex</strong></span> <span class='ocrx_word' id='word_1_15' title='bbox 2397 548 2676 626; x_wconf 87' lang='lat' dir='ltr'><strong>quatuor</strong></span> <span class='ocrx_word' id='word_1_16' title='bbox 2726 544 2992 627; x_wconf 79' lang='lat' dir='ltr'><strong>legat08‚</strong></span> 
     </span>
     <span class='ocr_line' id='line_1_3' title="bbox 679 637 2992 723; baseline 0.001 -22"><span class='ocrx_word' id='word_1_17' title='bbox 679 640 787 722; x_wconf 90' lang='lat' dir='ltr'><strong>qui</strong></span> <span class='ocrx_word' id='word_1_18' title='bbox 862 660 992 702; x_wconf 91' lang='lat' dir='ltr'><strong>una</strong></span> <span class='ocrx_word' id='word_1_19' title='bbox 1056 659 1197 702; x_wconf 89' lang='lat' dir='ltr'><strong>cum</strong></span> <span class='ocrx_word' id='word_1_20' title='bbox 1270 637 1595 703; x_wconf 89' lang='lat' dir='ltr'><strong>Cardinali</strong></span> <span class='ocrx_word' id='word_1_21' title='bbox 1662 638 1924 703; x_wconf 84' lang='lat' dir='ltr'><strong>Juliano</strong></span> <span class='ocrx_word' id='word_1_22' title='bbox 1997 638 2282 703; x_wconf 77' lang='lat' dir='ltr'>Concilio</span> <span class='ocrx_word' id='word_1_23' title='bbox 2345 640 2799 723; x_wconf 80' lang='lat' dir='ltr'><strong>praesiderent.</strong></span> <span class='ocrx_word' id='word_1_24' title='bbox 2903 639 2992 703; x_wconf 92' lang='lat' dir='ltr'><strong>Hi</strong></span> 
     </span>
     <span class='ocr_line' id='line_1_4' title="bbox 678 734 2993 820; baseline 0 -21"><span class='ocrx_word' id='word_1_25' title='bbox 678 737 743 799; x_wconf 90' lang='lat' dir='ltr'><strong>iu</strong></span> <span class='ocrx_word' id='word_1_26' title='bbox 790 736 1291 819; x_wconf 81' lang='lat' dir='ltr'><strong>congregatione</strong></span> <span class='ocrx_word' id='word_1_27' title='bbox 1338 735 1630 818; x_wconf 89' lang='lat' dir='ltr'><strong>generali</strong></span> <span class='ocrx_word' id='word_1_28' title='bbox 1667 734 1874 799; x_wconf 84' lang='lat' dir='ltr'><strong>adacti</strong></span> <span class='ocrx_word' id='word_1_29' title='bbox 1924 740 2095 812; x_wconf 89' lang='lat' dir='ltr'><strong>sunt,</strong></span> <span class='ocrx_word' id='word_1_30' title='bbox 2145 740 2220 798; x_wconf 89' lang='lat' dir='ltr'><strong>ut</strong></span> <span class='ocrx_word' id='word_1_31' title='bbox 2258 735 2677 820; x_wconf 85' lang='lat' dir='ltr'><strong>jurejurando</strong></span> <span class='ocrx_word' id='word_1_32' title='bbox 2727 737 2993 819; x_wconf 85' lang='lat' dir='ltr'><strong>promit-</strong></span> 
     </span>
     <span class='ocr_line' id='line_1_5' title="bbox 677 830 2992 916; baseline 0.001 -22"><span class='ocrx_word' id='word_1_33' title='bbox 677 835 907 895; x_wconf 45' lang='lat' dir='ltr'><strong>terent*</strong></span> <span class='ocrx_word' id='word_1_34' title='bbox 953 832 1127 895; x_wconf 91' lang='lat' dir='ltr'><strong>inter</strong></span> <span class='ocrx_word' id='word_1_35' title='bbox 1188 833 1345 907; x_wconf 89' lang='lat' dir='ltr'><strong>alia,</strong></span> <span class='ocrx_word' id='word_1_36' title='bbox 1411 853 1480 895; x_wconf 91' lang='lat' dir='ltr'><strong>se</strong></span> <span class='ocrx_word' id='word_1_37' title='bbox 1526 831 1884 896; x_wconf 79' lang='lat' dir='ltr'><strong>Concilium</strong></span> <span class='ocrx_word' id='word_1_38' title='bbox 1947 837 2013 895; x_wconf 92' lang='lat' dir='ltr'><strong>et</strong></span> <span class='ocrx_word' id='word_1_39' title='bbox 2071 833 2208 916; x_wconf 84' lang='lat' dir='ltr'><strong>ejus</strong></span> <span class='ocrx_word' id='word_1_40' title='bbox 2272 830 2528 896; x_wconf 89' lang='lat' dir='ltr'><strong>decreta</strong></span> <span class='ocrx_word' id='word_1_41' title='bbox 2580 833 2747 896; x_wconf 91' lang='lat' dir='ltr'><strong>velle</strong></span> <span class='ocrx_word' id='word_1_42' title='bbox 2804 834 2992 906; x_wconf 84' lang='lat' dir='ltr'><strong>tueri,</strong></span> 
     </span>
     <span class='ocr_line' id='line_1_6' title="bbox 678 926 2992 1012; baseline 0.001 -22"><span class='ocrx_word' id='word_1_43' title='bbox 678 934 744 991; x_wconf 89' lang='lat' dir='ltr'><strong>et</strong></span> <span class='ocrx_word' id='word_1_44' title='bbox 790 926 1049 991; x_wconf 88' lang='lat' dir='ltr'><strong>Basilea</strong></span> <span class='ocrx_word' id='word_1_45' title='bbox 1096 928 1264 992; x_wconf 89' lang='lat' dir='ltr'><strong>haud</strong></span> <span class='ocrx_word' id='word_1_46' title='bbox 1311 928 1694 992; x_wconf 86' lang='lat' dir='ltr'><strong>discessuros</strong></span> <span class='ocrx_word' id='word_1_47' title='bbox 1752 949 1886 992; x_wconf 90' lang='lat' dir='ltr'><strong>esse</strong></span> <span class='ocrx_word' id='word_1_48' title='bbox 1944 928 2084 992; x_wconf 89' lang='lat' dir='ltr'><strong>sine</strong></span> <span class='ocrx_word' id='word_1_49' title='bbox 2141 950 2455 992; x_wconf 90' lang='lat' dir='ltr'><strong>consensu</strong></span> <span class='ocrx_word' id='word_1_50' title='bbox 2506 928 2807 1004; x_wconf 80' lang='lat' dir='ltr'><strong>Concilii3</strong></span> <span class='ocrx_word' id='word_1_51' title='bbox 2861 931 2992 1012; x_wconf 86' lang='lat' dir='ltr'><strong>pri·</strong></span> 
     </span>
     <span class='ocr_line' id='line_1_7' title="bbox 678 1023 2996 1110; baseline 0.001 -23"><span class='ocrx_word' id='word_1_52' title='bbox 678 1029 827 1088; x_wconf 86' lang='lat' dir='ltr'><strong>vato</strong></span> <span class='ocrx_word' id='word_1_53' title='bbox 877 1030 1091 1088; x_wconf 86' lang='lat' dir='ltr'><strong>tamen</strong></span> <span class='ocrx_word' id='word_1_54' title='bbox 1141 1025 1404 1088; x_wconf 89' lang='lat' dir='ltr'><strong>nomine</strong></span> <span class='ocrx_word' id='word_1_55' title='bbox 1457 1023 1522 1086; x_wconf 92' lang='lat' dir='ltr'><strong>id</strong></span> <span class='ocrx_word' id='word_1_56' title='bbox 1568 1024 1836 1106; x_wconf 83' lang='lat' dir='ltr'><strong>polliciti</strong></span> <span class='ocrx_word' id='word_1_57' title='bbox 1894 1034 2077 1102; x_wconf 88' lang='lat' dir='ltr'><strong>sunt,</strong></span> <span class='ocrx_word' id='word_1_58' title='bbox 2132 1047 2261 1089; x_wconf 89' lang='lat' dir='ltr'><strong>non</strong></span> <span class='ocrx_word' id='word_1_59' title='bbox 2311 1046 2462 1090; x_wconf 94' lang='lat' dir='ltr'><strong>vero</strong></span> <span class='ocrx_word' id='word_1_60' title='bbox 2518 1031 2592 1089; x_wconf 89' lang='lat' dir='ltr'><strong>ut</strong></span> <span class='ocrx_word' id='word_1_61' title='bbox 2639 1026 2859 1110; x_wconf 89' lang='lat' dir='ltr'><strong>legati.</strong></span> <span class='ocrx_word' id='word_1_62' title='bbox 2907 1062 2996 1070; x_wconf 89' lang='lat'><strong>-—</strong></span> 
     </span>
     <span class='ocr_line' id='line_1_8' title="bbox 680 1118 2993 1205; baseline 0 -22"><span class='ocrx_word' id='word_1_63' title='bbox 680 1118 978 1185; x_wconf 86' lang='lat' dir='ltr'><strong>Sessione</strong></span> <span class='ocrx_word' id='word_1_64' title='bbox 1037 1121 1279 1185; x_wconf 91' lang='lat' dir='ltr'><strong>decima</strong></span> <span class='ocrx_word' id='word_1_65' title='bbox 1338 1120 1639 1203; x_wconf 85' lang='lat' dir='ltr'><strong>septima,</strong></span> <span class='ocrx_word' id='word_1_66' title='bbox 1697 1119 1918 1185; x_wconf 90' lang='lat' dir='ltr'><strong>habita</strong></span> <span class='ocrx_word' id='word_1_67' title='bbox 1981 1120 2080 1184; x_wconf 89' lang='lat' dir='ltr'><strong>die</strong></span> <span class='ocrx_word' id='word_1_68' title='bbox 2136 1119 2250 1183; x_wconf 83' lang='lat'><strong>26⁰</strong></span> <span class='ocrx_word' id='word_1_69' title='bbox 2294 1120 2568 1205; x_wconf 84' lang='lat' dir='ltr'><strong>Aprilis,</strong></span> <span class='ocrx_word' id='word_1_70' title='bbox 2623 1143 2993 1185; x_wconf 89' lang='lat' dir='ltr'><strong>concessum</strong></span> 
     </span>
     <span class='ocr_line' id='line_1_9' title="bbox 676 1215 2993 1301; baseline -0 -19"><span class='ocrx_word' id='word_1_71' title='bbox 676 1224 777 1282; x_wconf 90' lang='lat' dir='ltr'><strong>est</strong></span> <span class='ocrx_word' id='word_1_72' title='bbox 826 1218 1054 1301; x_wconf 89' lang='lat' dir='ltr'><strong>legatis</strong></span> <span class='ocrx_word' id='word_1_73' title='bbox 1103 1215 1465 1298; x_wconf 73' lang='lat' dir='ltr'><strong>pontificis,</strong></span> <span class='ocrx_word' id='word_1_74' title='bbox 1522 1221 1593 1280; x_wconf 93' lang='lat' dir='ltr'><strong>ut</strong></span> <span class='ocrx_word' id='word_1_75' title='bbox 1647 1239 1775 1280; x_wconf 89' lang='lat' dir='ltr'><strong>una</strong></span> <span class='ocrx_word' id='word_1_76' title='bbox 1833 1239 1975 1280; x_wconf 90' lang='lat' dir='ltr'><strong>cum</strong></span> <span class='ocrx_word' id='word_1_77' title='bbox 2024 1216 2346 1281; x_wconf 87' lang='lat' dir='ltr'><strong>Cardinali</strong></span> <span class='ocrx_word' id='word_1_78' title='bbox 2395 1217 2659 1283; x_wconf 88' lang='lat' dir='ltr'><strong>Juliano</strong></span> <span class='ocrx_word' id='word_1_79' title='bbox 2707 1217 2993 1282; x_wconf 89' lang='lat' dir='ltr'><strong>Concilio</strong></span> 
     </span>
     <span class='ocr_line' id='line_1_10' title="bbox 678 1313 2994 1397; baseline -0 -20"><span class='ocrx_word' id='word_1_80' title='bbox 678 1314 1141 1397; x_wconf 83' lang='lat' dir='ltr'><strong>praesiderent,</strong></span> <span class='ocrx_word' id='word_1_81' title='bbox 1208 1313 1320 1377; x_wconf 91' lang='lat' dir='ltr'><strong>sed</strong></span> <span class='ocrx_word' id='word_1_82' title='bbox 1380 1315 1517 1377; x_wconf 88' lang='lat' dir='ltr'><strong>sine</strong></span> <span class='ocrx_word' id='word_1_83' title='bbox 1569 1313 2024 1395; x_wconf 85' lang='lat' dir='ltr'><strong>jurisdictione</strong></span> <span class='ocrx_word' id='word_1_84' title='bbox 2081 1315 2391 1392; x_wconf 84' lang='lat' dir='ltr'><strong>coactiva,</strong></span> <span class='ocrx_word' id='word_1_85' title='bbox 2449 1314 2543 1377; x_wconf 90' lang='lat' dir='ltr'><strong>ita</strong></span> <span class='ocrx_word' id='word_1_86' title='bbox 2601 1314 2861 1397; x_wconf 87' lang='lat' dir='ltr'><strong>quidem</strong></span> <span class='ocrx_word' id='word_1_87' title='bbox 2917 1318 2994 1384; x_wconf 87' lang='lat' dir='ltr'><strong>ut</strong></span> 
     </span>
     <span class='ocr_line' id='line_1_11' title="bbox 675 1409 2994 1495; baseline -0.001 -19"><span class='ocrx_word' id='word_1_88' title='bbox 675 1410 830 1476; x_wconf 87' lang='lat' dir='ltr'><strong>ordo</strong></span> <span class='ocrx_word' id='word_1_89' title='bbox 888 1416 954 1473; x_wconf 85' lang='lat' dir='ltr'><strong>et</strong></span> <span class='ocrx_word' id='word_1_90' title='bbox 1010 1410 1233 1475; x_wconf 89' lang='lat' dir='ltr'><strong>modus</strong></span> <span class='ocrx_word' id='word_1_91' title='bbox 1293 1410 1557 1494; x_wconf 88' lang='lat' dir='ltr'><strong>agendi,</strong></span> <span class='ocrx_word' id='word_1_92' title='bbox 1619 1410 1928 1493; x_wconf 85' lang='lat' dir='ltr'><strong>suffragia</strong></span> <span class='ocrx_word' id='word_1_93' title='bbox 1985 1409 2176 1473; x_wconf 90' lang='lat' dir='ltr'><strong>dandi</strong></span> <span class='ocrx_word' id='word_1_94' title='bbox 2233 1415 2299 1473; x_wconf 91' lang='lat' dir='ltr'><strong>et</strong></span> <span class='ocrx_word' id='word_1_95' title='bbox 2344 1410 2600 1474; x_wconf 80' lang='lat' dir='ltr'><strong>decreta</strong></span> <span class='ocrx_word' id='word_1_96' title='bbox 2656 1409 2994 1495; x_wconf 81' lang='lat' dir='ltr'><strong>condendi,</strong></span> 
     </span>
     <span class='ocr_line' id='line_1_12' title="bbox 676 1505 2995 1590; baseline -0 -20"><span class='ocrx_word' id='word_1_97' title='bbox 676 1506 989 1572; x_wconf 87' lang='lat' dir='ltr'><strong>hactenus</strong></span> <span class='ocrx_word' id='word_1_98' title='bbox 1035 1507 1294 1582; x_wconf 89' lang='lat' dir='ltr'><strong>servati,</strong></span> <span class='ocrx_word' id='word_1_99' title='bbox 1342 1513 1909 1584; x_wconf 83' lang='lat' dir='ltr'><strong>conservarentur,</strong></span> <span class='ocrx_word' id='word_1_100' title='bbox 1959 1512 2023 1569; x_wconf 87' lang='lat' dir='ltr'><strong>et</strong></span> <span class='ocrx_word' id='word_1_101' title='bbox 2070 1505 2325 1571; x_wconf 85' lang='lat' dir='ltr'><strong>decreta</strong></span> <span class='ocrx_word' id='word_1_102' title='bbox 2369 1506 2621 1590; x_wconf 88' lang='lat' dir='ltr'><strong>aliaque</strong></span> <span class='ocrx_word' id='word_1_103' title='bbox 2668 1507 2995 1570; x_wconf 87' lang='lat' dir='ltr'><strong>ferrentur</strong></span> 
     </span>
     <span class='ocr_line' id='line_1_13' title="bbox 678 1603 1804 1687; baseline 0 -20"><span class='ocrx_word' id='word_1_104' title='bbox 678 1604 940 1668; x_wconf 90' lang='lat' dir='ltr'><strong>nomine</strong></span> <span class='ocrx_word' id='word_1_105' title='bbox 988 1608 1053 1666; x_wconf 87' lang='lat' dir='ltr'><strong>et</strong></span> <span class='ocrx_word' id='word_1_106' title='bbox 1095 1605 1212 1667; x_wconf 90' lang='lat' dir='ltr'><strong>sub</strong></span> <span class='ocrx_word' id='word_1_107' title='bbox 1259 1603 1470 1687; x_wconf 91' lang='lat' dir='ltr'><strong>sigillo</strong></span> <span class='ocrx_word' id='word_1_108' title='bbox 1518 1603 1804 1667; x_wconf 86' lang='lat' dir='ltr'><strong>Concilii.</strong></span> 
     </span>
    </p>
   </div>
   <div class='ocr_carea' id='block_1_3' title="bbox 382 1749 3000 3674">
    <p class='ocr_par' dir='ltr' id='par_1_3' title="bbox 382 1749 3000 3674">
     <span class='ocr_line' id='line_1_14' title="bbox 382 1749 2995 1835; baseline -0.001 -20"><span class='ocrx_word' id='word_1_109' title='bbox 382 1757 614 1829; x_wconf 63' lang='lat' dir='ltr'><strong>Sessioness</strong></span> <span class='ocrx_word' id='word_1_110' title='bbox 857 1752 959 1818; x_wconf 83' lang='lat'><strong>18.</strong></span> <span class='ocrx_word' id='word_1_111' title='bbox 1030 1751 1106 1815; x_wconf 93' lang='lat' dir='ltr'><strong>In</strong></span> <span class='ocrx_word' id='word_1_112' title='bbox 1169 1751 1593 1835; x_wconf 89' lang='lat' dir='ltr'><strong>sequentibus</strong></span> <span class='ocrx_word' id='word_1_113' title='bbox 1657 1751 2049 1816; x_wconf 88' lang='lat' dir='ltr'><strong>sessionibus</strong></span> <span class='ocrx_word' id='word_1_114' title='bbox 2114 1752 2468 1815; x_wconf 87' lang='lat' dir='ltr'><strong>constituta</strong></span> <span class='ocrx_word' id='word_1_115' title='bbox 2524 1749 2779 1833; x_wconf 89' lang='lat' dir='ltr'><strong>quidem</strong></span> <span class='ocrx_word' id='word_1_116' title='bbox 2840 1754 2995 1813; x_wconf 87' lang='lat' dir='ltr'><strong>sunt</strong></span> 
     </span>
     <span class='ocr_line' id='line_1_15' title="bbox 415 1831 2994 1934; baseline -0.002 -19"><span class='ocrx_word' id='word_1_117' title='bbox 415 1831 576 1862; x_wconf 75' lang='lat' dir='ltr'><strong>vanae.</strong></span> <span class='ocrx_word' id='word_1_118' title='bbox 678 1849 988 1934; x_wconf 88' lang='lat' dir='ltr'><strong>quaedam</strong></span> <span class='ocrx_word' id='word_1_119' title='bbox 1054 1849 1242 1912; x_wconf 85' lang='lat' dir='ltr'><strong>utilia</strong></span> <span class='ocrx_word' id='word_1_120' title='bbox 1308 1870 1422 1931; x_wconf 88' lang='lat' dir='ltr'><strong>pro</strong></span> <span class='ocrx_word' id='word_1_121' title='bbox 1492 1847 1952 1912; x_wconf 84' lang='lat' dir='ltr'><strong>reformatione</strong></span> <span class='ocrx_word' id='word_1_122' title='bbox 2020 1847 2205 1925; x_wconf 92' lang='lat' dir='ltr'><strong>cleri,</strong></span> <span class='ocrx_word' id='word_1_123' title='bbox 2277 1851 2618 1931; x_wconf 88' lang='lat' dir='ltr'><strong>actumque</strong></span> <span class='ocrx_word' id='word_1_124' title='bbox 2688 1853 2783 1910; x_wconf 90' lang='lat' dir='ltr'><strong>est-</strong></span> <span class='ocrx_word' id='word_1_125' title='bbox 2848 1867 2994 1910; x_wconf 91' lang='lat' dir='ltr'><strong>cum</strong></span> 
     </span>
     <span class='ocr_line' id='line_1_16' title="bbox 682 1943 2998 2029; baseline -0.002 -19"><span class='ocrx_word' id='word_1_126' title='bbox 682 1946 941 2011; x_wconf 86' lang='lat' dir='ltr'><strong>Graecis</strong></span> <span class='ocrx_word' id='word_1_127' title='bbox 1010 1946 1087 2008; x_wconf 88' lang='lat' dir='ltr'><strong>de</strong></span> <span class='ocrx_word' id='word_1_128' title='bbox 1160 1944 1648 2009; x_wconf 87' lang='lat' dir='ltr'><strong>determinanda</strong></span> <span class='ocrx_word' id='word_1_129' title='bbox 1717 1945 1980 2029; x_wconf 88' lang='lat' dir='ltr'><strong>civitate</strong></span> <span class='ocrx_word' id='word_1_130' title='bbox 2048 1965 2164 2028; x_wconf 92' lang='lat' dir='ltr'><strong>pro</strong></span> <span class='ocrx_word' id='word_1_131' title='bbox 2227 1943 2522 2007; x_wconf 89' lang='lat' dir='ltr'><strong>habenda</strong></span> <span class='ocrx_word' id='word_1_132' title='bbox 2587 1943 2844 2026; x_wconf 85' lang='lat' dir='ltr'><strong>Synodo</strong></span> <span class='ocrx_word' id='word_1_133' title='bbox 2916 1943 2998 2008; x_wconf 89' lang='lat' dir='ltr'><strong>ad</strong></span> 
     </span>
     <span class='ocr_line' id='line_1_17' title="bbox 680 2039 2998 2124; baseline -0.001 -18"><span class='ocrx_word' id='word_1_134' title='bbox 680 2043 983 2106; x_wconf 90' lang='lat' dir='ltr'><strong>unionem</strong></span> <span class='ocrx_word' id='word_1_135' title='bbox 1042 2042 1461 2105; x_wconf 87' lang='lat' dir='ltr'><strong>efficiendam.</strong></span> <span class='ocrx_word' id='word_1_136' title='bbox 1567 2041 1690 2104; x_wconf 80' lang='lat' dir='ltr'><strong>Sed</strong></span> <span class='ocrx_word' id='word_1_137' title='bbox 1751 2041 2112 2124; x_wconf 84' lang='lat' dir='ltr'><strong>generatim</strong></span> <span class='ocrx_word' id='word_1_138' title='bbox 2172 2039 2573 2105; x_wconf 91' lang='lat' dir='ltr'><strong>Basileenses</strong></span> <span class='ocrx_word' id='word_1_139' title='bbox 2627 2046 2771 2123; x_wconf 91' lang='lat' dir='ltr'><strong>post</strong></span> <span class='ocrx_word' id='word_1_140' title='bbox 2829 2039 2998 2105; x_wconf 92' lang='lat' dir='ltr'><strong>Con-</strong></span> 
     </span>
     <span class='ocr_line' id='line_1_18' title="bbox 675 2137 2999 2221; baseline -0.001 -19"><span class='ocrx_word' id='word_1_141' title='bbox 675 2139 1080 2203; x_wconf 88' lang='lat' dir='ltr'><strong>stitutionem</strong></span> <span class='ocrx_word' id='word_1_142' title='bbox 1131 2137 1405 2221; x_wconf 86' lang='lat' dir='ltr'><strong>Eugenii</strong></span> <span class='ocrx_word' id='word_1_143' title='bbox 1454 2137 1531 2201; x_wconf 89' lang='lat' dir='ltr'><strong>de</strong></span> <span class='ocrx_word' id='word_1_144' title='bbox 1575 2137 2066 2201; x_wconf 87' lang='lat' dir='ltr'><strong>continuatione</strong></span> <span class='ocrx_word' id='word_1_145' title='bbox 2109 2137 2398 2213; x_wconf 90' lang='lat' dir='ltr'><strong>Concilii,</strong></span> <span class='ocrx_word' id='word_1_146' title='bbox 2446 2138 2831 2202; x_wconf 85' lang='lat' dir='ltr'><strong>auctoritate</strong></span> <span class='ocrx_word' id='word_1_147' title='bbox 2879 2159 2999 2200; x_wconf 90' lang='lat' dir='ltr'><strong>sua</strong></span> 
     </span>
     <span class='ocr_line' id='line_1_19' title="bbox 676 2233 2996 2316; baseline -0.001 -18"><span class='ocrx_word' id='word_1_148' title='bbox 676 2235 917 2312; x_wconf 87' lang='lat' dir='ltr'><strong>inflati,</strong></span> <span class='ocrx_word' id='word_1_149' title='bbox 979 2235 1226 2298; x_wconf 90' lang='lat' dir='ltr'><strong>nullam</strong></span> <span class='ocrx_word' id='word_1_150' title='bbox 1273 2233 1652 2298; x_wconf 90' lang='lat' dir='ltr'><strong>Pontificem</strong></span> <span class='ocrx_word' id='word_1_151' title='bbox 1710 2233 2102 2316; x_wconf 89' lang='lat' dir='ltr'><strong>deprimendi</strong></span> <span class='ocrx_word' id='word_1_152' title='bbox 2156 2240 2220 2297; x_wconf 91' lang='lat' dir='ltr'><strong>et</strong></span> <span class='ocrx_word' id='word_1_153' title='bbox 2276 2234 2548 2297; x_wconf 80' lang='lat' dir='ltr'><strong>vexandi</strong></span> <span class='ocrx_word' id='word_1_154' title='bbox 2595 2235 2996 2298; x_wconf 89' lang='lat' dir='ltr'><strong>occasionem</strong></span> 
     </span>
     <span class='ocr_line' id='line_1_20' title="bbox 679 2329 2998 2415; baseline -0.002 -19"><span class='ocrx_word' id='word_1_155' title='bbox 679 2332 1275 2415; x_wconf 88' lang='lat' dir='ltr'><strong>praetermiserunt.</strong></span> <span class='ocrx_word' id='word_1_156' title='bbox 1365 2330 1439 2394; x_wconf 90' lang='lat' dir='ltr'><strong>In</strong></span> <span class='ocrx_word' id='word_1_157' title='bbox 1499 2332 1782 2394; x_wconf 85' lang='lat' dir='ltr'><strong>sessione</strong></span> <span class='ocrx_word' id='word_1_158' title='bbox 1829 2329 2074 2394; x_wconf 88' lang='lat' dir='ltr'><strong>decima</strong></span> <span class='ocrx_word' id='word_1_159' title='bbox 2121 2335 2375 2407; x_wconf 88' lang='lat' dir='ltr'><strong>octava,</strong></span> <span class='ocrx_word' id='word_1_160' title='bbox 2435 2332 2514 2395; x_wconf 88' lang='lat' dir='ltr'><strong>ad</strong></span> <span class='ocrx_word' id='word_1_161' title='bbox 2562 2352 2750 2413; x_wconf 87' lang='lat' dir='ltr'><strong>quam</strong></span> <span class='ocrx_word' id='word_1_162' title='bbox 2797 2330 2998 2414; x_wconf 89' lang='lat' dir='ltr'><strong>legati</strong></span> 
     </span>
     <span class='ocr_line' id='line_1_21' title="bbox 685 2426 2997 2504; baseline -0.002 -10"><span class='ocrx_word' id='word_1_163' title='bbox 685 2429 1013 2494; x_wconf 89' lang='lat' dir='ltr'><strong>Pontificis</strong></span> <span class='ocrx_word' id='word_1_164' title='bbox 1077 2450 1209 2493; x_wconf 92' lang='lat' dir='ltr'><strong>non</strong></span> <span class='ocrx_word' id='word_1_165' title='bbox 1275 2430 1707 2504; x_wconf 84' lang='lat' dir='ltr'><strong>accesserunt,</strong></span> <span class='ocrx_word' id='word_1_166' title='bbox 1771 2426 2004 2490; x_wconf 89' lang='lat' dir='ltr'><strong>iterum</strong></span> <span class='ocrx_word' id='word_1_167' title='bbox 2072 2431 2470 2490; x_wconf 88' lang='lat' dir='ltr'><strong>renovarunt</strong></span> <span class='ocrx_word' id='word_1_168' title='bbox 2532 2431 2596 2489; x_wconf 92' lang='lat' dir='ltr'><strong>et</strong></span> <span class='ocrx_word' id='word_1_169' title='bbox 2658 2427 2997 2490; x_wconf 91' lang='lat' dir='ltr'><strong>confirma-</strong></span> 
     </span>
     <span class='ocr_line' id='line_1_22' title="bbox 677 2523 3000 2608; baseline -0.002 -17"><span class='ocrx_word' id='word_1_170' title='bbox 677 2532 832 2591; x_wconf 88' lang='lat' dir='ltr'><strong>runt</strong></span> <span class='ocrx_word' id='word_1_171' title='bbox 904 2527 1146 2591; x_wconf 87' lang='lat' dir='ltr'><strong>famosa</strong></span> <span class='ocrx_word' id='word_1_172' title='bbox 1223 2524 1823 2590; x_wconf 81' lang='lat' dir='ltr'><strong>Constantiensium</strong></span> <span class='ocrx_word' id='word_1_173' title='bbox 1907 2525 2178 2588; x_wconf 89' lang='lat' dir='ltr'><strong>decreta.</strong></span> <span class='ocrx_word' id='word_1_174' title='bbox 2311 2523 2610 2588; x_wconf 83' lang='lat' dir='ltr'><strong>Sessione</strong></span> <span class='ocrx_word' id='word_1_175' title='bbox 2683 2524 3000 2608; x_wconf 87' lang='lat' dir='ltr'><strong>vigesima</strong></span> 
     </span>
     <span class='ocr_line' id='line_1_23' title="bbox 677 2613 2999 2707; baseline -0.002 -20"><span class='ocrx_word' id='word_1_176' title='bbox 677 2613 912 2707; x_wconf 88' lang='lat' dir='ltr'><strong>prima,</strong></span> <span class='ocrx_word' id='word_1_177' title='bbox 972 2623 1098 2703; x_wconf 89' lang='lat' dir='ltr'><strong>(die</strong></span> <span class='ocrx_word' id='word_1_178' title='bbox 1153 2621 1226 2686; x_wconf 86' lang='lat'><strong>9⁰</strong></span> <span class='ocrx_word' id='word_1_179' title='bbox 1275 2622 1458 2686; x_wconf 86' lang='lat' dir='ltr'><strong>Junii</strong></span> <span class='ocrx_word' id='word_1_180' title='bbox 1516 2645 1572 2688; x_wconf 89' lang='lat' dir='ltr'><strong>a.</strong></span> <span class='ocrx_word' id='word_1_181' title='bbox 1634 2621 1867 2703; x_wconf 85' lang='lat'><strong>1434),</strong></span> <span class='ocrx_word' id='word_1_182' title='bbox 1927 2620 2288 2703; x_wconf 87' lang='lat' dir='ltr'><strong>prohibitae</strong></span> <span class='ocrx_word' id='word_1_183' title='bbox 2349 2624 2505 2684; x_wconf 90' lang='lat' dir='ltr'><strong>sunt</strong></span> <span class='ocrx_word' id='word_1_184' title='bbox 2562 2626 2872 2703; x_wconf 81' lang='lat' dir='ltr'><strong>annatae3</strong></span> <span class='ocrx_word' id='word_1_185' title='bbox 2931 2624 2999 2684; x_wconf 87' lang='lat' dir='ltr'><strong>et</strong></span> 
     </span>
     <span class='ocr_line' id='line_1_24' title="bbox 678 2714 2998 2801; baseline -0.001 -19"><span class='ocrx_word' id='word_1_186' title='bbox 678 2722 956 2784; x_wconf 90' lang='lat' dir='ltr'><strong>sessione</strong></span> <span class='ocrx_word' id='word_1_187' title='bbox 1015 2720 1322 2801; x_wconf 89' lang='lat' dir='ltr'><strong>vigesima</strong></span> <span class='ocrx_word' id='word_1_188' title='bbox 1380 2718 1604 2800; x_wconf 87' lang='lat' dir='ltr'><strong>tertia,</strong></span> <span class='ocrx_word' id='word_1_189' title='bbox 1666 2717 1796 2801; x_wconf 84' lang='lat' dir='ltr'><strong>(die</strong></span> <span class='ocrx_word' id='word_1_190' title='bbox 1858 2714 1972 2780; x_wconf 82' lang='lat'><strong>25⁰</strong></span> <span class='ocrx_word' id='word_1_191' title='bbox 2019 2716 2237 2781; x_wconf 87' lang='lat' dir='ltr'><strong>Martii</strong></span> <span class='ocrx_word' id='word_1_192' title='bbox 2293 2740 2350 2784; x_wconf 88' lang='lat' dir='ltr'><strong>a.</strong></span> <span class='ocrx_word' id='word_1_193' title='bbox 2414 2718 2640 2799; x_wconf 88' lang='lat'><strong>1436),</strong></span> <span class='ocrx_word' id='word_1_194' title='bbox 2705 2718 2801 2781; x_wconf 92' lang='lat' dir='ltr'><strong>cui</strong></span> <span class='ocrx_word' id='word_1_195' title='bbox 2854 2721 2998 2780; x_wconf 87' lang='lat' dir='ltr'><strong>tan·</strong></span> 
     </span>
     <span class='ocr_line' id='line_1_25' title="bbox 677 2813 3000 2898; baseline -0.001 -19"><span class='ocrx_word' id='word_1_196' title='bbox 677 2821 816 2879; x_wconf 91' lang='lat' dir='ltr'><strong>tum</strong></span> <span class='ocrx_word' id='word_1_197' title='bbox 866 2816 1137 2880; x_wconf 88' lang='lat' dir='ltr'><strong>aderant</strong></span> <span class='ocrx_word' id='word_1_198' title='bbox 1185 2815 1459 2898; x_wconf 89' lang='lat' dir='ltr'><strong>episcopi</strong></span> <span class='ocrx_word' id='word_1_199' title='bbox 1509 2814 1724 2879; x_wconf 89' lang='lat' dir='ltr'><strong>decem</strong></span> <span class='ocrx_word' id='word_1_200' title='bbox 1774 2819 1838 2878; x_wconf 93' lang='lat' dir='ltr'><strong>et</strong></span> <span class='ocrx_word' id='word_1_201' title='bbox 1883 2813 2150 2877; x_wconf 85' lang='lat' dir='ltr'><strong>abbates</strong></span> <span class='ocrx_word' id='word_1_202' title='bbox 2199 2814 2525 2891; x_wconf 88' lang='lat' dir='ltr'><strong>tredecim,</strong></span> <span class='ocrx_word' id='word_1_203' title='bbox 2581 2814 2837 2878; x_wconf 85' lang='lat' dir='ltr'><strong>condita</strong></span> <span class='ocrx_word' id='word_1_204' title='bbox 2882 2818 3000 2877; x_wconf 91' lang='lat' dir='ltr'><strong>aut</strong></span> 
     </span>
     <span class='ocr_line' id='line_1_26' title="bbox 678 2909 2996 2977; baseline -0.001 0"><span class='ocrx_word' id='word_1_205' title='bbox 678 2919 989 2977; x_wconf 87' lang='lat' dir='ltr'><strong>renovata</strong></span> <span class='ocrx_word' id='word_1_206' title='bbox 1044 2917 1196 2976; x_wconf 88' lang='lat' dir='ltr'><strong>sunt</strong></span> <span class='ocrx_word' id='word_1_207' title='bbox 1239 2911 1492 2975; x_wconf 89' lang='lat' dir='ltr'><strong>decreta</strong></span> <span class='ocrx_word' id='word_1_208' title='bbox 1549 2912 1626 2976; x_wconf 90' lang='lat' dir='ltr'><strong>de</strong></span> <span class='ocrx_word' id='word_1_209' title='bbox 1687 2912 1997 2976; x_wconf 88' lang='lat' dir='ltr'><strong>electione</strong></span> <span class='ocrx_word' id='word_1_210' title='bbox 2046 2909 2397 2975; x_wconf 77' lang='lat' dir='ltr'><strong>pontificis.</strong></span> <span class='ocrx_word' id='word_1_211' title='bbox 2490 2910 2735 2975; x_wconf 85' lang='lat' dir='ltr'><strong>Contra</strong></span> <span class='ocrx_word' id='word_1_212' title='bbox 2780 2910 2996 2974; x_wconf 89' lang='lat' dir='ltr'><strong>decre-</strong></span> 
     </span>
     <span class='ocr_line' id='line_1_27' title="bbox 678 3007 2999 3076; baseline -0.002 -1"><span class='ocrx_word' id='word_1_213' title='bbox 678 3016 816 3076; x_wconf 91' lang='lat' dir='ltr'><strong>tum</strong></span> <span class='ocrx_word' id='word_1_214' title='bbox 875 3009 953 3073; x_wconf 89' lang='lat' dir='ltr'><strong>de</strong></span> <span class='ocrx_word' id='word_1_215' title='bbox 1012 3008 1271 3072; x_wconf 87' lang='lat' dir='ltr'><strong>annatis</strong></span> <span class='ocrx_word' id='word_1_216' title='bbox 1331 3014 1397 3072; x_wconf 95' lang='lat' dir='ltr'><strong>et</strong></span> <span class='ocrx_word' id='word_1_217' title='bbox 1453 3014 1680 3072; x_wconf 89' lang='lat' dir='ltr'><strong>contra</strong></span> <span class='ocrx_word' id='word_1_218' title='bbox 1737 3008 1864 3072; x_wconf 88' lang='lat' dir='ltr'><strong>alia</strong></span> <span class='ocrx_word' id='word_1_219' title='bbox 1924 3008 1999 3070; x_wconf 91' lang='lat' dir='ltr'><strong>de</strong></span> <span class='ocrx_word' id='word_1_220' title='bbox 2058 3008 2476 3072; x_wconf 88' lang='lat' dir='ltr'><strong>electionibus</strong></span> <span class='ocrx_word' id='word_1_221' title='bbox 2535 3013 2599 3070; x_wconf 91' lang='lat' dir='ltr'><strong>et</strong></span> <span class='ocrx_word' id='word_1_222' title='bbox 2657 3007 2999 3071; x_wconf 90' lang='lat' dir='ltr'><strong>confirma-</strong></span> 
     </span>
     <span class='ocr_line' id='line_1_28' title="bbox 678 3103 3000 3189; baseline -0.002 -19"><span class='ocrx_word' id='word_1_223' title='bbox 678 3107 993 3184; x_wconf 78' lang='lat' dir='ltr'><strong>tionibuS,</strong></span> <span class='ocrx_word' id='word_1_224' title='bbox 1073 3110 1382 3189; x_wconf 88' lang='lat' dir='ltr'><strong>tanquam</strong></span> <span class='ocrx_word' id='word_1_225' title='bbox 1453 3104 1860 3189; x_wconf 88' lang='lat' dir='ltr'><strong>Apostolicae</strong></span> <span class='ocrx_word' id='word_1_226' title='bbox 1929 3103 2078 3168; x_wconf 83' lang='lat' dir='ltr'><strong>Sedi</strong></span> <span class='ocrx_word' id='word_1_227' title='bbox 2148 3106 2486 3189; x_wconf 83' lang='lat' dir='ltr'><strong>injuriosa,</strong></span> <span class='ocrx_word' id='word_1_228' title='bbox 2564 3105 3000 3168; x_wconf 87' lang='lat' dir='ltr'><strong>reclamarunt</strong></span> 
     </span>
     <span class='ocr_line' id='line_1_29' title="bbox 685 3200 3000 3287; baseline -0.003 -18"><span class='ocrx_word' id='word_1_229' title='bbox 685 3203 1017 3269; x_wconf 89' lang='lat' dir='ltr'><strong>Pontificis</strong></span> <span class='ocrx_word' id='word_1_230' title='bbox 1063 3203 1295 3287; x_wconf 86' lang='lat' dir='ltr'><strong>legati,</strong></span> <span class='ocrx_word' id='word_1_231' title='bbox 1353 3201 1463 3266; x_wconf 89' lang='lat' dir='ltr'><strong>sed</strong></span> <span class='ocrx_word' id='word_1_232' title='bbox 1510 3202 1776 3267; x_wconf 87' lang='lat' dir='ltr'><strong>frustra.</strong></span> <span class='ocrx_word' id='word_1_233' title='bbox 1871 3201 2043 3265; x_wconf 93' lang='lat' dir='ltr'><strong>Dum</strong></span> <span class='ocrx_word' id='word_1_234' title='bbox 2090 3223 2240 3265; x_wconf 91' lang='lat' dir='ltr'><strong>vero</strong></span> <span class='ocrx_word' id='word_1_235' title='bbox 2286 3200 2689 3266; x_wconf 89' lang='lat' dir='ltr'><strong>Basileenses</strong></span> <span class='ocrx_word' id='word_1_236' title='bbox 2735 3202 3000 3265; x_wconf 88' lang='lat' dir='ltr'><strong>annatis</strong></span> 
     </span>
     <span class='ocr_line' id='line_1_30' title="bbox 681 3298 2998 3382; baseline -0.002 -19"><span class='ocrx_word' id='word_1_237' title='bbox 681 3300 1042 3364; x_wconf 82' lang='lat' dir='ltr'><strong>Romanum</strong></span> <span class='ocrx_word' id='word_1_238' title='bbox 1103 3298 1485 3364; x_wconf 90' lang='lat' dir='ltr'><strong>Pontificem</strong></span> <span class='ocrx_word' id='word_1_239' title='bbox 1549 3299 1920 3382; x_wconf 87' lang='lat' dir='ltr'><strong>privabant,</strong></span> <span class='ocrx_word' id='word_1_240' title='bbox 1977 3298 2175 3361; x_wconf 88' lang='lat' dir='ltr'><strong>variis</strong></span> <span class='ocrx_word' id='word_1_241' title='bbox 2237 3298 2546 3382; x_wconf 90' lang='lat' dir='ltr'><strong>episcopis</strong></span> <span class='ocrx_word' id='word_1_242' title='bbox 2606 3319 2712 3362; x_wconf 89' lang='lat' dir='ltr'><strong>eas</strong></span> <span class='ocrx_word' id='word_1_243' title='bbox 2772 3318 2998 3362; x_wconf 89' lang='lat' dir='ltr'><strong>conce·</strong></span> 
     </span>
     <span class='ocr_line' id='line_1_31' title="bbox 680 3393 2999 3480; baseline -0.001 -20"><span class='ocrx_word' id='word_1_244' title='bbox 680 3397 947 3474; x_wconf 87' lang='lat' dir='ltr'><strong>debant,</strong></span> <span class='ocrx_word' id='word_1_245' title='bbox 1005 3398 1099 3461; x_wconf 90' lang='lat' dir='ltr'><strong>ita</strong></span> <span class='ocrx_word' id='word_1_246' title='bbox 1146 3397 1404 3480; x_wconf 89' lang='lat' dir='ltr'><strong>quidem</strong></span> <span class='ocrx_word' id='word_1_247' title='bbox 1451 3399 1528 3460; x_wconf 90' lang='lat' dir='ltr'><strong>ut</strong></span> <span class='ocrx_word' id='word_1_248' title='bbox 1572 3395 1969 3461; x_wconf 86' lang='lat' dir='ltr'><strong>Theodorico</strong></span> <span class='ocrx_word' id='word_1_249' title='bbox 2022 3395 2312 3477; x_wconf 92' lang='lat' dir='ltr'><strong>episcopo</strong></span> <span class='ocrx_word' id='word_1_250' title='bbox 2357 3393 2747 3480; x_wconf 90' lang='lat' dir='ltr'><strong>Moguntino</strong></span> <span class='ocrx_word' id='word_1_251' title='bbox 2803 3395 2999 3457; x_wconf 90' lang='lat' dir='ltr'><strong>etiam</strong></span> 
     </span>
     <span class='ocr_line' id='line_1_32' title="bbox 682 3488 2999 3577; baseline -0 -21"><span class='ocrx_word' id='word_1_252' title='bbox 682 3493 990 3557; x_wconf 87' lang='lat' dir='ltr'><strong>biannata</strong></span> <span class='ocrx_word' id='word_1_253' title='bbox 1050 3494 1373 3575; x_wconf 86' lang='lat' dir='ltr'><strong>postulare</strong></span> <span class='ocrx_word' id='word_1_254' title='bbox 1428 3493 1897 3577; x_wconf 88' lang='lat' dir='ltr'><strong>permitterent.</strong></span> <span class='ocrx_word' id='word_1_255' title='bbox 1911 3488 1957 3575; x_wconf 87' lang='lat'><strong>¹)</strong></span> <span class='ocrx_word' id='word_1_256' title='bbox 2058 3492 2154 3555; x_wconf 89' lang='lat' dir='ltr'><strong>Ac</strong></span> <span class='ocrx_word' id='word_1_257' title='bbox 2199 3492 2555 3575; x_wconf 87' lang='lat' dir='ltr'><strong>generatim</strong></span> <span class='ocrx_word' id='word_1_258' title='bbox 2601 3491 2999 3555; x_wconf 88' lang='lat' dir='ltr'><strong>reformatio·</strong></span> 
     </span>
     <span class='ocr_line' id='line_1_33' title="bbox 684 3586 2997 3674; baseline -0.001 -21"><span class='ocrx_word' id='word_1_259' title='bbox 684 3590 782 3653; x_wconf 91' lang='lat' dir='ltr'><strong>nis</strong></span> <span class='ocrx_word' id='word_1_260' title='bbox 846 3612 1005 3674; x_wconf 91' lang='lat' dir='ltr'><strong>opus</strong></span> <span class='ocrx_word' id='word_1_261' title='bbox 1068 3590 1342 3653; x_wconf 86' lang='lat' dir='ltr'><strong>maxime</strong></span> <span class='ocrx_word' id='word_1_262' title='bbox 1408 3591 1476 3653; x_wconf 90' lang='lat' dir='ltr'><strong>in</strong></span> <span class='ocrx_word' id='word_1_263' title='bbox 1542 3587 1857 3672; x_wconf 89' lang='lat' dir='ltr'><strong>ejusmodi</strong></span> <span class='ocrx_word' id='word_1_264' title='bbox 1920 3586 2100 3651; x_wconf 83' lang='lat' dir='ltr'><strong>Sedis</strong></span> <span class='ocrx_word' id='word_1_265' title='bbox 2163 3587 2573 3671; x_wconf 90' lang='lat' dir='ltr'><strong>Apostolicae</strong></span> <span class='ocrx_word' id='word_1_266' title='bbox 2635 3586 2997 3670; x_wconf 91' lang='lat' dir='ltr'><strong>privatione</strong></span> 
     </span>
    </p>
   </div>
   <div class='ocr_carea' id='block_1_4' title="bbox 683 3739 1101 3746">
    <p class='ocr_par' dir='ltr' id='par_1_4' title="bbox 683 3739 1101 3746">
     <span class='ocr_line' id='line_1_34' title="bbox 683 3739 1101 3746; baseline 0 1268"><span class='ocrx_word' id='word_1_267' title='bbox 683 3739 1101 3746; x_wconf 95' lang='lat' dir='ltr'><strong> </strong></span> 
     </span>
    </p>
   </div>
   <div class='ocr_carea' id='block_1_5' title="bbox 680 3812 2999 4198">
    <p class='ocr_par' dir='ltr' id='par_1_5' title="bbox 680 3812 2999 4198">
     <span class='ocr_line' id='line_1_35' title="bbox 861 3812 2997 3882; baseline 0 -17"><span class='ocrx_word' id='word_1_268' title='bbox 861 3813 904 3880; x_wconf 88' lang='lat'><strong>¹)</strong></span> <span class='ocrx_word' id='word_1_269' title='bbox 949 3813 1122 3882; x_wconf 84' lang='lat' dir='ltr'><strong>„Mira</strong></span> <span class='ocrx_word' id='word_1_270' title='bbox 1159 3815 1272 3867; x_wconf 88' lang='lat' dir='ltr'><strong>res!</strong></span> <span class='ocrx_word' id='word_1_271' title='bbox 1312 3814 1506 3869; x_wconf 86' lang='lat' dir='ltr'><strong>scribit</strong></span> <span class='ocrx_word' id='word_1_272' title='bbox 1545 3814 1760 3869; x_wconf 87' lang='lat' dir='ltr'><strong>Aeneas</strong></span> <span class='ocrx_word' id='word_1_273' title='bbox 1799 3813 2034 3881; x_wconf 80' lang='lat' dir='ltr'><strong>SylviuS,</strong></span> <span class='ocrx_word' id='word_1_274' title='bbox 2074 3813 2215 3881; x_wconf 87' lang='lat' dir='ltr'><strong>quod</strong></span> <span class='ocrx_word' id='word_1_275' title='bbox 2252 3819 2439 3881; x_wconf 88' lang='lat' dir='ltr'><strong>patres</strong></span> <span class='ocrx_word' id='word_1_276' title='bbox 2476 3814 2660 3880; x_wconf 87' lang='lat' dir='ltr'><strong>Papae</strong></span> <span class='ocrx_word' id='word_1_277' title='bbox 2698 3812 2997 3881; x_wconf 86' lang='lat' dir='ltr'><strong>negabant,</strong></span> 
     </span>
     <span class='ocr_line' id='line_1_36' title="bbox 681 3891 2999 3962; baseline -0.001 -15"><span class='ocrx_word' id='word_1_278' title='bbox 681 3892 1053 3961; x_wconf 85' lang='lat' dir='ltr'><strong>singularibus</strong></span> <span class='ocrx_word' id='word_1_279' title='bbox 1093 3892 1358 3962; x_wconf 88' lang='lat' dir='ltr'><strong>episcopis</strong></span> <span class='ocrx_word' id='word_1_280' title='bbox 1398 3894 1788 3948; x_wconf 87' lang='lat' dir='ltr'><strong>concedebant.</strong></span> <span class='ocrx_word' id='word_1_281' title='bbox 1863 3893 2207 3948; x_wconf 86' lang='lat' dir='ltr'><strong>Theodorico</strong></span> <span class='ocrx_word' id='word_1_282' title='bbox 2256 3908 2486 3960; x_wconf 90' lang='lat' dir='ltr'><strong>namque</strong></span> <span class='ocrx_word' id='word_1_283' title='bbox 2523 3891 2848 3960; x_wconf 85' lang='lat' dir='ltr'><strong>Moguntino</strong></span> <span class='ocrx_word' id='word_1_284' title='bbox 2886 3907 2999 3945; x_wconf 91' lang='lat' dir='ltr'><strong>non</strong></span> 
     </span>
     <span class='ocr_line' id='line_1_37' title="bbox 684 3970 2996 4041; baseline -0.001 -16"><span class='ocrx_word' id='word_1_285' title='bbox 684 3972 856 4025; x_wconf 89' lang='lat' dir='ltr'><strong>solum</strong></span> <span class='ocrx_word' id='word_1_286' title='bbox 893 3979 1125 4025; x_wconf 84' lang='lat' dir='ltr'><strong>annatas</strong></span> <span class='ocrx_word' id='word_1_287' title='bbox 1153 3972 1392 4041; x_wconf 85' lang='lat' dir='ltr'><strong>exigere,</strong></span> <span class='ocrx_word' id='word_1_288' title='bbox 1433 3974 1530 4026; x_wconf 86' lang='lat' dir='ltr'><strong>sed</strong></span> <span class='ocrx_word' id='word_1_289' title='bbox 1562 3972 1855 4026; x_wconf 86' lang='lat' dir='ltr'><strong>biannatas</strong></span> <span class='ocrx_word' id='word_1_290' title='bbox 1894 3971 2301 4026; x_wconf 85' lang='lat' dir='ltr'><strong>indulserunt.“</strong></span> <span class='ocrx_word' id='word_1_291' title='bbox 2361 3973 2579 4027; x_wconf 88' lang='lat' dir='ltr'><strong>Aeneae</strong></span> <span class='ocrx_word' id='word_1_292' title='bbox 2611 3970 2784 4038; x_wconf 83' lang='lat' dir='ltr'><strong>Sylvii</strong></span> <span class='ocrx_word' id='word_1_293' title='bbox 2826 3970 2996 4038; x_wconf 87' lang='lat' dir='ltr'><strong>episc.</strong></span> 
     </span>
     <span class='ocr_line' id='line_1_38' title="bbox 681 4049 2999 4119; baseline -0.001 -15"><span class='ocrx_word' id='word_1_294' title='bbox 681 4050 1004 4119; x_wconf 86' lang='lat' dir='ltr'><strong>Tergestini</strong></span> <span class='ocrx_word' id='word_1_295' title='bbox 1051 4052 1117 4105; x_wconf 86' lang='lat' dir='ltr'><strong>de</strong></span> <span class='ocrx_word' id='word_1_296' title='bbox 1163 4053 1323 4105; x_wconf 88' lang='lat' dir='ltr'><strong>rebus</strong></span> <span class='ocrx_word' id='word_1_297' title='bbox 1361 4052 1617 4106; x_wconf 90' lang='lat' dir='ltr'><strong>Basileae</strong></span> <span class='ocrx_word' id='word_1_298' title='bbox 1666 4051 1844 4119; x_wconf 89' lang='lat' dir='ltr'><strong>gestis</strong></span> <span class='ocrx_word' id='word_1_299' title='bbox 1895 4055 2078 4105; x_wconf 86' lang='lat' dir='ltr'><strong>stante</strong></span> <span class='ocrx_word' id='word_1_300' title='bbox 2114 4051 2208 4105; x_wconf 90' lang='lat' dir='ltr'><strong>vel</strong></span> <span class='ocrx_word' id='word_1_301' title='bbox 2254 4050 2521 4105; x_wconf 89' lang='lat' dir='ltr'><strong>dissoluto</strong></span> <span class='ocrx_word' id='word_1_302' title='bbox 2559 4049 2803 4103; x_wconf 88' lang='lat' dir='ltr'><strong>Concilio</strong></span> <span class='ocrx_word' id='word_1_303' title='bbox 2852 4066 2999 4103; x_wconf 91' lang='lat' dir='ltr'><strong>com-</strong></span> 
     </span>
     <span class='ocr_line' id='line_1_39' title="bbox 680 4129 1968 4198; baseline -0.001 -15"><span class='ocrx_word' id='word_1_304' title='bbox 680 4129 997 4195; x_wconf 88' lang='lat' dir='ltr'><strong>mentarius,</strong></span> <span class='ocrx_word' id='word_1_305' title='bbox 1035 4147 1085 4198; x_wconf 88' lang='lat' dir='ltr'><strong>p.</strong></span> <span class='ocrx_word' id='word_1_306' title='bbox 1125 4134 1208 4186; x_wconf 82' lang='grc'><strong>62.</strong></span> <span class='ocrx_word' id='word_1_307' title='bbox 1281 4132 1384 4186; x_wconf 88' lang='lat' dir='ltr'><strong>Ed.</strong></span> <span class='ocrx_word' id='word_1_308' title='bbox 1422 4131 1535 4185; x_wconf 89' lang='lat' dir='ltr'><strong>Fea</strong></span> <span class='ocrx_word' id='word_1_309' title='bbox 1573 4129 1778 4184; x_wconf 89' lang='lat' dir='ltr'><strong>Romae</strong></span> <span class='ocrx_word' id='word_1_310' title='bbox 1820 4132 1968 4183; x_wconf 82' lang='lat'><strong>1823.</strong></span> 
     </span>
    </p>
   </div>
  </div>
 </body>
</html>
