3281 5014
623 442 728 493 236
1123 438 1383 492 ΧΧΧῙΠ.
1420 438 1504 491 De
1540 454 1741 507 magno
1781 437 2092 492 Occidentis
2135 439 2445 494 schismate.

624 580 736 665 qui
780 579 1073 664 legitimo
1111 579 1550 644 adhaerebant
1598 578 1928 656 Pontifici,
1977 582 2279 665 (eumque
2329 580 2521 645 fuisse
2568 580 2747 644 illum
2794 601 2942 663 pro-

624 677 921 741 babimus
976 677 1085 761 qui
1143 676 1270 739 fuit
1324 677 1395 740 in
1451 676 1849 740 successione
1893 674 2244 757 Romana);
2307 678 2538 761 reliqui
2594 698 2744 741 vero
2789 680 2934 741 tan-

622 779 763 839 tum
811 773 1127 838 materiali
1174 794 1387 837 errore
1434 772 1509 837 de
1555 794 1830 855 persona
1870 772 2349 839 detinebantur.
2442 772 2778 838 Unitatem
2824 772 2937 837 ab·

619 870 894 935 solutam
952 891 1066 953 per
1115 870 1373 934 unicum
1420 867 1630 952 Caput
1684 870 1749 933 in
1809 868 2093 935 Ecclesia
2151 869 2371 935 adesse
2426 868 2657 934 debere
2713 890 2943 933 omnes

619 967 965 1044 tenebant,
1030 965 1141 1047 qui
1205 965 1322 1029 uni
1376 966 1478 1028 vel
1538 964 1725 1029 alteri
1791 965 1869 1029 de
1940 967 2321 1049 pontificatu
2386 966 2944 1042 contendentium,

618 1086 807 1149 quem
858 1064 968 1147 jus
1029 1061 1425 1144 probabilius
1485 1061 1722 1126 habere
1770 1062 2185 1146 judicabant,
2249 1063 2664 1137 obediebant;
2724 1067 2791 1126 et
2840 1062 2943 1127 ita

619 1162 834 1225 animo
897 1162 1087 1223 erant
1140 1159 1526 1241 comparati,
1585 1165 1658 1223 ut
1705 1180 1814 1223 eos
1864 1160 1972 1243 qui
2027 1161 2092 1225 in
2153 1161 2280 1225 alia
2324 1166 2514 1225 erant
2569 1158 2943 1225 obedientia

620 1278 751 1322 non
813 1260 885 1319 ut
937 1253 1372 1319 schismaticos
1430 1260 1544 1320 aut
1598 1255 1680 1319 ab
1739 1254 1997 1320 unitate
2052 1256 2370 1323 Ecclesiae
2415 1257 2760 1341 praecisos,
2823 1256 2936 1321 sed

619 1357 694 1417 ut
739 1352 974 1417 fratres
1033 1355 1098 1415 et
1157 1354 1230 1415 ut
1285 1373 1435 1416 vera
1481 1351 1804 1417 Ecclesiae
1863 1355 2145 1418 membra
2199 1353 2544 1429 haberent,
2603 1359 2796 1437 atque
2853 1359 2932 1423 ad

618 1448 1019 1514 concordiam
1066 1447 1531 1513 restituendam
1583 1452 1963 1519 tendebant.
2053 1450 2226 1516 Hinc
2283 1450 2632 1515 sufficienti
2677 1449 2938 1514 vinculo

617 1545 886 1611 unitatis
934 1544 1128 1609 etiam
1173 1565 1247 1609 eo
1291 1548 1576 1629 tempore
1626 1546 2079 1632 ligabantur))

329 1692 557 1767 ‚9³9⁸0m5
750 1679 857 1752 Ι2.
920 1675 1236 1759 Tempore
1304 1676 1559 1760 quidem
1628 1679 1803 1745 illius
1868 1680 2190 1748 scissionis
2256 1679 2602 1763 paulatim,
2667 1681 2940 1760 propter

304 1755 439 1795 ¹³¹⁰¹²¹⁸
465 1758 592 1799 mm·
620 1775 798 1840 varia
861 1774 1198 1857 adjuncta,
1264 1772 1505 1837 factum
1557 1779 1683 1855 est,
1748 1783 1822 1842 ut
1880 1778 2063 1843 valde
2121 1776 2378 1841 difficile
2430 1778 2597 1840 esset
2654 1774 2760 1854 iis,
2821 1773 2938 1857 qui

621 1871 978 1938 schismatis
1049 1868 1365 1953 originem
1433 1891 1566 1936 non
1648 1880 2041 1958 perspectam
2119 1873 2475 1949 habebant,
2549 1870 2937 1946 discernere,

621 1969 762 2053 quis
822 1990 896 2032 ex
955 1964 1482 2049 competitoribus
1536 1968 1864 2053 legitimus
1921 1977 2088 2036 esset
2143 1968 2479 2046 PontifeX,
2546 1989 2618 2031 ac
2672 1966 2934 2050 plurimi

620 2066 791 2129 bona
836 2063 960 2127 fide
1007 2063 1120 2126 uni
1169 2059 1620 2129 adhaeserunt
1647 2066 1749 2130 vel
1794 2067 1999 2131 alteri.
2092 2066 2250 2131 Inde
2295 2070 2515 2129 tamen
2559 2062 2731 2127 haud
2776 2084 2935 2127 con·-

618 2161 1002 2227 cludendum
1078 2164 1205 2233 est,
1283 2158 1402 2222 hac
1475 2159 1545 2225 in
1613 2164 1997 2246 quaestione
2065 2163 2144 2226 ad
2220 2161 2669 2227 certitudinem
2734 2160 2932 2224 etiam-

618 2280 792 2325 nunc
850 2255 1171 2341 perveniri
1230 2276 1362 2319 non
1418 2276 1623 2338 posse.
1675 2259 1678 2262 ’
1732 2257 1939 2335 Quum
2004 2260 2174 2324 enim
2237 2261 2495 2323 exstent
2548 2256 2938 2321 documenta

616 2356 874 2422 illorum
920 2359 1300 2436 temporum,
1350 2373 1514 2437 quae
1558 2356 1821 2420 semotis
1869 2355 2273 2439 passionibus
2311 2353 2667 2437 tranquilla
2713 2357 2939 2418 mente

617 2450 972 2525 examinari
1046 2453 1346 2533 possunt,
1431 2470 1510 2515 ex
1585 2451 1663 2516 iis
1730 2450 2044 2536 judicium
2120 2455 2365 2516 certum
2440 2449 2516 2514 de
2593 2448 2936 2515 eventibus

615 2550 790 2615 illius
853 2546 1084 2614 aetatis
1143 2545 1279 2629 jam
1340 2545 1642 2631 colligere
1705 2548 1876 2615 licet.
1985 2548 2227 2614 Verum
2293 2546 2545 2632 quidem
2607 2551 2733 2625 est,
2797 2551 2934 2612 stu·

618 2647 789 2712 dium
846 2645 1123 2730 partium
1174 2642 1244 2705 in
1300 2646 1592 2707 auctores
1648 2644 1904 2710 illorum
1949 2646 2482 2711 documentorum
2536 2643 2785 2727 saepius
2829 2644 2933 2708 in·

616 2744 856 2808 fluxum
919 2738 1303 2817 exercuisse,
1362 2742 1652 2804 attamen
1716 2763 1792 2805 ex
1850 2743 1989 2827 ipsa
2043 2742 2266 2808 sedula
2329 2763 2545 2807 eorum
2609 2762 2936 2824 compara-

616 2840 796 2905 tione
844 2836 1079 2901 veritas
1134 2835 1274 2899 erui
1321 2840 1550 2919 potest.
1610 2872 1689 2882 —
1752 2836 2292 2905 Dissertationem
2349 2837 2516 2903 hanc
2572 2838 2665 2903 ita
2721 2836 2941 2901 distri-

616 2937 914 3012 buemus,
982 2938 1054 2997 ut
1117 2931 1390 3016 primum
1456 2929 1532 2995 de
1595 2931 1894 2998 electione
1970 2934 2219 3000 Urbani
2262 2933 2368 2999 VI.
2438 2937 2498 2998 et
2560 2931 2938 2998 schismatis·

618 3035 796 3111 ortu,
852 3031 1002 3095 dein
1059 3027 1135 3092 de
1178 3024 1547 3093 schismatis
1589 3027 2007 3096 incrementis
2015 3082 2039 3119 ,
2098 3054 2171 3098 ac
2224 3031 2480 3097 demum
2538 3029 2615 3094 de
2660 3026 2937 3096 concilio

618 3127 864 3193 Pisano
910 3148 1197 3212 agamus,

284 3270 496 3343 Theodor.
544 3273 597 3314 de
793 3260 853 3323 3.
911 3257 1295 3341 Praecipuus
1354 3260 1580 3320 auctor
1625 3278 1925 3335 coaevus,
1978 3258 2089 3344 qui
2134 3256 2211 3322 de
2256 3255 2597 3323 schismate
2650 3254 2935 3339 scripsit,

371 3332 513 3376 ΜΨ·
618 3361 712 3422 est
775 3355 1233 3446 Theodori-cus*
1272 3353 1350 3416 de
1418 3351 1608 3417 Niem
1680 3355 1751 3419 in
1817 3357 1949 3421 suis
2015 3355 2313 3440 operibus
2381 3351 2486 3419 De
2546 3350 2932 3455 Βοὴ-τέρπε,

794 3539 832 3602 ¹)
872 3537 1023 3591 Utile
1071 3535 1240 3590 etiam
1286 3542 1549 3592 notantur
1585 3538 1675 3593 hic
1723 3555 1859 3609 quae
1899 3538 2124 3606 scripsit
2160 3538 2212 3593 S.
2250 3535 2585 3592 Antoninus:
2640 3533 2932 3604 „Etiamsir

614 3617 808 3686 inquit,
857 3615 1224 3671 necessarium
1271 3615 1347 3669 sit
1391 3618 1632 3684 credere,
1681 3617 1824 3672 sicut
1870 3634 2028 3672 unam
2059 3633 2200 3694 ,esse
2238 3616 2542 3670 Ecclesiam
2580 3613 2921 3677 catholicam,

614 3713 722 3750 non
771 3696 984 3761 plureS,
1033 3694 1114 3747 ita
1161 3700 1216 3748 et
1262 3695 1478 3748 unicum
1529 3697 1646 3764 ejus
1684 3698 1998 3762 Pastorem,
2036 3695 2316 3749 Vicarium
2364 3694 2597 3760 Christi,
2643 3700 2827 3748 tamen
2874 3693 2926 3746 si·

616 3775 894 3842 contingit
927 3774 1115 3842 plures
1150 3787 1250 3840 per
1288 3773 1526 3828 schisma
1562 3776 1740 3830 creari
1781 3792 1874 3830 seu
1911 3774 2180 3830 nominari
2215 3773 2501 3842 pontifices
2542 3788 2776 3827 summos
2814 3788 2933 3825 uno

616 3859 673 3908 et
711 3854 898 3907 eodem
945 3862 1212 3918 tempore,
1262 3867 1370 3905 non
1409 3853 1627 3908 videtur
1674 3854 1842 3909 saluti
1885 3854 2251 3909 necessarium
2283 3853 2541 3914 credere,
2586 3852 2753 3905 istum
2798 3866 2932 3905 esse

613 3933 705 3987 vel
742 3933 923 3998 illum,
982 3933 1078 3986 sed
1125 3931 1358 3986 alterum
1410 3948 1625 4001 eorum,
1682 3935 1772 4001 qui
1822 3933 2036 3988 scilicet
2084 3932 2253 3987 fucrit
2290 3932 2545 3986 canonice
2588 3935 2921 3998 assumptus

615 4010 747 4078 Quis
785 4016 967 4065 autem
1010 4010 1177 4064 fuerit
1226 4011 1480 4065 canonice
1530 4011 1765 4080 electus,
1815 4028 1924 4068 non
1970 4017 2193 4067 tenetur
2242 4012 2361 4078 quis
2413 4010 2581 4076 scire,
2632 4009 2776 4062 sicut
2819 4023 2931 4062 nec

612 4091 701 4159 jus
732 4091 1074 4155 canonicum,
1122 4090 1217 4143 sed
1254 4089 1311 4142 in
1346 4090 1450 4143 hoc
1494 4091 1678 4158 populi
1727 4092 1880 4160 sequi
1925 4096 2154 4160 possunt
2190 4091 2423 4158 majores
2463 4104 2587 4143 suos
2635 4103 2730 4142 seu
2764 4102 2931 4154 prae·-

611 4169 808 4224 latos“
885 4169 1078 4223 Chron.
1115 4174 1256 4236 part.
1296 4168 1402 4222 III.
1439 4169 1529 4223 tit.
1567 4171 1652 4224 22.
1693 4187 1738 4224 c.
1778 4172 1827 4224 2.
