3281 5014
350 1517 426 1560 lnc

429 1517 575 1559 hostio

368 1578 565 1623 Consilii.

628 452 736 503 292
1223 447 1477 501 XXXIV.
1516 447 1600 501 De
1636 447 1881 502 Concilio
1919 446 2349 501 Constantiensi.

631 611 851 656 eorum
894 589 1271 674 suffragium
1317 595 1579 654 tantum
1635 592 1707 654 in
1751 590 1910 673 ipsis
1955 588 2146 652 variis
2201 587 2573 652 nationibus
2620 587 2827 649 locum
2874 591 2942 649 et

632 687 914 752 valorem
967 686 1238 769 habere3
1299 707 1627 769 quumque
1682 685 2113 770 postularent,
2170 695 2246 747 ut
2303 684 2536 747 saltem
2586 681 2943 766 Collegium

632 805 848 850 eorum
895 783 1361 868 adjungeretur
1409 784 1785 847 nationibus
1831 787 1907 845 ut
1952 803 2182 864 corpus
2229 780 2471 844 morale
2515 779 2817 862 speciale,
2876 777 2942 841 id

631 880 786 963 ipsis
831 881 1224 965 denegatum
1272 879 1420 944 fuit.
1478 915 1561 925 -—
1621 878 2093 963 Dispositiones
2141 876 2257 941 has
2310 878 2677 960 provenisse
2722 896 2799 938 ex
2845 876 2944 938 in·

630 976 809 1042 fluxu
853 976 1112 1041 illorum
1157 976 1467 1059 virorum,
1524 998 1798 1060 quorum
1843 975 2178 1058 opiniones
2230 977 2298 1037 et
2339 973 2709 1036 tendentias
2753 994 2945 1055 supra

632 1073 1295 1157 commemoravimus,
1356 1094 1470 1156 per
1524 1093 1591 1135 se
1647 1077 1845 1155 patet.
1947 1069 2501 1134 Constitutionem
2557 1090 2772 1133 veram
2823 1066 2944 1131 Ec-

632 1170 863 1234 clesiae
889 1169 1013 1254 ipsi
1058 1190 1191 1233 non
1224 1169 1386 1233 satis
1420 1190 1572 1252 prae
1617 1169 1815 1234 oculis
1845 1167 2198 1248 habebant,
2243 1170 2309 1230 et
2352 1165 2489 1229 zelo
2533 1169 2944 1249 praepostero

634 1265 955 1330 elementa
999 1263 1426 1330 democratica
1467 1265 1968 1347 auctoritatique
2019 1263 2380 1347 periculosa
2425 1263 2495 1326 in
2538 1261 2948 1327 administra-

634 1362 882 1428 tionem
928 1364 1336 1447 negotiorum
1385 1361 1905 1427 introducebant.

814 1511 876 1576 8.
922 1507 1454 1600 νεηᾷῤ,,]οαῃηεε
1491 1508 1731 1573 XXIII.
1773 1509 2224 1574 Constantiam
2267 1529 2487 1572 versus
2531 1507 2727 1572 finem
2772 1527 2948 1570 men-

634 1608 721 1673 sis
769 1595 1064 1672 Octobris
1110 1630 1285 1672 anno
1336 1603 1533 1686 1414,
1589 1597 1829 1690 magna
1874 1627 2018 1671 cum
2066 1626 2300 1689 pompa
2346 1610 2413 1668 et
2460 1604 2691 1689 majori
2743 1602 2947 1667 cordis

634 1704 989 1769 anxietate.
1103 1701 1492 1769 Solemniter
1549 1703 1880 1767 inchoavit
1941 1700 2301 1765 Concilium
2364 1700 2466 1765 die
2535 1697 2606 1764 5⁰
2669 1699 2950 1764 Novem-

633 1800 795 1882 bris,
866 1798 1211 1882 primaque
1271 1801 1469 1865 sessio
1533 1799 1759 1864 habita
1822 1803 1920 1864 est
1981 1797 2083 1862 die
2153 1797 2263 1861 16⁰
2327 1798 2612 1880 ejusdem
2685 1797 2946 1861 mensis.

634 1894 807 1960 Huic
880 1896 1123 1979 primae
1198 1918 1452 1961 necnon
1532 1895 1847 1961 secundae
1921 1894 2191 1959 sessioni
2260 1892 2579 1978 praesedit
2647 1893 2690 1958 J
2694 1914 2948 1958 oannes.

637 1991 835 2057 Initio
891 1993 1150 2076 quidem
1207 1993 1464 2076 plurimi
1520 1994 1947 2069 censuerunt,
2008 1990 2252 2055 tuenda
2304 2012 2439 2056 esse
2496 1991 2947 2057 auctoritatem

637 2087 906 2155 Concilii
981 2089 1236 2168 Pisani,
1305 2090 1759 2173 pontificatum
1828 2087 2100 2152 Joannis
2170 2086 2411 2152 XXIII.
2480 2097 2545 2152 et
2609 2086 2949 2170 depositio-

635 2205 784 2250 nem
845 2183 1138 2269 Gregorii
1201 2207 1272 2250 ac
1317 2184 1678 2261 Benedicti3
1732 2184 1840 2248 sed
1897 2184 2073 2248 brevi
2130 2184 2298 2268 apud
2354 2185 2589 2247 multos
2647 2205 2720 2246 ea
2771 2183 2949 2245 inva-

636 2283 757 2346 luit
823 2283 1179 2360 sententia‚
1261 2283 1609 2348 cessionem
1686 2281 1884 2345 trium
1954 2280 2486 2345 contendentium
2561 2280 2638 2344 de
2708 2282 2950 2361 papatu

633 2378 941 2462 optimam
1005 2400 1144 2443 esse
1206 2379 1464 2443 unionis
1514 2380 1704 2443 viam.
1804 2377 2121 2452 Joanne8‚
2185 2377 2474 2460 quamvis
2536 2376 2724 2439 initio
2778 2376 2950 2458 ejus-

635 2475 807 2545 modi
861 2475 1283 2560 propositioni
1345 2478 1764 2561 repugnaret,
1822 2494 1967 2539 mox
2025 2477 2245 2538 tamen
2307 2472 2657 2556 acquievit,
2720 2492 2796 2536 eo
2849 2470 2948 2534 vel

636 2573 868 2657 magis,
927 2572 1097 2656 quod
1152 2572 1355 2637 libelli
1412 2576 1636 2637 contra
1693 2593 1837 2635 eum
1896 2576 2439 2654 propagarentur,
2499 2569 2731 2653 quibus
2783 2567 2954 2631 mul-

634 2674 852 2735 torum
921 2669 1259 2734 criminum
1337 2668 1779 2734 accusabatur.
1902 2666 2169 2732 Concilii
2248 2667 2448 2751 igitur
2516 2667 2778 2729 nomine
2845 2685 2953 2728 ro·

633 2770 824 2851 gatus
893 2787 967 2830 ac
1027 2766 1340 2842 monitus,
1420 2770 1494 2829 ut
1559 2787 1675 2848 pro
1744 2765 1913 2828 bono
1983 2764 2157 2847 pacis
2228 2762 2607 2847 pontificatu
2676 2760 2952 2834 cederet,

524 2866 569 2923 J
635 2861 1012 2928 cedentibus
1077 2861 1385 2946 Gregorio
1447 2866 1512 2926 et
1568 2860 1947 2937 Benedict0‚
2007 2861 2076 2924 in
2133 2861 2412 2924 sessione
2474 2857 2782 2933 secunda,
2849 2856 2953 2919 die

638 2957 709 3023 2⁰
754 2958 976 3023 Martii
1021 2981 1077 3024 a.
1129 2958 1296 3022 1415
1355 2959 1727 3022 solemniter
1780 2958 2126 3040 spopondit
2181 2959 2248 3019 et
2298 2956 2574 3039 juravit,
2626 2976 2691 3018 se
2744 2953 2807 3017 id
2855 2951 2953 3016 fa-

637 3061 889 3122 cturum
939 3076 1096 3121 esse.
1180 3054 1415 3139 Legati
1464 3058 1680 3117 autem
1728 3051 2020 3136 Gregorii
2072 3051 2222 3116 XII.
2274 3058 2339 3114 et
2385 3050 2716 3115 Benedicti
2762 3049 2951 3115 XIII.

639 3152 1062 3218 Constantiae
1130 3152 1475 3216 honorifice
1542 3150 1783 3233 recepti
1851 3154 2037 3231 sunt,
2104 3158 2171 3213 et
2238 3150 2333 3212 ita
2401 3147 2477 3211 de
2549 3147 2719 3212 facto
2790 3145 2953 3211 Con·

638 3249 767 3314 cilii
829 3248 1047 3313 Pisani
1113 3249 1503 3321 sententiae,
1575 3268 1701 3330 qua
1769 3252 1844 3309 ut
1904 3245 2211 3310 haeretici
2284 3250 2349 3309 et
2411 3243 2796 3308 schismatici
2859 3243 2956 3306 illi

637 3346 913 3430 depositi
972 3350 1186 3421 erant,
1253 3344 1438 3427 vigor
1494 3342 1830 3425 ademptus
1900 3348 2019 3406 est.
2137 3341 2369 3426 Legati
2433 3339 2722 3430 Gregorii
2780 3339 2954 3427 XII..

640 3464 910 3527 quorum
968 3445 1161 3524 caput
1217 3445 1359 3505 erat
1416 3437 1703 3529 Joannes
1759 3437 2082 3503 Dominici
2142 3437 2499 3503 Cardinalis
2553 3436 2954 3521 Ragusanu8‚

640 3539 1102 3623 promiserunt,
1161 3558 1228 3601 se
1297 3556 1553 3619 operam
1616 3535 1877 3601 daturos
1942 3558 2109 3616 esse,
2180 3540 2254 3600 ut
2320 3535 2401 3597 ab
2466 3556 2539 3598 eo
2605 3533 2952 3597 cessionem

638 3636 1081 3718 impetrarent.
1184 3632 1414 3717 Legati
1478 3653 1628 3695 vero
1693 3631 2028 3697 Benedicti
2095 3631 2254 3695 nihil
2321 3630 2493 3695 aliud
2556 3630 2955 3701 obtulerunt,

641 3731 768 3795 nisi
814 3729 984 3813 quod
1031 3729 1089 3793 is
1134 3732 1392 3812 paratus
1439 3733 1606 3792 esset
1654 3728 1731 3792 de
1778 3730 1881 3792 via
1927 3729 2185 3793 unionis
2231 3728 2522 3793 conferre
2567 3747 2708 3790 cum
2755 3725 2955 3810 Sigis-

644 3826 880 3890 mundo
929 3825 1322 3909 Imperatore
1374 3832 1440 3889 et
1487 3823 1892 3890 Ferdinando
1944 3847 2096 3909 rege
2143 3825 2561 3908 Ari-agoniae,
2608 3842 2956 3906 congressu

643 3921 865 3988 Niciae
911 3923 979 3987 in
1022 3922 1289 4008 Liguria
1333 3920 1651 3987 habendo.

817 4065 877 4128 9.
930 4061 1170 4128 Verum
1227 4069 1368 4147 post
1426 4063 1774 4127 sessionem
1828 4062 2172 4125 secundam
2218 4059 2505 4124 Joannes
2549 4055 2805 4121 XXIII.
2852 4055 2956 4118 die

642 4159 755 4225 20⁰
814 4160 1033 4225 Martii
1093 4162 1255 4227 clam
1318 4156 1706 4224 Constantia
1761 4156 2012 4242 aufugit
2076 4156 2518 4222 Schafhusiam
2583 4155 2652 4218 in
2713 4153 2961 4256 ditione
