<?xml version="1.0" encoding="UTF-8"?>
<!DOCTYPE html PUBLIC "-//W3C//DTD XHTML 1.0 Transitional//EN"
    "http://www.w3.org/TR/xhtml1/DTD/xhtml1-transitional.dtd">
<html xmlns="http://www.w3.org/1999/xhtml" xml:lang="en" lang="en">
 <head>
  <title>
</title>
<meta http-equiv="Content-Type" content="text/html;charset=utf-8" />
  <meta name='ocr-system' content='tesseract 3.04.00' />
  <meta name='ocr-capabilities' content='ocr_page ocr_carea ocr_par ocr_line ocrx_word'/>
</head>
<body>
  <div class='ocr_page' id='page_1' title='image "./dissertationess05junggoog_0401.png"; bbox 0 0 3281 5014; ppageno 0'>
   <div class='ocr_carea' id='block_1_1' title="bbox 1084 439 2670 497">
    <p class='ocr_par' dir='ltr' id='par_1_1' title="bbox 1084 439 2670 497">
     <span class='ocr_line' id='line_1_1' title="bbox 1084 439 2670 497; baseline 0.001 -4"><span class='ocrx_word' id='word_1_1' title='bbox 1084 441 1167 494; x_wconf 91' lang='lat' dir='ltr'><strong>De</strong></span> <span class='ocrx_word' id='word_1_2' title='bbox 1204 441 1253 497; x_wconf 82' lang='lat' dir='ltr'><strong>b,</strong></span> <span class='ocrx_word' id='word_1_3' title='bbox 1292 439 1569 495; x_wconf 88' lang='lat' dir='ltr'><strong>Ludovico</strong></span> <span class='ocrx_word' id='word_1_4' title='bbox 1605 441 1934 497; x_wconf 79' lang='lat' dir='ltr'><strong>Arelatensi.</strong></span> <span class='ocrx_word' id='word_1_5' title='bbox 2566 443 2670 495; x_wconf 77' lang='lat'><strong>395</strong></span> 
     </span>
    </p>
   </div>
   <div class='ocr_carea' id='block_1_2' title="bbox 347 581 2673 1712">
    <p class='ocr_par' dir='ltr' id='par_1_2' title="bbox 347 581 2673 1712">
     <span class='ocr_line' id='line_1_2' title="bbox 348 581 2670 667; baseline 0 -21"><span class='ocrx_word' id='word_1_6' title='bbox 348 581 473 646; x_wconf 88' lang='lat' dir='ltr'><strong>Sed</strong></span> <span class='ocrx_word' id='word_1_7' title='bbox 541 583 904 647; x_wconf 75' lang='lat' dir='ltr'><strong>schismatis</strong></span> <span class='ocrx_word' id='word_1_8' title='bbox 971 581 1123 646; x_wconf 90' lang='lat' dir='ltr'><strong>hinc</strong></span> <span class='ocrx_word' id='word_1_9' title='bbox 1188 584 1394 647; x_wconf 78' lang='lat' dir='ltr'><strong>exorti</strong></span> <span class='ocrx_word' id='word_1_10' title='bbox 1464 582 1711 666; x_wconf 90' lang='lat' dir='ltr'><strong>culpam</strong></span> <span class='ocrx_word' id='word_1_11' title='bbox 1790 583 1995 667; x_wconf 90' lang='lat' dir='ltr'><strong>ipsum</strong></span> <span class='ocrx_word' id='word_1_12' title='bbox 2063 583 2325 647; x_wconf 80' lang='lat' dir='ltr'><strong>diluisse</strong></span> <span class='ocrx_word' id='word_1_13' title='bbox 2388 583 2670 667; x_wconf 72' lang='lat' dir='ltr'><strong>intelligi</strong></span> 
     </span>
     <span class='ocr_line' id='line_1_3' title="bbox 349 678 2670 767; baseline 0 -24"><span class='ocrx_word' id='word_1_14' title='bbox 349 678 543 743; x_wconf 89' lang='lat' dir='ltr'><strong>datur</strong></span> <span class='ocrx_word' id='word_1_15' title='bbox 588 701 666 744; x_wconf 85' lang='lat' dir='ltr'><strong>ex</strong></span> <span class='ocrx_word' id='word_1_16' title='bbox 684 683 937 767; x_wconf 42' lang='lat' dir='ltr'><strong>„sancto</strong></span> <span class='ocrx_word' id='word_1_17' title='bbox 985 680 1122 762; x_wconf 83' lang='lat' dir='ltr'><strong>ejus</strong></span> <span class='ocrx_word' id='word_1_18' title='bbox 1159 680 1320 757; x_wconf 90' lang='lat' dir='ltr'><strong>fine,</strong></span> <span class='ocrx_word' id='word_1_19' title='bbox 1377 679 1615 762; x_wconf 89' lang='lat' dir='ltr'><strong>quippe</strong></span> <span class='ocrx_word' id='word_1_20' title='bbox 1671 701 1861 763; x_wconf 91' lang='lat' dir='ltr'><strong>quem</strong></span> <span class='ocrx_word' id='word_1_21' title='bbox 1914 684 1980 744; x_wconf 92' lang='lat' dir='ltr'><strong>et</strong></span> <span class='ocrx_word' id='word_1_22' title='bbox 2027 680 2349 745; x_wconf 79' lang='lat' dir='ltr'><strong>miraculis</strong></span> <span class='ocrx_word' id='word_1_23' title='bbox 2405 681 2484 744; x_wconf 90' lang='lat' dir='ltr'><strong>ad</strong></span> <span class='ocrx_word' id='word_1_24' title='bbox 2531 682 2670 764; x_wconf 90' lang='lat' dir='ltr'><strong>ejus</strong></span> 
     </span>
     <span class='ocr_line' id='line_1_4' title="bbox 349 772 2669 858; baseline 0 -18"><span class='ocrx_word' id='word_1_25' title='bbox 349 775 757 858; x_wconf 81' lang='lat' dir='ltr'><strong>sepulchrum</strong></span> <span class='ocrx_word' id='word_1_26' title='bbox 803 775 1066 839; x_wconf 84' lang='lat' dir='ltr'><strong>Arelate</strong></span> <span class='ocrx_word' id='word_1_27' title='bbox 1127 775 1261 839; x_wconf 88' lang='lat' dir='ltr'><strong>fieri</strong></span> <span class='ocrx_word' id='word_1_28' title='bbox 1319 775 1554 855; x_wconf 90' lang='lat' dir='ltr'><strong>solitis,</strong></span> <span class='ocrx_word' id='word_1_29' title='bbox 1612 780 1685 840; x_wconf 90' lang='lat' dir='ltr'><strong>ut</strong></span> <span class='ocrx_word' id='word_1_30' title='bbox 1742 776 1999 841; x_wconf 84' lang='lat' dir='ltr'><strong>Aeneas</strong></span> <span class='ocrx_word' id='word_1_31' title='bbox 2057 772 2316 858; x_wconf 83' lang='lat' dir='ltr'><strong>Sylvius</strong></span> <span class='ocrx_word' id='word_1_32' title='bbox 2373 781 2669 850; x_wconf 89' lang='lat' dir='ltr'><strong>testatur,</strong></span> 
     </span>
     <span class='ocr_line' id='line_1_5' title="bbox 350 871 2670 957; baseline 0 -22"><span class='ocrx_word' id='word_1_33' title='bbox 350 872 654 935; x_wconf 84' lang='lat' dir='ltr'><strong>claruisse</strong></span> <span class='ocrx_word' id='word_1_34' title='bbox 726 876 1011 946; x_wconf 89' lang='lat' dir='ltr'><strong>constat,</strong></span> <span class='ocrx_word' id='word_1_35' title='bbox 1082 878 1149 935; x_wconf 91' lang='lat' dir='ltr'><strong>et</strong></span> <span class='ocrx_word' id='word_1_36' title='bbox 1221 893 1351 936; x_wconf 90' lang='lat' dir='ltr'><strong>una</strong></span> <span class='ocrx_word' id='word_1_37' title='bbox 1417 893 1560 935; x_wconf 91' lang='lat' dir='ltr'><strong>cum</strong></span> <span class='ocrx_word' id='word_1_38' title='bbox 1627 871 1827 936; x_wconf 89' lang='lat' dir='ltr'><strong>Petro</strong></span> <span class='ocrx_word' id='word_1_39' title='bbox 1893 871 2412 956; x_wconf 86' lang='lat' dir='ltr'><strong>Luxemburgio,</strong></span> <span class='ocrx_word' id='word_1_40' title='bbox 2479 896 2670 957; x_wconf 87' lang='lat' dir='ltr'><strong>quem</strong></span> 
     </span>
     <span class='ocr_line' id='line_1_6' title="bbox 349 966 2671 1052; baseline 0 -20"><span class='ocrx_word' id='word_1_41' title='bbox 349 990 551 1052; x_wconf 87' lang='lat' dir='ltr'><strong>aeque</strong></span> <span class='ocrx_word' id='word_1_42' title='bbox 615 968 682 1032; x_wconf 91' lang='lat' dir='ltr'><strong>in</strong></span> <span class='ocrx_word' id='word_1_43' title='bbox 748 968 1092 1031; x_wconf 82' lang='lat' dir='ltr'><strong>schismate</strong></span> <span class='ocrx_word' id='word_1_44' title='bbox 1151 968 1272 1030; x_wconf 92' lang='lat' dir='ltr'><strong>sub</strong></span> <span class='ocrx_word' id='word_1_45' title='bbox 1328 966 1663 1033; x_wconf 89' lang='lat' dir='ltr'><strong>Clemente</strong></span> <span class='ocrx_word' id='word_1_46' title='bbox 1726 968 1896 1034; x_wconf 88' lang='lat' dir='ltr'><strong>dicto</strong></span> <span class='ocrx_word' id='word_1_47' title='bbox 1940 969 2085 1034; x_wconf 87' lang='lat' dir='ltr'><strong>VH.</strong></span> <span class='ocrx_word' id='word_1_48' title='bbox 2155 974 2375 1035; x_wconf 89' lang='lat' dir='ltr'><strong>sancte</strong></span> <span class='ocrx_word' id='word_1_49' title='bbox 2441 971 2671 1034; x_wconf 89' lang='lat' dir='ltr'><strong>vixisse</strong></span> 
     </span>
     <span class='ocr_line' id='line_1_7' title="bbox 351 1050 2669 1145; baseline 0 -17"><span class='ocrx_word' id='word_1_50' title='bbox 351 1069 417 1128; x_wconf 90' lang='lat' dir='ltr'><strong>et</strong></span> <span class='ocrx_word' id='word_1_51' title='bbox 461 1064 693 1129; x_wconf 88' lang='lat' dir='ltr'><strong>obiisse</strong></span> <span class='ocrx_word' id='word_1_52' title='bbox 740 1065 1034 1140; x_wconf 89' lang='lat' dir='ltr'><strong>vidimus,</strong></span> <span class='ocrx_word' id='word_1_53' title='bbox 1088 1071 1314 1145; x_wconf 89' lang='lat' dir='ltr'><strong>postea</strong></span> <span class='ocrx_word' id='word_1_54' title='bbox 1359 1064 1656 1128; x_wconf 87' lang='lat' dir='ltr'><strong>Clemens</strong></span> <span class='ocrx_word' id='word_1_55' title='bbox 1699 1087 1848 1129; x_wconf 89' lang='lat' dir='ltr'><strong>vere</strong></span> <span class='ocrx_word' id='word_1_56' title='bbox 1884 1065 2029 1130; x_wconf 88' lang='lat' dir='ltr'><strong>VII.</strong></span> <span class='ocrx_word' id='word_1_57' title='bbox 2077 1066 2157 1129; x_wconf 91' lang='lat' dir='ltr'><strong>ad</strong></span> <span class='ocrx_word' id='word_1_58' title='bbox 2205 1050 2451 1132; x_wconf 60' lang='lat' dir='ltr'><strong>a&#39;nnum</strong></span> <span class='ocrx_word' id='word_1_59' title='bbox 2503 1057 2669 1130; x_wconf 80' lang='lat'>&#39;1527</span> 
     </span>
     <span class='ocr_line' id='line_1_8' title="bbox 348 1160 2669 1246; baseline 0 -21"><span class='ocrx_word' id='word_1_60' title='bbox 348 1162 430 1225; x_wconf 92' lang='lat' dir='ltr'><strong>ob</strong></span> <span class='ocrx_word' id='word_1_61' title='bbox 479 1160 848 1224; x_wconf 86' lang='lat' dir='ltr'><strong>memoriam</strong></span> <span class='ocrx_word' id='word_1_62' title='bbox 898 1160 1302 1244; x_wconf 84' lang='lat' dir='ltr'><strong>egregiarum</strong></span> <span class='ocrx_word' id='word_1_63' title='bbox 1353 1161 1696 1245; x_wconf 90' lang='lat' dir='ltr'><strong>utriusque</strong></span> <span class='ocrx_word' id='word_1_64' title='bbox 1740 1163 2058 1226; x_wconf 90' lang='lat' dir='ltr'><strong>virtutum</strong></span> <span class='ocrx_word' id='word_1_65' title='bbox 2105 1183 2178 1227; x_wconf 91' lang='lat' dir='ltr'><strong>ac</strong></span> <span class='ocrx_word' id='word_1_66' title='bbox 2225 1162 2474 1245; x_wconf 89' lang='lat' dir='ltr'><strong>piorum</strong></span> <span class='ocrx_word' id='word_1_67' title='bbox 2524 1185 2669 1246; x_wconf 92' lang='lat' dir='ltr'><strong>ope·</strong></span> 
     </span>
     <span class='ocr_line' id='line_1_9' title="bbox 347 1257 2668 1338; baseline -0 -17"><span class='ocrx_word' id='word_1_68' title='bbox 347 1279 520 1338; x_wconf 90' lang='lat' dir='ltr'><strong>rum,</strong></span> <span class='ocrx_word' id='word_1_69' title='bbox 567 1278 823 1321; x_wconf 89' lang='lat' dir='ltr'><strong>necnon</strong></span> <span class='ocrx_word' id='word_1_70' title='bbox 870 1257 1320 1322; x_wconf 85' lang='lat' dir='ltr'><strong>miraculorum</strong></span> <span class='ocrx_word' id='word_1_71' title='bbox 1369 1259 1905 1335; x_wconf 78' lang='lat' dir='ltr'><strong>coruscationem,</strong></span> <span class='ocrx_word' id='word_1_72' title='bbox 1960 1258 2176 1325; x_wconf 90' lang='lat' dir='ltr'><strong>debito</strong></span> <span class='ocrx_word' id='word_1_73' title='bbox 2222 1257 2444 1322; x_wconf 87' lang='lat' dir='ltr'><strong>Beatis</strong></span> <span class='ocrx_word' id='word_1_74' title='bbox 2490 1260 2668 1323; x_wconf 88' lang='lat' dir='ltr'><strong>cultu</strong></span> 
     </span>
     <span class='ocr_line' id='line_1_10' title="bbox 349 1353 2673 1439; baseline 0.001 -21"><span class='ocrx_word' id='word_1_75' title='bbox 349 1360 416 1418; x_wconf 89' lang='lat' dir='ltr'><strong>et</strong></span> <span class='ocrx_word' id='word_1_76' title='bbox 462 1355 878 1418; x_wconf 89' lang='lat' dir='ltr'><strong>veneratione</strong></span> <span class='ocrx_word' id='word_1_77' title='bbox 935 1353 1239 1417; x_wconf 88' lang='lat' dir='ltr'><strong>honorari</strong></span> <span class='ocrx_word' id='word_1_78' title='bbox 1294 1355 1635 1433; x_wconf 86' lang='lat' dir='ltr'><strong>concessit,</strong></span> <span class='ocrx_word' id='word_1_79' title='bbox 1691 1355 1861 1419; x_wconf 89' lang='lat' dir='ltr'><strong>haud</strong></span> <span class='ocrx_word' id='word_1_80' title='bbox 1917 1364 2134 1421; x_wconf 89' lang='lat' dir='ltr'><strong>tamen</strong></span> <span class='ocrx_word' id='word_1_81' title='bbox 2196 1360 2533 1439; x_wconf 86' lang='lat' dir='ltr'><strong>propterea</strong></span> <span class='ocrx_word' id='word_1_82' title='bbox 2575 1357 2673 1420; x_wconf 88' lang='lat' dir='ltr'><strong>in-</strong></span> 
     </span>
     <span class='ocr_line' id='line_1_11' title="bbox 347 1450 2669 1534; baseline -0 -18"><span class='ocrx_word' id='word_1_83' title='bbox 347 1451 647 1533; x_wconf 68' lang='lat' dir='ltr'><strong>tendem,</strong></span> <span class='ocrx_word' id='word_1_84' title='bbox 702 1457 776 1515; x_wconf 89' lang='lat' dir='ltr'><strong>ut</strong></span> <span class='ocrx_word' id='word_1_85' title='bbox 824 1450 944 1530; x_wconf 89' lang='lat' dir='ltr'><strong>ait,</strong></span> <span class='ocrx_word' id='word_1_86' title='bbox 1000 1452 1253 1514; x_wconf 91' lang='lat' dir='ltr'><strong>eosdem</strong></span> <span class='ocrx_word' id='word_1_87' title='bbox 1313 1451 1382 1514; x_wconf 93' lang='lat' dir='ltr'><strong>in</strong></span> <span class='ocrx_word' id='word_1_88' title='bbox 1439 1452 1738 1534; x_wconf 89' lang='lat' dir='ltr'><strong>catalogo</strong></span> <span class='ocrx_word' id='word_1_89' title='bbox 1785 1450 2167 1517; x_wconf 83' lang='lat' dir='ltr'><strong>Sanctorum</strong></span> <span class='ocrx_word' id='word_1_90' title='bbox 2225 1473 2360 1516; x_wconf 86' lang='lat' dir='ltr'><strong>esse</strong></span> <span class='ocrx_word' id='word_1_91' title='bbox 2406 1454 2669 1529; x_wconf 89' lang='lat' dir='ltr'><strong>relatos,</strong></span> 
     </span>
     <span class='ocr_line' id='line_1_12' title="bbox 348 1546 2670 1614; baseline 0 -2"><span class='ocrx_word' id='word_1_92' title='bbox 348 1549 551 1612; x_wconf 91' lang='lat' dir='ltr'><strong>donec</strong></span> <span class='ocrx_word' id='word_1_93' title='bbox 609 1548 882 1611; x_wconf 87' lang='lat' dir='ltr'><strong>servatis</strong></span> <span class='ocrx_word' id='word_1_94' title='bbox 938 1546 1168 1610; x_wconf 90' lang='lat' dir='ltr'><strong>debitis</strong></span> <span class='ocrx_word' id='word_1_95' title='bbox 1220 1547 1742 1612; x_wconf 86' lang='lat' dir='ltr'><strong>solemnitatibus</strong></span> <span class='ocrx_word' id='word_1_96' title='bbox 1796 1550 1864 1611; x_wconf 93' lang='lat' dir='ltr'><strong>in</strong></span> <span class='ocrx_word' id='word_1_97' title='bbox 1923 1550 2411 1614; x_wconf 88' lang='lat' dir='ltr'><strong>canonizatione</strong></span> <span class='ocrx_word' id='word_1_98' title='bbox 2464 1550 2670 1614; x_wconf 88' lang='lat' dir='ltr'><strong>solitis</strong></span> 
     </span>
     <span class='ocr_line' id='line_1_13' title="bbox 348 1643 2032 1712; baseline 0.002 -4"><span class='ocrx_word' id='word_1_99' title='bbox 348 1643 425 1708; x_wconf 90' lang='lat' dir='ltr'><strong>ad</strong></span> <span class='ocrx_word' id='word_1_100' title='bbox 466 1644 721 1708; x_wconf 90' lang='lat' dir='ltr'><strong>illorum</strong></span> <span class='ocrx_word' id='word_1_101' title='bbox 771 1643 1325 1708; x_wconf 87' lang='lat' dir='ltr'><strong>canonizationem</strong></span> <span class='ocrx_word' id='word_1_102' title='bbox 1373 1643 1723 1708; x_wconf 83' lang='lat' dir='ltr'><strong>deventum</strong></span> <span class='ocrx_word' id='word_1_103' title='bbox 1772 1644 2032 1712; x_wconf 84' lang='lat' dir='ltr'><strong>fuerit.“</strong></span> 
     </span>
    </p>
   </div>
   <div class='ocr_carea' id='block_1_3' title="bbox 342 1790 3001 3987">
    <p class='ocr_par' dir='ltr' id='par_1_3' title="bbox 342 1790 3001 3987">
     <span class='ocr_line' id='line_1_14' title="bbox 525 1790 3001 1872; baseline 0 -14"><span class='ocrx_word' id='word_1_104' title='bbox 525 1792 628 1858; x_wconf 85' lang='lat'><strong>67.</strong></span> <span class='ocrx_word' id='word_1_105' title='bbox 688 1792 931 1857; x_wconf 86' lang='lat' dir='ltr'><strong>Narrat</strong></span> <span class='ocrx_word' id='word_1_106' title='bbox 987 1791 1294 1856; x_wconf 85' lang='lat' dir='ltr'><strong>Pontifex</strong></span> <span class='ocrx_word' id='word_1_107' title='bbox 1344 1791 1635 1856; x_wconf 87' lang='lat' dir='ltr'><strong>Clemens</strong></span> <span class='ocrx_word' id='word_1_108' title='bbox 1672 1790 1814 1856; x_wconf 89' lang='lat' dir='ltr'>VII.</span> <span class='ocrx_word' id='word_1_109' title='bbox 1874 1792 1942 1856; x_wconf 91' lang='lat' dir='ltr'><strong>in</strong></span> <span class='ocrx_word' id='word_1_110' title='bbox 2000 1815 2114 1856; x_wconf 90' lang='lat' dir='ltr'><strong>suo</strong></span> <span class='ocrx_word' id='word_1_111' title='bbox 2171 1792 2395 1872; x_wconf 85' lang='lat' dir='ltr'><strong>Brevi,</strong></span> <span class='ocrx_word' id='word_1_112' title='bbox 2460 1793 2663 1858; x_wconf 87' lang='lat' dir='ltr'><strong>Fran·</strong></span> <span class='ocrx_word' id='word_1_113' title='bbox 2683 1798 3001 1843; x_wconf 69' lang='lat' dir='ltr'><strong>memenwu.</strong></span> 
     </span>
     <span class='ocr_line' id='line_1_15' title="bbox 346 1863 2916 1974; baseline 0 -19"><span class='ocrx_word' id='word_1_114' title='bbox 346 1892 581 1955; x_wconf 87' lang='lat' dir='ltr'><strong>ciscum</strong></span> <span class='ocrx_word' id='word_1_115' title='bbox 614 1891 974 1974; x_wconf 87' lang='lat' dir='ltr'><strong>episcopum</strong></span> <span class='ocrx_word' id='word_1_116' title='bbox 1014 1887 1449 1952; x_wconf 90' lang='lat' dir='ltr'><strong>Tusculanum</strong></span> <span class='ocrx_word' id='word_1_117' title='bbox 1487 1888 1891 1954; x_wconf 88' lang='lat' dir='ltr'><strong>Cardinalem</strong></span> <span class='ocrx_word' id='word_1_118' title='bbox 1926 1887 2432 1955; x_wconf 88' lang='lat' dir='ltr'><strong>Claromontium</strong></span> <span class='ocrx_word' id='word_1_119' title='bbox 2481 1913 2666 1955; x_wconf 87' lang='lat' dir='ltr'><strong>suurn</strong></span> <span class='ocrx_word' id='word_1_120' title='bbox 2761 1863 2795 1903; x_wconf 74' lang='lat' dir='ltr'>B</span> <span class='ocrx_word' id='word_1_121' title='bbox 2799 1874 2916 1904; x_wconf 55' lang='lat' dir='ltr'><strong>eeeee</strong></span> 
     </span>
     <span class='ocr_line' id='line_1_16' title="bbox 346 1984 2666 2070; baseline -0 -18"><span class='ocrx_word' id='word_1_122' title='bbox 346 1990 416 2052; x_wconf 90' lang='lat' dir='ltr'><strong>in</strong></span> <span class='ocrx_word' id='word_1_123' title='bbox 471 1986 680 2051; x_wconf 88' lang='lat' dir='ltr'><strong>Gallia</strong></span> <span class='ocrx_word' id='word_1_124' title='bbox 729 1988 1012 2069; x_wconf 87' lang='lat' dir='ltr'><strong>legatum</strong></span> <span class='ocrx_word' id='word_1_125' title='bbox 1061 2007 1099 2048; x_wconf 88' lang='lat' dir='ltr'><strong>a</strong></span> <span class='ocrx_word' id='word_1_126' title='bbox 1143 1985 1374 2063; x_wconf 88' lang='lat' dir='ltr'><strong>latere,</strong></span> <span class='ocrx_word' id='word_1_127' title='bbox 1432 1984 1510 2048; x_wconf 88' lang='lat' dir='ltr'><strong>ad</strong></span> <span class='ocrx_word' id='word_1_128' title='bbox 1562 2006 1631 2049; x_wconf 92' lang='lat' dir='ltr'><strong>se</strong></span> <span class='ocrx_word' id='word_1_129' title='bbox 1682 1986 2167 2049; x_wconf 86' lang='lat' dir='ltr'><strong>Arelatensium</strong></span> <span class='ocrx_word' id='word_1_130' title='bbox 2226 2009 2442 2070; x_wconf 89' lang='lat' dir='ltr'><strong>preces</strong></span> <span class='ocrx_word' id='word_1_131' title='bbox 2495 1992 2666 2051; x_wconf 88' lang='lat' dir='ltr'><strong>retu-</strong></span> 
     </span>
     <span class='ocr_line' id='line_1_17' title="bbox 346 2081 2761 2166; baseline -0.001 -18"><span class='ocrx_word' id='word_1_132' title='bbox 346 2085 523 2159; x_wconf 89' lang='lat' dir='ltr'><strong>lisse,</strong></span> <span class='ocrx_word' id='word_1_133' title='bbox 582 2090 653 2147; x_wconf 90' lang='lat' dir='ltr'><strong>ut</strong></span> <span class='ocrx_word' id='word_1_134' title='bbox 706 2082 1013 2166; x_wconf 89' lang='lat' dir='ltr'><strong>quoniam</strong></span> <span class='ocrx_word' id='word_1_135' title='bbox 1061 2081 1218 2146; x_wconf 89' lang='lat' dir='ltr'><strong>adeo</strong></span> <span class='ocrx_word' id='word_1_136' title='bbox 1275 2081 1597 2146; x_wconf 90' lang='lat' dir='ltr'><strong>celebrata</strong></span> <span class='ocrx_word' id='word_1_137' title='bbox 1646 2086 1785 2146; x_wconf 88' lang='lat' dir='ltr'><strong>erat</strong></span> <span class='ocrx_word' id='word_1_138' title='bbox 1839 2083 1909 2146; x_wconf 89' lang='lat' dir='ltr'><strong>in</strong></span> <span class='ocrx_word' id='word_1_139' title='bbox 1961 2082 2040 2146; x_wconf 91' lang='lat' dir='ltr'><strong>iis</strong></span> <span class='ocrx_word' id='word_1_140' title='bbox 2097 2083 2249 2146; x_wconf 88' lang='lat' dir='ltr'><strong>locis</strong></span> <span class='ocrx_word' id='word_1_141' title='bbox 2296 2084 2666 2148; x_wconf 85' lang='lat' dir='ltr'><strong>sanctitatis</strong></span> <span class='ocrx_word' id='word_1_142' title='bbox 2717 2114 2761 2160; x_wconf 53' lang='grc' dir='ltr'><strong>,η</strong></span> 
     </span>
     <span class='ocr_line' id='line_1_18' title="bbox 347 2177 2669 2263; baseline -0 -18"><span class='ocrx_word' id='word_1_143' title='bbox 347 2182 548 2256; x_wconf 85' lang='lat' dir='ltr'><strong>fama,</strong></span> <span class='ocrx_word' id='word_1_144' title='bbox 597 2202 725 2263; x_wconf 88' lang='lat' dir='ltr'><strong>qua</strong></span> <span class='ocrx_word' id='word_1_145' title='bbox 773 2177 1131 2242; x_wconf 89' lang='lat' dir='ltr'><strong>Ludovieus</strong></span> <span class='ocrx_word' id='word_1_146' title='bbox 1179 2178 1534 2242; x_wconf 88' lang='lat' dir='ltr'><strong>Alemanus</strong></span> <span class='ocrx_word' id='word_1_147' title='bbox 1582 2177 1939 2242; x_wconf 89' lang='lat' dir='ltr'><strong>Cardinalis</strong></span> <span class='ocrx_word' id='word_1_148' title='bbox 1987 2181 2336 2253; x_wconf 87' lang='lat' dir='ltr'><strong>claruerat,</strong></span> <span class='ocrx_word' id='word_1_149' title='bbox 2392 2181 2669 2244; x_wconf 90' lang='lat' dir='ltr'><strong>celebria</strong></span> 
     </span>
     <span class='ocr_line' id='line_1_19' title="bbox 349 2274 2669 2360; baseline -0 -18"><span class='ocrx_word' id='word_1_150' title='bbox 349 2282 414 2342; x_wconf 90' lang='lat' dir='ltr'><strong>et</strong></span> <span class='ocrx_word' id='word_1_151' title='bbox 457 2277 829 2360; x_wconf 89' lang='lat' dir='ltr'><strong>saepissime</strong></span> <span class='ocrx_word' id='word_1_152' title='bbox 883 2275 963 2339; x_wconf 90' lang='lat' dir='ltr'><strong>ad</strong></span> <span class='ocrx_word' id='word_1_153' title='bbox 1010 2276 1147 2359; x_wconf 89' lang='lat' dir='ltr'><strong>ejus</strong></span> <span class='ocrx_word' id='word_1_154' title='bbox 1194 2274 1603 2358; x_wconf 88' lang='lat' dir='ltr'><strong>sepulchrum</strong></span> <span class='ocrx_word' id='word_1_155' title='bbox 1653 2275 1915 2339; x_wconf 84' lang='lat' dir='ltr'><strong>Arelate</strong></span> <span class='ocrx_word' id='word_1_156' title='bbox 1969 2280 2228 2358; x_wconf 86' lang='lat' dir='ltr'><strong>patrata</strong></span> <span class='ocrx_word' id='word_1_157' title='bbox 2285 2284 2473 2340; x_wconf 84' lang='lat' dir='ltr'><strong>erant</strong></span> <span class='ocrx_word' id='word_1_158' title='bbox 2528 2300 2669 2360; x_wconf 90' lang='lat' dir='ltr'><strong>pro·</strong></span> 
     </span>
     <span class='ocr_line' id='line_1_20' title="bbox 344 2368 2667 2459; baseline -0.001 -21"><span class='ocrx_word' id='word_1_159' title='bbox 344 2375 546 2459; x_wconf 81' lang='lat' dir='ltr'><strong>digia,</strong></span> <span class='ocrx_word' id='word_1_160' title='bbox 617 2377 681 2438; x_wconf 89' lang='lat' dir='ltr'><strong>et</strong></span> <span class='ocrx_word' id='word_1_161' title='bbox 736 2371 986 2457; x_wconf 89' lang='lat' dir='ltr'><strong>jamdiu</strong></span> <span class='ocrx_word' id='word_1_162' title='bbox 1051 2371 1440 2435; x_wconf 91' lang='lat' dir='ltr'><strong>obtinuisset</strong></span> <span class='ocrx_word' id='word_1_163' title='bbox 1503 2375 1577 2435; x_wconf 91' lang='lat' dir='ltr'><strong>ut</strong></span> <span class='ocrx_word' id='word_1_164' title='bbox 1639 2371 1779 2446; x_wconf 88' lang='lat' dir='ltr'><strong>ille,</strong></span> <span class='ocrx_word' id='word_1_165' title='bbox 1852 2368 2052 2454; x_wconf 90' lang='lat' dir='ltr'><strong>(quod</strong></span> <span class='ocrx_word' id='word_1_166' title='bbox 2111 2372 2278 2436; x_wconf 91' lang='lat' dir='ltr'><strong>idem</strong></span> <span class='ocrx_word' id='word_1_167' title='bbox 2338 2372 2415 2436; x_wconf 90' lang='lat' dir='ltr'><strong>de</strong></span> <span class='ocrx_word' id='word_1_168' title='bbox 2472 2373 2667 2437; x_wconf 91' lang='lat' dir='ltr'><strong>Petro</strong></span> 
     </span>
     <span class='ocr_line' id='line_1_21' title="bbox 349 2466 2665 2555; baseline -0.001 -19"><span class='ocrx_word' id='word_1_169' title='bbox 349 2470 805 2555; x_wconf 86' lang='lat' dir='ltr'><strong>Luxemburgo</strong></span> <span class='ocrx_word' id='word_1_170' title='bbox 853 2466 1109 2552; x_wconf 88' lang='lat' dir='ltr'><strong>refert),</strong></span> <span class='ocrx_word' id='word_1_171' title='bbox 1166 2472 1427 2553; x_wconf 90' lang='lat' dir='ltr'><strong>propter</strong></span> <span class='ocrx_word' id='word_1_172' title='bbox 1474 2468 1776 2544; x_wconf 85' lang='lat' dir='ltr'><strong>virtutes,</strong></span> <span class='ocrx_word' id='word_1_173' title='bbox 1824 2467 2058 2553; x_wconf 88' lang='lat' dir='ltr'><strong>quibus</strong></span> <span class='ocrx_word' id='word_1_174' title='bbox 2103 2470 2550 2552; x_wconf 89' lang='lat' dir='ltr'><strong>praestiterat,</strong></span> <span class='ocrx_word' id='word_1_175' title='bbox 2597 2470 2665 2533; x_wconf 90' lang='lat' dir='ltr'><strong>in</strong></span> 
     </span>
     <span class='ocr_line' id='line_1_22' title="bbox 346 2565 2666 2649; baseline -0.001 -15"><span class='ocrx_word' id='word_1_176' title='bbox 346 2568 662 2634; x_wconf 84' lang='lat' dir='ltr'><strong>Coclitum</strong></span> <span class='ocrx_word' id='word_1_177' title='bbox 725 2589 992 2632; x_wconf 89' lang='lat' dir='ltr'><strong>numero</strong></span> <span class='ocrx_word' id='word_1_178' title='bbox 1050 2568 1502 2631; x_wconf 87' lang='lat' dir='ltr'><strong>aestimaretur</strong></span> <span class='ocrx_word' id='word_1_179' title='bbox 1564 2565 1838 2630; x_wconf 87' lang='lat' dir='ltr'><strong>relatus:</strong></span> <span class='ocrx_word' id='word_1_180' title='bbox 1906 2571 2121 2648; x_wconf 90' lang='lat' dir='ltr'><strong>posset</strong></span> <span class='ocrx_word' id='word_1_181' title='bbox 2193 2567 2476 2649; x_wconf 85' lang='lat' dir='ltr'><strong>ejusdem</strong></span> <span class='ocrx_word' id='word_1_182' title='bbox 2535 2589 2666 2631; x_wconf 89' lang='lat' dir='ltr'><strong>cor-</strong></span> 
     </span>
     <span class='ocr_line' id='line_1_23' title="bbox 347 2663 2667 2750; baseline -0.001 -20"><span class='ocrx_word' id='word_1_183' title='bbox 347 2675 468 2750; x_wconf 86' lang='lat' dir='ltr'><strong>pus</strong></span> <span class='ocrx_word' id='word_1_184' title='bbox 520 2687 600 2730; x_wconf 88' lang='lat' dir='ltr'><strong>ex</strong></span> <span class='ocrx_word' id='word_1_185' title='bbox 655 2666 793 2729; x_wconf 90' lang='lat' dir='ltr'><strong>loco</strong></span> <span class='ocrx_word' id='word_1_186' title='bbox 848 2664 1173 2728; x_wconf 89' lang='lat' dir='ltr'><strong>humiliori</strong></span> <span class='ocrx_word' id='word_1_187' title='bbox 1228 2664 1308 2727; x_wconf 91' lang='lat' dir='ltr'><strong>ad</strong></span> <span class='ocrx_word' id='word_1_188' title='bbox 1366 2663 1857 2728; x_wconf 87' lang='lat' dir='ltr'><strong>commodiorem</strong></span> <span class='ocrx_word' id='word_1_189' title='bbox 1910 2669 1976 2728; x_wconf 90' lang='lat' dir='ltr'><strong>et</strong></span> <span class='ocrx_word' id='word_1_190' title='bbox 2030 2664 2408 2728; x_wconf 89' lang='lat' dir='ltr'><strong>nobiliorem</strong></span> <span class='ocrx_word' id='word_1_191' title='bbox 2463 2671 2667 2729; x_wconf 88' lang='lat' dir='ltr'><strong>trans-</strong></span> 
     </span>
     <span class='ocr_line' id='line_1_24' title="bbox 346 2760 2663 2846; baseline -0 -19"><span class='ocrx_word' id='word_1_192' title='bbox 346 2764 531 2841; x_wconf 87' lang='lat' dir='ltr'><strong>ferri,</strong></span> <span class='ocrx_word' id='word_1_193' title='bbox 591 2764 729 2846; x_wconf 90' lang='lat' dir='ltr'><strong>ejus</strong></span> <span class='ocrx_word' id='word_1_194' title='bbox 776 2762 1124 2845; x_wconf 80' lang='lat' dir='ltr'><strong>imagineS,</strong></span> <span class='ocrx_word' id='word_1_195' title='bbox 1187 2765 1379 2843; x_wconf 86' lang='lat' dir='ltr'><strong>prout</strong></span> <span class='ocrx_word' id='word_1_196' title='bbox 1424 2760 1672 2845; x_wconf 89' lang='lat' dir='ltr'><strong>jamdiu</strong></span> <span class='ocrx_word' id='word_1_197' title='bbox 1738 2760 1966 2838; x_wconf 87' lang='lat' dir='ltr'><strong>fiebat,</strong></span> <span class='ocrx_word' id='word_1_198' title='bbox 2032 2761 2202 2844; x_wconf 89' lang='lat' dir='ltr'><strong>apud</strong></span> <span class='ocrx_word' id='word_1_199' title='bbox 2259 2761 2475 2825; x_wconf 87' lang='lat' dir='ltr'><strong>fideles</strong></span> <span class='ocrx_word' id='word_1_200' title='bbox 2522 2784 2663 2845; x_wconf 88' lang='lat' dir='ltr'><strong>pos-</strong></span> 
     </span>
     <span class='ocr_line' id='line_1_25' title="bbox 345 2855 2666 2940; baseline -0.001 -16"><span class='ocrx_word' id='word_1_201' title='bbox 345 2865 493 2924; x_wconf 88' lang='lat' dir='ltr'><strong>sent</strong></span> <span class='ocrx_word' id='word_1_202' title='bbox 543 2860 763 2922; x_wconf 89' lang='lat' dir='ltr'><strong>haberi</strong></span> <span class='ocrx_word' id='word_1_203' title='bbox 810 2862 875 2922; x_wconf 91' lang='lat' dir='ltr'><strong>et</strong></span> <span class='ocrx_word' id='word_1_204' title='bbox 916 2880 1045 2922; x_wconf 88' lang='lat' dir='ltr'><strong>una</strong></span> <span class='ocrx_word' id='word_1_205' title='bbox 1092 2880 1235 2921; x_wconf 90' lang='lat' dir='ltr'><strong>cum</strong></span> <span class='ocrx_word' id='word_1_206' title='bbox 1288 2855 1481 2922; x_wconf 86' lang='lat' dir='ltr'><strong>Petro</strong></span> <span class='ocrx_word' id='word_1_207' title='bbox 1541 2857 1678 2940; x_wconf 90' lang='lat' dir='ltr'><strong>ipse</strong></span> <span class='ocrx_word' id='word_1_208' title='bbox 1732 2858 1799 2921; x_wconf 89' lang='lat' dir='ltr'><strong>in</strong></span> <span class='ocrx_word' id='word_1_209' title='bbox 1849 2857 2069 2921; x_wconf 89' lang='lat' dir='ltr'><strong>Beatis</strong></span> <span class='ocrx_word' id='word_1_210' title='bbox 2116 2858 2256 2922; x_wconf 89' lang='lat' dir='ltr'><strong>coli.</strong></span> <span class='ocrx_word' id='word_1_211' title='bbox 2349 2857 2470 2921; x_wconf 90' lang='lat' dir='ltr'><strong>His</strong></span> <span class='ocrx_word' id='word_1_212' title='bbox 2515 2879 2666 2921; x_wconf 90' lang='lat' dir='ltr'><strong>vero</strong></span> 
     </span>
     <span class='ocr_line' id='line_1_26' title="bbox 345 2953 2665 3039; baseline -0 -20"><span class='ocrx_word' id='word_1_213' title='bbox 345 2955 639 3039; x_wconf 88' lang='lat' dir='ltr'><strong>precibus</strong></span> <span class='ocrx_word' id='word_1_214' title='bbox 689 2954 993 3018; x_wconf 83' lang='lat' dir='ltr'><strong>Pontifex</strong></span> <span class='ocrx_word' id='word_1_215' title='bbox 1041 2954 1458 3018; x_wconf 87' lang='lat' dir='ltr'><strong>annuendum</strong></span> <span class='ocrx_word' id='word_1_216' title='bbox 1501 2959 1716 3031; x_wconf 87' lang='lat' dir='ltr'><strong>ratus,</strong></span> <span class='ocrx_word' id='word_1_217' title='bbox 1773 2953 1940 3036; x_wconf 90' lang='lat' dir='ltr'><strong>quod</strong></span> <span class='ocrx_word' id='word_1_218' title='bbox 1987 2954 2369 3036; x_wconf 88' lang='lat' dir='ltr'><strong>poscebatur</strong></span> <span class='ocrx_word' id='word_1_219' title='bbox 2414 2975 2665 3018; x_wconf 89' lang='lat' dir='ltr'><strong>conces·</strong></span> 
     </span>
     <span class='ocr_line' id='line_1_27' title="bbox 344 3048 2667 3133; baseline -0.001 -17"><span class='ocrx_word' id='word_1_220' title='bbox 344 3052 460 3125; x_wconf 88' lang='lat' dir='ltr'><strong>sit,</strong></span> <span class='ocrx_word' id='word_1_221' title='bbox 522 3050 680 3116; x_wconf 91' lang='lat' dir='ltr'><strong>illud</strong></span> <span class='ocrx_word' id='word_1_222' title='bbox 736 3057 957 3114; x_wconf 91' lang='lat' dir='ltr'><strong>tamen</strong></span> <span class='ocrx_word' id='word_1_223' title='bbox 1012 3055 1230 3133; x_wconf 89' lang='lat' dir='ltr'><strong>aperte</strong></span> <span class='ocrx_word' id='word_1_224' title='bbox 1277 3050 1640 3124; x_wconf 78' lang='lat' dir='ltr'><strong>deelaranS,</strong></span> <span class='ocrx_word' id='word_1_225' title='bbox 1703 3071 1835 3114; x_wconf 90' lang='lat' dir='ltr'><strong>non</strong></span> <span class='ocrx_word' id='word_1_226' title='bbox 1885 3050 2118 3114; x_wconf 90' lang='lat' dir='ltr'><strong>idcirco</strong></span> <span class='ocrx_word' id='word_1_227' title='bbox 2173 3052 2349 3113; x_wconf 87' lang='lat' dir='ltr'><strong>inter</strong></span> <span class='ocrx_word' id='word_1_228' title='bbox 2394 3048 2667 3114; x_wconf 82' lang='lat' dir='ltr'><strong>Sanctos</strong></span> 
     </span>
     <span class='ocr_line' id='line_1_28' title="bbox 347 3144 2664 3231; baseline -0 -19"><span class='ocrx_word' id='word_1_229' title='bbox 347 3170 456 3214; x_wconf 90' lang='lat' dir='ltr'><strong>eos</strong></span> <span class='ocrx_word' id='word_1_230' title='bbox 518 3168 705 3231; x_wconf 91' lang='lat' dir='ltr'><strong>posse</strong></span> <span class='ocrx_word' id='word_1_231' title='bbox 759 3146 1005 3211; x_wconf 91' lang='lat' dir='ltr'><strong>censeri</strong></span> <span class='ocrx_word' id='word_1_232' title='bbox 1063 3148 1330 3229; x_wconf 90' lang='lat' dir='ltr'><strong>relatos,</strong></span> <span class='ocrx_word' id='word_1_233' title='bbox 1387 3144 1496 3209; x_wconf 83' lang='lat' dir='ltr'><strong>sed</strong></span> <span class='ocrx_word' id='word_1_234' title='bbox 1552 3146 1619 3209; x_wconf 89' lang='lat' dir='ltr'><strong>icl</strong></span> <span class='ocrx_word' id='word_1_235' title='bbox 1681 3147 1990 3210; x_wconf 87' lang='lat' dir='ltr'><strong>reservari</strong></span> <span class='ocrx_word' id='word_1_236' title='bbox 2054 3146 2134 3210; x_wconf 90' lang='lat' dir='ltr'><strong>ad</strong></span> <span class='ocrx_word' id='word_1_237' title='bbox 2195 3152 2479 3230; x_wconf 76' lang='lat' dir='ltr'><strong>tempuS,</strong></span> <span class='ocrx_word' id='word_1_238' title='bbox 2540 3168 2664 3229; x_wconf 90' lang='lat' dir='ltr'><strong>quo</strong></span> 
     </span>
     <span class='ocr_line' id='line_1_29' title="bbox 346 3240 2665 3326; baseline -0.002 -17"><span class='ocrx_word' id='word_1_239' title='bbox 346 3267 537 3310; x_wconf 88' lang='lat' dir='ltr'><strong>causa</strong></span> <span class='ocrx_word' id='word_1_240' title='bbox 604 3244 1108 3308; x_wconf 88' lang='lat' dir='ltr'><strong>canonizationis</strong></span> <span class='ocrx_word' id='word_1_241' title='bbox 1175 3248 1434 3325; x_wconf 89' lang='lat' dir='ltr'><strong>peracta</strong></span> <span class='ocrx_word' id='word_1_242' title='bbox 1502 3247 1567 3308; x_wconf 88' lang='lat' dir='ltr'><strong>et</strong></span> <span class='ocrx_word' id='word_1_243' title='bbox 1635 3243 1929 3307; x_wconf 90' lang='lat' dir='ltr'><strong>absoluta</strong></span> <span class='ocrx_word' id='word_1_244' title='bbox 1997 3240 2313 3326; x_wconf 78' lang='lat' dir='ltr'><strong>fuisset.²)</strong></span> <span class='ocrx_word' id='word_1_245' title='bbox 2429 3242 2495 3308; x_wconf 85' lang='lat' dir='ltr'><strong>Si</strong></span> <span class='ocrx_word' id='word_1_246' title='bbox 2565 3265 2665 3307; x_wconf 89' lang='lat' dir='ltr'><strong>res</strong></span> 
     </span>
     <span class='ocr_line' id='line_1_30' title="bbox 348 3339 2666 3426; baseline -0.001 -21"><span class='ocrx_word' id='word_1_247' title='bbox 348 3363 501 3426; x_wconf 84' lang='lat' dir='ltr'><strong>ergo</strong></span> <span class='ocrx_word' id='word_1_248' title='bbox 532 3340 975 3407; x_wconf 88' lang='lat' dir='ltr'><strong>consideretur</strong></span> <span class='ocrx_word' id='word_1_249' title='bbox 1016 3361 1095 3404; x_wconf 87' lang='lat' dir='ltr'><strong>ex</strong></span> <span class='ocrx_word' id='word_1_250' title='bbox 1124 3340 1379 3404; x_wconf 86' lang='lat' dir='ltr'><strong>ratione</strong></span> <span class='ocrx_word' id='word_1_251' title='bbox 1425 3360 1554 3422; x_wconf 88' lang='lat' dir='ltr'><strong>qua</strong></span> <span class='ocrx_word' id='word_1_252' title='bbox 1599 3359 1749 3402; x_wconf 88' lang='lat' dir='ltr'><strong>vere</strong></span> <span class='ocrx_word' id='word_1_253' title='bbox 1790 3344 1977 3420; x_wconf 84' lang='lat' dir='ltr'><strong>gesta</strong></span> <span class='ocrx_word' id='word_1_254' title='bbox 2023 3347 2139 3416; x_wconf 87' lang='lat' dir='ltr'><strong>est,</strong></span> <span class='ocrx_word' id='word_1_255' title='bbox 2189 3339 2486 3404; x_wconf 87' lang='lat' dir='ltr'><strong>Clemens</strong></span> <span class='ocrx_word' id='word_1_256' title='bbox 2519 3339 2666 3409; x_wconf 79' lang='lat' dir='ltr'><strong>VII.</strong></span> 
     </span>
     <span class='ocr_line' id='line_1_31' title="bbox 346 3435 2663 3517; baseline -0.002 -14"><span class='ocrx_word' id='word_1_257' title='bbox 346 3438 588 3503; x_wconf 90' lang='lat' dir='ltr'><strong>cultum</strong></span> <span class='ocrx_word' id='word_1_258' title='bbox 661 3436 983 3501; x_wconf 88' lang='lat' dir='ltr'><strong>Ludovico</strong></span> <span class='ocrx_word' id='word_1_259' title='bbox 1050 3458 1185 3500; x_wconf 91' lang='lat' dir='ltr'><strong>non</strong></span> <span class='ocrx_word' id='word_1_260' title='bbox 1255 3439 1414 3498; x_wconf 89' lang='lat' dir='ltr'><strong>tunc</strong></span> <span class='ocrx_word' id='word_1_261' title='bbox 1481 3436 1755 3517; x_wconf 89' lang='lat' dir='ltr'><strong>primum</strong></span> <span class='ocrx_word' id='word_1_262' title='bbox 1829 3436 2027 3499; x_wconf 89' lang='lat' dir='ltr'><strong>veluti</strong></span> <span class='ocrx_word' id='word_1_263' title='bbox 2101 3435 2304 3499; x_wconf 87' lang='lat' dir='ltr'><strong>Beato</strong></span> <span class='ocrx_word' id='word_1_264' title='bbox 2374 3435 2663 3499; x_wconf 89' lang='lat' dir='ltr'><strong>tribuen-</strong></span> 
     </span>
     <span class='ocr_line' id='line_1_32' title="bbox 346 3532 2666 3615; baseline -0 -16"><span class='ocrx_word' id='word_1_265' title='bbox 346 3535 497 3599; x_wconf 90' lang='lat' dir='ltr'><strong>dum</strong></span> <span class='ocrx_word' id='word_1_266' title='bbox 555 3535 867 3615; x_wconf 87' lang='lat' dir='ltr'><strong>decrevit,</strong></span> <span class='ocrx_word' id='word_1_267' title='bbox 936 3532 1046 3597; x_wconf 91' lang='lat' dir='ltr'><strong>sed</strong></span> <span class='ocrx_word' id='word_1_268' title='bbox 1111 3553 1405 3596; x_wconf 88' lang='lat' dir='ltr'><strong>assensus</strong></span> <span class='ocrx_word' id='word_1_269' title='bbox 1474 3538 1573 3594; x_wconf 91' lang='lat' dir='ltr'><strong>est</strong></span> <span class='ocrx_word' id='word_1_270' title='bbox 1636 3532 2125 3610; x_wconf 87' lang='lat' dir='ltr'><strong>tantummodo,</strong></span> <span class='ocrx_word' id='word_1_271' title='bbox 2194 3538 2269 3597; x_wconf 88' lang='lat' dir='ltr'><strong>ut</strong></span> <span class='ocrx_word' id='word_1_272' title='bbox 2328 3532 2666 3598; x_wconf 87' lang='lat' dir='ltr'><strong>Arelaten-</strong></span> 
     </span>
     <span class='ocr_line' id='line_1_33' title="bbox 344 3626 2659 3711; baseline -0.002 -15"><span class='ocrx_word' id='word_1_273' title='bbox 344 3654 446 3697; x_wconf 88' lang='lat' dir='ltr'><strong>ses</strong></span> <span class='ocrx_word' id='word_1_274' title='bbox 513 3633 581 3696; x_wconf 92' lang='lat' dir='ltr'><strong>in</strong></span> <span class='ocrx_word' id='word_1_275' title='bbox 648 3631 867 3696; x_wconf 90' lang='lat' dir='ltr'><strong>eodem</strong></span> <span class='ocrx_word' id='word_1_276' title='bbox 932 3631 1110 3694; x_wconf 89' lang='lat' dir='ltr'><strong>cultu</strong></span> <span class='ocrx_word' id='word_1_277' title='bbox 1170 3628 1496 3694; x_wconf 86' lang='lat' dir='ltr'><strong>Cardinali</strong></span> <span class='ocrx_word' id='word_1_278' title='bbox 1562 3626 1886 3691; x_wconf 88' lang='lat' dir='ltr'><strong>Ludovico</strong></span> <span class='ocrx_word' id='word_1_279' title='bbox 1948 3628 2309 3693; x_wconf 91' lang='lat' dir='ltr'><strong>exhibendo</strong></span> <span class='ocrx_word' id='word_1_280' title='bbox 2376 3649 2659 3711; x_wconf 88' lang='lat' dir='ltr'><strong>perseve-</strong></span> 
     </span>
     <span class='ocr_line' id='line_1_34' title="bbox 345 3722 2664 3812; baseline -0.002 -19"><span class='ocrx_word' id='word_1_281' title='bbox 345 3733 595 3806; x_wconf 87' lang='lat' dir='ltr'><strong>rarent,</strong></span> <span class='ocrx_word' id='word_1_282' title='bbox 666 3749 856 3812; x_wconf 90' lang='lat' dir='ltr'><strong>quem</strong></span> <span class='ocrx_word' id='word_1_283' title='bbox 909 3726 1159 3812; x_wconf 88' lang='lat' dir='ltr'><strong>jamdiu</strong></span> <span class='ocrx_word' id='word_1_284' title='bbox 1224 3726 1281 3790; x_wconf 89' lang='lat' dir='ltr'><strong>ei</strong></span> <span class='ocrx_word' id='word_1_285' title='bbox 1342 3732 1408 3789; x_wconf 91' lang='lat' dir='ltr'><strong>et</strong></span> <span class='ocrx_word' id='word_1_286' title='bbox 1473 3724 1665 3789; x_wconf 81' lang='lat' dir='ltr'><strong>Petro</strong></span> <span class='ocrx_word' id='word_1_287' title='bbox 1728 3722 2291 3808; x_wconf 87' lang='lat' dir='ltr'><strong>Luxemburgensi</strong></span> <span class='ocrx_word' id='word_1_288' title='bbox 2357 3725 2664 3804; x_wconf 88' lang='lat' dir='ltr'><strong>exhiberi,</strong></span> 
     </span>
     <span class='ocr_line' id='line_1_35' title="bbox 342 3821 2662 3910; baseline -0.002 -21"><span class='ocrx_word' id='word_1_289' title='bbox 342 3826 737 3910; x_wconf 88' lang='lat' dir='ltr'><strong>gravissimis</strong></span> <span class='ocrx_word' id='word_1_290' title='bbox 792 3823 1181 3889; x_wconf 88' lang='lat' dir='ltr'><strong>testimoniis</strong></span> <span class='ocrx_word' id='word_1_291' title='bbox 1237 3829 1303 3887; x_wconf 90' lang='lat' dir='ltr'><strong>et</strong></span> <span class='ocrx_word' id='word_1_292' title='bbox 1360 3821 1612 3905; x_wconf 89' lang='lat' dir='ltr'><strong>publica</strong></span> <span class='ocrx_word' id='word_1_293' title='bbox 1660 3821 2034 3886; x_wconf 80' lang='lat' dir='ltr'><strong>celebritate</strong></span> <span class='ocrx_word' id='word_1_294' title='bbox 2084 3826 2150 3886; x_wconf 91' lang='lat' dir='ltr'><strong>et</strong></span> <span class='ocrx_word' id='word_1_295' title='bbox 2202 3821 2423 3905; x_wconf 91' lang='lat' dir='ltr'><strong>populi</strong></span> <span class='ocrx_word' id='word_1_296' title='bbox 2470 3843 2662 3886; x_wconf 88' lang='lat' dir='ltr'><strong>vene·</strong></span> 
     </span>
     <span class='ocr_line' id='line_1_36' title="bbox 344 3921 1004 3987; baseline -0.003 -2"><span class='ocrx_word' id='word_1_297' title='bbox 344 3923 599 3987; x_wconf 88' lang='lat' dir='ltr'><strong>ratione</strong></span> <span class='ocrx_word' id='word_1_298' title='bbox 644 3921 1004 3986; x_wconf 88' lang='lat' dir='ltr'><strong>constabat.</strong></span> 
     </span>
    </p>
   </div>
   <div class='ocr_carea' id='block_1_4' title="bbox 351 4087 772 4094">
    <p class='ocr_par' dir='ltr' id='par_1_4' title="bbox 351 4087 772 4094">
     <span class='ocr_line' id='line_1_37' title="bbox 351 4087 772 4094; baseline 0 920"><span class='ocrx_word' id='word_1_299' title='bbox 351 4087 772 4094; x_wconf 95' lang='lat' dir='ltr'><strong> </strong></span> 
     </span>
    </p>
   </div>
   <div class='ocr_carea' id='block_1_5' title="bbox 525 4168 2442 4238">
    <p class='ocr_par' dir='ltr' id='par_1_5' title="bbox 525 4168 2442 4238">
     <span class='ocr_line' id='line_1_38' title="bbox 525 4168 2442 4238; baseline -0.002 -12"><span class='ocrx_word' id='word_1_300' title='bbox 525 4171 567 4238; x_wconf 92' lang='lat'><strong>¹)</strong></span> <span class='ocrx_word' id='word_1_301' title='bbox 604 4172 671 4226; x_wconf 89' lang='lat' dir='ltr'><strong>V.</strong></span> <span class='ocrx_word' id='word_1_302' title='bbox 710 4169 962 4226; x_wconf 89' lang='lat' dir='ltr'><strong>Bolland.</strong></span> <span class='ocrx_word' id='word_1_303' title='bbox 1037 4171 1181 4224; x_wconf 84' lang='lat' dir='ltr'><strong>Aeta</strong></span> <span class='ocrx_word' id='word_1_304' title='bbox 1217 4169 1543 4225; x_wconf 88' lang='lat' dir='ltr'><strong>Sanctorum</strong></span> <span class='ocrx_word' id='word_1_305' title='bbox 1583 4169 1858 4235; x_wconf 86' lang='lat' dir='ltr'><strong>Septemb.</strong></span> <span class='ocrx_word' id='word_1_306' title='bbox 1899 4168 1962 4222; x_wconf 88' lang='grc' dir='ltr'><strong>Τ.</strong></span> <span class='ocrx_word' id='word_1_307' title='bbox 1992 4168 2059 4222; x_wconf 91' lang='lat' dir='ltr'><strong>V.</strong></span> <span class='ocrx_word' id='word_1_308' title='bbox 2097 4186 2149 4238; x_wconf 87' lang='lat' dir='ltr'><strong>p.</strong></span> <span class='ocrx_word' id='word_1_309' title='bbox 2185 4171 2292 4223; x_wconf 85' lang='lat'><strong>436</strong></span> <span class='ocrx_word' id='word_1_310' title='bbox 2329 4185 2442 4236; x_wconf 81' lang='lat' dir='ltr'><strong>sqq.</strong></span> 
     </span>
    </p>
   </div>
  </div>
 </body>
</html>
