3281 5014
658 426 761 477 368
939 422 1163 476 XXXV.
1202 423 1283 477 De
1322 421 1526 476 Concil.
1564 420 1870 476 Basileensi
1910 436 1974 473 ac
2012 421 2078 475 de
2117 420 2332 487 Synodo
2369 420 2704 474 Florentius.

525 567 576 605 *ξ’
657 567 729 626 ut
783 565 1111 627 sententia
1166 564 1539 628 doctrinalis
1595 568 1994 646 proponatur
2040 562 2116 626 de
2164 562 2556 627 sessionibus
2603 563 2964 626 transactis,

562 683 608 739 Α
659 659 1002 723 Praeterea
1061 681 1211 723 vero
1273 659 1522 743 adjecta
1585 660 1709 723 fuit
1771 658 1919 723 huic
1975 660 2449 724 confirmationi
2509 658 2823 741 oganio,
2895 665 2970 720 ut

654 756 871 818 omnia
917 756 1331 838 tollerentur,
1384 778 1545 839 quae
1589 762 1813 820 contra
1864 755 2241 821 Pontificem
2287 755 2459 819 facta
2505 761 2723 830 erant,
2783 755 2967 837 eique

652 846 870 914 debita
926 852 1295 941 obedientia
1351 859 1417 915 et
1462 854 1823 941 reverentia
1883 852 2358 917 exhiberentur.
2450 850 2768 942 Ne—ntrum
2816 872 2966 913 vero

651 947 804 1013 fecit
863 938 1221 1013 Concilium
1285 948 1685 1022 Basileense,
1751 948 2036 1032 adeoque
2098 970 2213 1013 suo
2279 948 2514 1032 agendi
2569 938 2756 1011 modo
2814 968 2963 1011 con-

651 1029 1080 1109 fiFffitionem
1145 1044 1423 1128 Eugenii
1492 1044 1871 1122 infirmavit,
1947 1065 2064 1108 nec
2134 1045 2217 1108 ob
2291 1066 2428 1108 eam
2488 1044 2966 1108 oecumenicum

650 1147 716 1205 et
783 1142 1146 1226 legitimum
1213 1142 1436 1206 haberi
1505 1146 1735 1224 potest.
1809 1177 1887 1186 -
1959 1138 2031 1204 4⁰
2088 1140 2415 1224 Eugenius
2479 1145 2701 1204 tamen
2767 1141 2963 1204 etiam

652 1242 875 1321 postea
931 1240 1118 1303 annis
1168 1238 1336 1302 1446
1383 1243 1450 1303 et
1497 1239 1697 1319 1447,
1755 1260 1951 1322 quum
2013 1243 2311 1321 ageretur
2363 1236 2442 1301 de
2501 1237 2967 1301 reconcilianda

525 1336 568 1413 V
652 1334 1016 1411 Germania,
1064 1335 1388 1418 professus
1433 1341 1561 1416 est,
1616 1357 1685 1399 se
1730 1336 2043 1418 suscipere
2091 1334 2443 1399 Concilium
2489 1332 2791 1418 generale
2840 1332 2964 1396 Ba·

576 1484 580 1487 ,
650 1432 926 1495 sileense
986 1452 1187 1515 usque
1251 1431 1330 1494 ad
1391 1431 1887 1495 translationem
1949 1431 2029 1493 ab
2089 1430 2228 1512 ipso
2289 1430 2559 1506 factam,
2621 1434 2817 1512 atque
2876 1430 2965 1492 sic

651 1527 964 1611 ejusmodi
1024 1528 1387 1613 agnitione,
1448 1549 1609 1611 quae
1671 1528 2027 1610 supplesset
2081 1525 2397 1601 defectus,
2459 1525 2741 1609 dignitas
2800 1523 2963 1590 Con-

649 1625 779 1688 cilii
832 1625 1220 1688 oecumenici
1282 1623 1482 1688 eidem
1539 1622 1737 1686 tribui
1802 1628 2035 1705 posset.
2139 1621 2263 1685 Sed
2319 1622 2617 1686 omnibns
2671 1621 2962 1685 conside-

648 1723 834 1798 ratis,
893 1721 1155 1784 nonnisi
1216 1743 1331 1804 per
1392 1720 1864 1805 indulgentiam
1918 1721 2290 1802 quamdam,
2349 1725 2426 1782 ut
2487 1721 2731 1803 majora
2792 1720 2964 1782 mala

648 1819 915 1895 vitaret,
971 1816 1274 1881 Pontifex
1334 1819 1501 1882 hanc
1545 1817 2046 1882 declarationem
2099 1816 2338 1895 emisit,
2393 1816 2664 1899 injurias
2710 1839 2749 1879 a
2796 1814 2963 1880 Con·

650 1914 794 1978 cilio
856 1915 973 1997 ipsi
1039 1913 1243 1978 factas
1298 1914 1498 1977 veluti
1562 1912 1956 1978 condonans.
2057 1913 2336 1977 Additur
2395 1934 2649 1996 quoque
2709 1913 2780 1976 in
2827 1913 2962 1990 (lit-

648 2011 805 2074 teris
858 2009 935 2073 ad
984 2011 1233 2094 legatos
1282 2010 1690 2086 Germaniae)
1743 2008 1982 2090 absque
2040 2012 2259 2073 tamen
2305 2006 2717 2091 praejudicio
2757 2006 2961 2088 juri-3,

504 2122 563 2209 χ
647 2105 997 2189 diynitatis
1065 2110 1127 2170 et
1186 2104 1746 2188 praeeminentiae
1825 2105 2088 2170 sanctae
2155 2105 2340 2170 Sedis
2409 2103 2814 2186 Apostolicae
2886 2123 2963 2168 ac

642 2201 985 2284 potestatis
1051 2200 1179 2266 sibi
1244 2206 1306 2266 et
1369 2201 1444 2266 in
1507 2201 1727 2266 eadem
1794 2201 2098 2267 canonice
2165 2200 2530 2266 sedentibus
2601 2219 2963 2279 concessae;

646 2306 837 2383 atque
883 2302 1080 2365 etiam
1135 2303 1281 2383 post
1324 2299 1727 2365 Concordata
1780 2320 1923 2364 cum
1971 2298 2350 2364 Oratoribus
2402 2300 2763 2383 principum
2811 2297 2960 2363 Ger·

646 2398 898 2461 maniae
958 2397 1284 2474 confecta,
1343 2396 1444 2461 die
1492 2395 1561 2459 5⁰
1609 2395 1940 2461 Februarii
2003 2419 2059 2460 a.
2113 2395 2282 2459 1447
2344 2395 2522 2459 brevi
2582 2401 2737 2460 ante
2797 2417 2959 2459 mor·

644 2498 777 2559 tem
839 2493 1126 2578 publicas
1189 2491 1389 2559 edidit
1448 2492 1780 2577 Eugenius
1836 2492 1952 2561 IV.
2016 2494 2265 2559 litteras
2324 2490 2526 2557 Decet
2584 2490 2959 2557 Romanum

645 2590 1044 2670 Pontificem,
1092 2591 1323 2675 quibus
1365 2590 1668 2669 declarat,
1714 2591 1886 2655 nolle
1933 2613 2019 2667 se,
2067 2593 2145 2654 ut
2189 2612 2300 2673 per
2346 2590 2611 2674 quaevis
2656 2611 2963 2673 responsa

539 2720 592 2800 J,
643 2709 1028 2753 concessave
1067 2689 1220 2770 jura
1265 2708 1340 2751 ac
1382 2689 1837 2772 praerogativa
1881 2687 2154 2751 Romani
2205 2687 2537 2751 Pontificis
2599 2688 2731 2751 ullo
2774 2686 2959 2751 modo

641 2785 1207 2850 labefactarentur.
1258 2819 1347 2829 —
1405 2783 1709 2848 Pontifex
1764 2785 1835 2848 in
1897 2783 2363 2866 multiplicibus
2411 2790 2772 2867 temporum
2816 2783 2959 2847 illo-

641 2904 784 2945 rum
853 2880 1344 2945 difficultatibus
1409 2902 1536 2946 non
1606 2881 1950 2945 tenebatur
2019 2902 2287 2945 examen
2370 2880 2710 2966 juridicum
2776 2879 2958 2944 insti-

643 2983 855 3061 tuere,
911 2982 1129 3041 utrum
1187 2977 1255 3041 in
1303 2975 1564 3060 Synodo
1618 2976 1975 3042 Basileensi
2031 2979 2409 3042 continuata
2463 2977 2767 3059 impletae
2823 2977 2960 3040 fue·

642 3075 778 3138 rint
833 3073 1259 3151 conditiones,
1330 3095 1489 3157 quas
1548 3074 2023 3138 confirmationi
2081 3075 2218 3158 ipse
2278 3079 2691 3158 apposuerat,
2762 3078 2957 3156 atque

642 3176 861 3234 utrum
908 3191 1040 3236 non
1084 3174 1263 3234 totus
1309 3169 1541 3255 agendi
1589 3171 1813 3236 modus
1858 3168 2329 3235 Basileensinm
2378 3177 2604 3255 vergat
2658 3170 2729 3234 in
2776 3191 2959 3253 prae·

634 3267 949 3350 judicium
1012 3266 1350 3350 dignitatis
1408 3262 1593 3330 Sedis
1650 3265 2077 3350 Apostolicae.
2184 3265 2308 3332 Sed
2376 3270 2632 3351 poterat
2698 3271 2960 3350 propter

640 3385 861 3447 pacem
908 3368 975 3427 et
1019 3364 1327 3428 unionem
1385 3362 1804 3427 obtinendam
1855 3363 2201 3440 declarare,
2260 3363 2480 3427 addita
2521 3364 2809 3448 generali
2855 3384 2955 3427 re·

639 3461 1006 3538 strictione,
1063 3481 1130 3523 se
1191 3461 1512 3543 suscipere
1570 3458 1928 3524 Concilium
1984 3459 2286 3544 generale
2342 3459 2731 3525 Basileense.
2832 3458 2959 3524 Sed

640 3557 1042 3639 postmodum
1103 3556 1504 3621 existimasse
1550 3553 1853 3620 videntur
1910 3556 2272 3640 gravissimi
2319 3557 2437 3621 viri
2460 3607 2476 3636 ‚
2531 3561 2632 3623 tot
2688 3555 2956 3620 defecti-

639 3654 758 3717 bus
818 3657 886 3717 et
940 3658 1130 3718 tanta
1191 3653 1456 3718 audacia
1515 3653 1583 3717 in
1638 3648 1869 3717 Sedem
1917 3652 2348 3736 Apostolicam
2405 3654 2700 3718 vitiatam
2758 3650 2957 3716 fuisse

639 3751 1137 3816 celebrationem
1191 3750 1366 3814 illins
1418 3747 1693 3833 Synodi,
1749 3753 1825 3813 ut
1877 3750 2026 3814 inde
2073 3750 2271 3836 digna
2318 3749 2491 3815 haud
2534 3749 2622 3812 sit
2676 3748 2957 3811 nominis

639 3845 910 3912 Concilii
965 3847 1384 3928 oecumenici,
1449 3852 1514 3910 et
1570 3846 1917 3911 declaratio
1965 3847 2242 3932 Eugenii
2296 3849 2439 3931 ipso
2497 3844 2742 3929 Synodi
2795 3844 2957 3909 vitio

638 3942 1022 4009 inhaerente
1081 3944 1283 4008 veluti
1346 3943 1731 4009 infirmetur.
1843 3944 2022 4009 Haec
2084 3946 2289 4028 igitur
2351 3943 2533 4009 nobis
2590 3941 2760 4006 ratio
2819 3962 2958 4005 esse

639 4040 919 4116 videtur,
982 4062 1095 4105 cur
1149 4063 1282 4104 non
1343 4040 1644 4105 obstante
1705 4039 1983 4124 Eugenii
2039 4039 2154 4105 IV.
2212 4040 2671 4120 declaratione,
2734 4040 2953 4102 tamen

638 4158 675 4199 a
727 4137 1046 4221 plerisque
1105 4136 1470 4202 auctoribus
1525 4136 1855 4201 catholicis
1912 4137 2024 4201 illa
2070 4134 2370 4223 Synodns
2422 4134 2768 4201 universim
2818 4156 2954 4198 non
