3281 5014
338 3437 574 3480 ‚Discutiun

624 431 704 481 28
1209 428 1382 482 XXX.
1420 428 1503 482 De
1539 428 1874 482 Pontificatu
1911 428 2180 482 Bonifatii
2206 428 2359 483 VIII.

637 574 816 653 ptum
866 591 1029 645 esse,
1086 590 1281 652 quum
1336 567 1557 634 eodem
1612 570 1964 634 universim
2026 571 2200 635 laicis
2259 571 2543 634 omnium
2586 573 2944 651 temporum

630 667 912 733 infestus
960 674 1186 731 contra
1232 668 1494 732 clericos
1542 669 1796 731 animus
1846 674 1910 731 et
1962 666 2133 730 lucta
2180 666 2537 751 obJ’iciatur.
2590 702 2670 711 -
2717 666 2947 743 Quem-

630 762 974 827 admodum
1021 763 1222 846 igitur
1267 763 1424 829 haec
1468 763 1661 828 verba
1706 763 2230 846 praecipitantiae
2277 767 2343 828 et
2387 763 2752 828 iracundiae
2798 784 2950 846 prae

636 882 703 924 se
751 861 973 924 ferunt
1012 859 1279 936 indicia,
1335 862 1426 925 ita
1473 867 1538 926 et
1579 861 1649 924 in
1705 861 1842 943 ipsa
1887 858 2373 923 Constitutione
2420 861 2603 943 plura
2649 863 2803 922 sunt
2850 858 2948 923 his

638 957 831 1040 plane
890 956 1141 1021 similia.
1234 954 1591 1022 Prudentia
1635 955 1971 1020 Pontificis
2033 955 2435 1020 desideratur
2489 956 2556 1019 in
2615 979 2719 1033 eo,
2779 956 2948 1039 quod

637 1054 809 1118 bona
872 1053 1152 1117 feudalia
1213 1054 1815 1129 ecclesiasticorum,
1889 1051 2154 1116 tributis
2219 1074 2374 1116 sane
2436 1053 2742 1133 obnoxia,
2817 1073 2946 1116 non

628 1150 978 1234 distinguit
1023 1150 1260 1214 diserte
1316 1173 1354 1214 a
1399 1150 1663 1234 reliquis
1712 1148 1927 1228 boniS‚
1983 1148 2217 1233 quibus
2275 1151 2651 1214 immunitas
2698 1170 2951 1231 compe·-

629 1247 838 1311 tebat.
937 1246 1110 1310 Hinc
1158 1253 1420 1311 exortae
1480 1251 1636 1310 sunt
1694 1245 2200 1310 adversariorum
2262 1247 2584 1329 malignae
2641 1247 2954 1328 interpre-

632 1344 949 1408 tationes·
1004 1379 1093 1388 —
1147 1343 1316 1407 Dein
1365 1341 1731 1407 Bonifatius
1789 1343 1979 1405 etiam
2036 1342 2276 1406 nimiae
2335 1342 2660 1453 cujusdam
2716 1343 2947 1406 severi·

644 1440 798 1504 tatis
855 1441 1039 1524 argui
1100 1443 1330 1523 potest.
1434 1439 1962 1504 praedecessores
2018 1438 2189 1502 enim
2242 1440 2381 1521 ejus
2438 1441 2504 1503 in
2553 1439 2684 1503 suis
2740 1437 2953 1522 prohi-

639 1535 997 1599 bitionibus
1050 1535 1221 1601 haud
1266 1542 1771 1627 commemorant
1829 1533 1999 1598 dona
2045 1532 2371 1616 qratuffl,
2427 1557 2592 1619 quae
2637 1535 2949 1600 Bonifatii

634 1631 1125 1697 Constitutione
1183 1616 1535 1713 vetantur3
1576 1614 1992 1696 innocentius
2035 1630 2154 1695 III.
2212 1633 2748 1697 consultationem
2802 1638 2949 1696 tan·

641 1736 784 1793 tum
819 1734 1080 1793 sanctae
1111 1728 1290 1793 Sedis
1323 1728 1766 1792 ecclesiasticis
1798 1728 2213 1810 imposuerat,
2260 1734 2336 1792 ut
2379 1729 2771 1813 principibus
2802 1730 2953 1794 sub-

634 1825 803 1890 sidia
849 1825 1202 1891 concedere
1238 1832 1531 1909 possent,
1586 1823 1954 1889 Bonifatius
2000 1845 2150 1888 vero
2207 1847 2566 1908 expressam
2625 1826 2950 1892 licentiam

644 1923 784 1986 vult
846 1923 1008 2004 pet-i3
1076 1923 1216 2004 ipse
1280 1921 1719 1986 ecclesiasticis
1778 1941 2061 2004 quoque,
2138 1923 2244 2005 qui
2310 1922 2450 1986 sine
2512 1922 2629 1987 hac
2688 1923 2951 1987 licentia

634 2018 922 2082 subsidia
972 2018 1154 2094 dant,
1202 2019 1610 2103 gravissimas
1656 2017 1944 2081 minatur
1988 2039 2253 2100 poenaS,
2306 2019 2474 2103 quod
2521 2024 2951 2083 antecessores

641 2114 812 2180 haud
871 2115 1189 2179 fecerunt.
1280 2114 1522 2179 Horum
1582 2135 1772 2197 porro
1829 2113 2083 2177 decreta
2143 2113 2385 2179 directe
2440 2120 2662 2180 contra
2720 2117 2950 2198 princi-

641 2235 793 2296 pum
840 2213 1169 2277 ministros
1223 2212 1469 2275 tributa
1526 2211 1859 2294 exigentes
1916 2209 2054 2273 lata
2101 2214 2320 2288 erant,
2384 2211 2624 2275 mentio
2678 2211 2950 2294 impera-

636 2318 855 2374 torum
904 2331 976 2373 ac
1019 2329 1245 2392 regum
1285 2309 1354 2371 in
1402 2308 1554 2390 ipsis
1599 2328 1734 2370 non
1781 2305 1997 2384 fiebat,
2046 2312 2243 2390 atque
2291 2308 2385 2371 ita
2429 2307 2760 2372 conflictus
2807 2330 2949 2373 cum

645 2408 736 2470 eis
784 2406 1222 2489 evitabantur3
1284 2403 1651 2468 Bonifatius
1699 2424 1849 2466 vero
1907 2425 2203 2486 expresse
2257 2405 2514 2487 impetit
2569 2404 2736 2487 ipsos
2791 2426 2951 2488 quo-

637 2526 768 2589 que
813 2504 1226 2587 imperatores
1260 2507 1326 2566 et
1355 2522 1553 2585 regeS.
1604 2537 1689 2546 -—-
1734 2498 2155 2583 Praepostere
2186 2505 2251 2565 et
2280 2499 2724 2584 imprudenter
2769 2501 2954 2585 plura

641 2602 709 2664 in
752 2599 1229 2665 Constitutione
1281 2596 1552 2662 Clericis
1598 2595 1796 2661 laicos
1842 2597 2011 2661 dicta
2058 2620 2216 2678 esse,
2260 2596 2410 2662 inde
2456 2606 2777 2681 postremo
2823 2600 2952 2664 col-

641 2698 895 2781 ligitur,
958 2697 1130 2778 quod
1177 2694 1542 2758 Bonifatius
1600 2716 1746 2758 mox
1811 2695 2239 2777 explicatione
2296 2700 2361 2758 et
2413 2695 2954 2779 interpretatione

637 2814 805 2877 quae
852 2798 1176 2856 statuerat
1223 2792 1520 2876 mitigare
1567 2795 1827 2855 coactus
1877 2795 1992 2858 est.

821 2939 923 3002 30.
979 2938 1151 3003 Istae
1209 2935 1794 3002 animadversiones
1841 2936 1937 3000 Ill.
1999 2938 2278 3003 auctoris
2325 2944 2496 3004 certe
2546 2940 2672 3003 vim
2729 2961 2954 3023 quam·

640 3037 789 3100 dam
853 3035 1126 3116 habent3
1191 3034 1468 3099 severius
1530 3038 1748 3096 tamen
1813 3035 1993 3098 nobis
2051 3033 2303 3099 videtur
2368 3034 2488 3099 hoc
2563 3036 2639 3099 de
2694 3035 2955 3100 Consti-

644 3132 896 3197 tutione
945 3129 1257 3195 Bonifatii
1302 3130 1633 3214 judicium.
1729 3128 2025 3193 Pertinet
2083 3131 2238 3196 haec
2301 3131 2379 3195 ad
2440 3154 2515 3196 ea
2570 3132 2955 3196 documenta

644 3229 723 3292 de
770 3229 1036 3312 quibus,
1099 3230 1291 3292 etiam
1340 3228 1533 3291 salvis
1597 3226 1950 3309 principiiS,
2014 3228 2173 3292 alius
2237 3229 2425 3292 aliter
2476 3228 2821 3312 judicabit,
2883 3251 2958 3294 ac

648 3348 783 3390 non
829 3325 1063 3390 desunt
1117 3344 1346 3407 graves
1402 3323 1685 3386 rationes
1732 3343 1897 3405 quae
1944 3323 2499 3389 observationibus
2550 3325 2679 3389 illis
2721 3326 2955 3407 opponi

583 3458 595 3465 -
648 3428 934 3507 possunt.
1001 3441 1091 3467 —-'
1156 3421 1427 3498 Querela
1484 3421 1610 3483 ista
1663 3416 1823 3506 „laid
1883 3417 2132 3483 clericis
2200 3420 2429 3504 oppido
2487 3424 2645 3486 sunt
2706 3418 2954 3502 infesti,

651 3520 957 3597 occurrit,
1004 3520 1101 3583 uti
1150 3519 1342 3583 etiam
1393 3516 1619 3581 Hefele
1666 3517 1802 3598 ipse
1847 3515 2156 3597 advertit,
2207 3520 2340 3600 jam
2385 3521 2454 3582 in
2501 3518 2743 3601 synodo
2791 3516 2958 3582 Ruf-

650 3616 820 3681 fensi
883 3638 939 3680 a.
998 3618 1189 3690 1258,
1255 3615 1324 3678 in
1388 3612 1633 3696 synodo
1692 3609 2104 3677 Nannetensi'
2165 3614 2447 3697 ejusdem
2514 3615 2696 3690 anni,
2759 3619 2825 3679 et
2887 3617 2959 3679 in

650 3713 894 3795 synodo
936 3711 1344 3776 Nannetensi
1400 3709 1556 3772 anni
1608 3706 1851 3791 1264.1)
1953 3707 2272 3775 Bonifatii
2331 3716 2547 3775 autem
2594 3713 2789 3776 verba
2843 3712 2959 3775 ha-

829 3918 869 3984 ¹)
914 3917 1021 3970 Cfr.
1060 3917 1280 3981 Hefele,
1329 3915 1800 3985 Conciliengesch.
1847 3918 1909 3970 Β.
1941 3917 2033 3970 VI.
2082 3916 2166 3986 ἓξ.
2206 3921 2326 3983 673,
2366 3920 2485 3970 674.
2539 3947 2604 3955 -
2656 3919 2744 3971 Ita
2792 3919 2958 3973 etiam

653 3998 892 4065 synodus
940 3997 998 4049 in
1047 4002 1227 4050 castro
1279 3995 1552 4061 Gonterii‚
1603 3996 1855 4062 praeside
1881 3996 2174 4062 Vincentio
2220 3997 2459 4064 archiep.
2499 3997 2825 4062 Turonensi,
2876 3998 2957 4050 in·

652 4075 787 4145 cipit
833 4075 944 4129 illis
983 4075 1187 4129 verbis:
1238 4073 1383 4143 Quia
1430 4073 1635 4128 clericis
1682 4075 1811 4129 laici
1857 4075 2050 4145 oppido
2094 4081 2224 4130 sunt
2267 4075 2471 4143 infesti.
2523 4104 2591 4114 —·
2639 4077 2704 4129 In
2751 4078 2957 4144 synodo

653 4154 959 4209 Turonensi
995 4170 1042 4208 a.
1083 4156 1218 4207 1282
1256 4153 1443 4207 habita
1481 4171 1598 4207 can.
1644 4155 1732 4208 110
1769 4156 2301 4209 excommunicantur
2337 4154 2481 4218 laici,
2521 4155 2612 4222 qui
2649 4156 2958 4222 prohibent,
