3281 5014
405 1018 644 1064 Conventio

376 1082 494 1125 inter
518 1085 664 1127 Ponti-

425 1147 549 1192 ficem
581 1153 626 1192 et

440 1222 597 1264 regem.

705 396 775 448 98
1152 396 1354 450 XXXI.
1392 396 1476 452 De
1514 396 1810 453 abolitione
1848 397 2069 453 Ordinis
2112 398 2560 467 Templariorum.

704 559 778 601 eo
844 545 1128 620 tempore
1193 540 1506 604 conficere
1569 540 1820 606 solebat
1884 539 2227 605 advocatus
2291 541 2534 604 aulicus
2592 539 2837 605 Dubois
2901 564 3016 606 no·

702 636 1008 700 minatus.
1028 631 1074 718 ¹)
1199 634 1591 700 Convocavit
1664 658 1811 700 vero
1887 658 1999 702 rex
2067 638 2355 702 comitias
2429 638 2626 702 trium
2696 636 3013 705 Ordinum

700 730 993 796 Turones
1046 752 1265 795 meuse
1324 730 1501 817 Majo
1561 756 1617 797 a.
1674 734 1871 809 1308,
1932 733 2153 818 ibique
2207 736 2617 819 congregatis
2672 736 3010 820 negotium

700 828 962 893 Ordinis
1007 828 1516 912 Templariorum
1571 832 1892 914 exposuit;
1955 852 2179 896 omnes
2233 835 2449 895 autem
2508 834 2883 917 congregati
2931 855 3010 898 ex

700 924 920 1003 clem,
994 925 1341 990 Nobilibus
1404 931 1471 989 et
1537 927 1771 1010 populo
1819 949 1941 992 ⁴eos
2007 949 2147 992 esse
2209 950 2352 993 reos
2415 933 2816 1012 mortemque
2879 953 3009 994 me·

698 1022 826 1087 reri
880 1023 1378 1088 conclamarunt.
1478 1022 1775 1088 Clemens
1833 1027 2055 1089 tamen
2110 1025 2494 1108 importunis
2550 1026 3006 1108 postulationi·

698 1119 818 1183 bus
864 1122 1035 1204 regis
1081 1120 1351 1198 restitit,
1410 1119 1610 1183 donec
1669 1127 1991 1203 postremo
2037 1142 2257 1186 versus
2313 1122 2508 1186 finem
2565 1123 2800 1187 mensis
2847 1122 3007 1187 Julii

697 1215 979 1282 Pictavis
1037 1218 1381 1282 conventio
1437 1217 1752 1302 quaedam
1811 1217 1981 1282 iuter
2026 1217 2405 1283 Pontificem
2462 1222 2528 1282 et
2582 1239 2798 1303 regem
2848 1241 3004 1284 con-

692 1314 864 1380 fecta
927 1321 1043 1381 est.
1145 1314 1496 1399 Praecipua
1557 1315 1751 1399 hujus
1814 1315 2261 1379 conventionis
2323 1316 2536 1399 capita
2600 1327 2784 1382 erant
2846 1318 3008 1383 ista:

601 1462 605 1465 ,
696 1408 763 1474 1⁰
812 1410 903 1477 Ut
949 1411 1298 1496 Templarii
1353 1433 1577 1479 omnes
1630 1412 2045 1478 traderentur
2095 1412 2167 1476 in
2221 1433 2449 1477 manus
2499 1412 2776 1479 Romani
2820 1413 2998 1479 Pon-

687 1508 912 1592 tificis‚
969 1510 1116 1574 dein
1176 1531 1356 1593 vere,
1417 1531 1614 1594 quum
1681 1508 1963 1574 Ecclesia
2025 1531 2135 1573 eos
2195 1509 2516 1574 custodire
2574 1532 2706 1575 non
2762 1517 3002 1595 posset,

686 1605 877 1670 iidem
925 1606 1346 1671 redderentur
1399 1608 1535 1692 regi
1593 1608 1854 1673 nomine
1899 1606 2236 1671 Pontificis
2282 1607 2696 1673 custodiendi.
2790 1605 2861 1672 2⁰
2906 1607 3007 1673 Ut

686 1702 765 1767 ad
834 1703 1004 1769 bona
1071 1703 1581 1787 Templariorum
1650 1702 2160 1768 administranda
2228 1704 2584 1769 commissio
2645 1706 2998 1771 constitue·

684 1806 898 1880 retur,
958 1802 1054 1865 ita
1114 1806 1190 1865 ut
1243 1802 1675 1866 membrorum
1736 1823 1933 1865 unam
1993 1805 2243 1884 partem
2302 1822 2444 1876 rex,
2509 1803 2776 1867 alteram
2838 1803 2993 1869 deli·

682 1903 866 1981 geret
933 1896 1282 1961 Pontifex.v
1373 1896 1675 1976 Reditus,
1739 1897 2093 1980 desumptis
2161 1901 2459 1980 expensis
2495 1906 2663 1982 ·pro'
2697 1899 2995 1985 Templa·

681 1992 794 2057 riis
853 1993 1191 2076 faciendis,
1254 2016 1369 2078 pro
1434 1993 1600 2058 bello
1663 2016 1840 2058 sacro
1895 1993 2270 2058 reservandi
2326 2000 2539 2071 erant,
2605 2017 2811 2081 neque
2874 2018 2990 2062 rex

680 2092 802 2157 sibi
848 2092 1017 2158 bona
1061 2092 1471 2177 appropriare
1517 2095 1793 2175 poterat.
1886 2090 2373 2156 Concedebatur
2419 2096 2668 2169 tamen,
2725 2098 2800 2157 ut
2854 2094 2997 2177 ipse

679 2191 1016 2272 pecuniam
1075 2194 1142 2252 et
1185 2189 1355 2253 bona
1406 2189 1667 2253 interim
1714 2187 2077 2254 custodiret.
2132 2223 2219 2234 ·-
2274 2187 2413 2254 Hoc
2464 2188 2653 2254 modo
2697 2210 2991 2255 remane-

679 2288 792 2353 bat
834 2286 1092 2373 quidem
1138 2284 1214 2350 de
1253 2284 1431 2368 facto
1476 2308 1551 2350 ex
1599 2283 2007 2350 concessione
2048 2285 2372 2350 Ecclesiae
2424 2288 2560 2371 regi
2606 2287 2677 2351 in
2721 2288 2992 2372 negotio

678 2384 1186 2469 Templariorum
1244 2404 1482 2467 magna
1537 2385 1857 2466 potestas3
1918 2382 2232 2465 principia
2278 2382 2445 2465 juris
2492 2390 2713 2447 tamen
2762 2389 2828 2448 et
2874 2406 2987 2448 au-

676 2482 955 2548 ctoritas>
992 2478 1316 2546 Ecclesiae
1371 2483 1548 2544 sarta
1604 2483 1671 2544 et
1720 2482 1892 2544 tecta
1946 2483 2152 2544 erant.
2248 2480 2466 2564 Atque
2519 2478 2677 2545 haec
2733 2479 2988 2546 videtur

674 2578 1032 2665 generatim
1092 2578 1160 2642 in
1195 2574 1203 2582 “
1223 2577 1505 2662 gerendo
1568 2576 1952 2660 pontificatu
2014 2577 2209 2641 fuisse
2270 2577 2621 2642 Clementis
2680 2577 2992 2654 intentio,

676 2683 751 2741 ut
795 2676 1111 2760 principia
1165 2679 1486 2759 tueretur3
1545 2678 1868 2739 caeterum
1914 2695 2064 2737 vero
2110 2674 2537 2739 conciliationi
2584 2674 2790 2740 multa
2834 2697 2984 2741 con·

674 2773 957 2840 cedebat.
1049 2775 1244 2838 Anno
1294 2773 1464 2837 1310
1524 2793 1670 2836 vero
1724 2769 2020 2834 Pontifex
2075 2771 2300 2835 acerbe
2355 2771 2432 2835 de
2484 2770 2777 2855 Philippo
2831 2794 2984 2838 con·

674 2870 1065 2956 querebatur
1109 2891 1252 2934 cum
1299 2869 1531 2953 legatis
1576 2867 1806 2950 ipsius,
1861 2868 2068 2951 quoad
2114 2867 2736 2932 administrationem
2789 2868 2983 2933 bono·

672 2991 816 3032 rum
874 2966 1134 3031 Ordinis
1179 2965 1710 3050 Templariorum.
1826 2962 2133 3029 Scribunt
2194 2965 2493 3029 videlicet
2553 2966 2748 3050 legati
2810 2967 2986 3048 regis

670 3066 739 3129 in
787 3069 1034 3129 secreta
1076 3085 1189 3128 sua
1242 3064 1555 3128 relatione
1612 3062 1673 3126 d.
1721 3063 1779 3127 d.
1828 3062 1930 3125 24.
1980 3060 2134 3127 Dec.
2187 3062 2379 3125 1310:
2442 3060 2530 3126 In
2582 3060 2862 3126 articulo
2903 3061 2986 3126 de

671 3158 1242 3226 administratione
1288 3158 1599 3224 bonoram
1655 3156 1902 3240 Templi
1944 3157 2133 3241 reyni
2176 3157 2403 3236 vestri,
2463 3157 2744 3237 addidit,
2807 3157 2982 3238 quod

670 3257 933 3336 sciebat,
998 3255 1167 3339 quod
1223 3256 1444 3322 omnia
1502 3254 1941 3339 perdebantur
1992 3258 2054 3318 et
2107 3253 2627 3337 dissipabantur,
2690 3258 2751 3318 et
2806 3255 2983 3336 quod

671 3354 821 3420 bene
856 3355 1279 3437 praeviderat
1323 3354 1440 3420 hoe
1486 3349 1847 3437 Pictavis.2)

724 3466 725 3473 ’
845 3463 944 3525 20.
999 3461 1440 3525 Conventione
1493 3459 1816 3540 praedicta
1862 3459 2037 3521 inter
2079 3456 2453 3520 Pontificem
2502 3464 2567 3519 et
2612 3478 2825 3540 regem
2874 3457 2974 3520 fa-

666 3566 790 3636 cta,
841 3559 1132 3624 Clemens
1181 3555 1486 3639 episeopis
1520 3560 1600 3618 'et
1646 3554 2134 3637 inquisitoribus
2182 3553 2449 3635 epistola
2496 3553 2555 3616 d.
2604 3554 2662 3619 d.
2712 3551 2784 3615 5⁰
2816 3552 2974 3617 Julii

844 3750 886 3812 1)
925 3746 1343 3809 ΟὲνμΒοιιῐωίο,
1385 3745 1631 3799 Clement
1660 3744 1725 3809 V,
1762 3743 2218 3812 Philippe-le-Bel
2258 3751 2359 3798 ete.
2424 3744 2614 3798 Revue
2651 3745 2746 3797 des
2782 3743 2974 3810 Quest.

666 3831 794 3884 hist.
833 3831 899 3882 X.
938 3828 1057 3881 Oet.
1099 3828 1260 3893 18713
1309 3830 1365 3880 et
1402 3824 1626 3878 Notices
1676 3833 1732 3878 et
1778 3824 2005 3877 extraits
2055 3824 2148 3878 des
2191 3823 2525 3876 Manuscrits
2571 3824 2636 3877 de
2673 3823 2730 3875 la
2764 3823 2970 3878 Biblio-

664 3909 866 3976 theque
915 3906 1191 3961 nationale
1241 3906 1300 3958 Τ.
1340 3905 1458 3977 XX.
1507 3903 1568 3957 P.
1607 3903 1683 3956 II.
1737 3921 1784 3971 p.
1826 3906 1942 3956 175.
2022 3903 2314 3970 Pamphlet
2364 3904 2454 3968 (de
2501 3902 2689 3956 Pierre
2738 3901 2975 3971 Dubois)

665 3988 842 4056 dirige
883 3992 1072 4040 eontra
1109 3985 1356 4038 Clement
1381 3984 1431 4037 V
1480 3999 1615 4051 pour
1664 3984 1715 4037 le
1760 3983 1935 4037 forcer
1972 3987 2004 4036 a
2042 3982 2352 4050 supprimet
2387 3981 2596 4041 l’Ordre
2635 3983 2706 4034 du
2741 3981 2970 4048 Temple

663 4067 880 4211 (13082.)
918 4145 1199 4211 BoutariC,
1237 4145 1272 4197 1.
1309 4162 1353 4198 c,
1393 4144 1455 4196 Τ.
1495 4143 1590 4196 ΧΙ.
1664 4142 1788 4195 Jan.
1830 4143 1979 4206 1872,
2019 4159 2068 4209 p.
2107 4146 2189 4196 26,
