3281 5014
870 425 1164 480 Conflictus
1201 442 1321 479 cum
1359 425 1613 494 Philippo
1653 427 1711 479 P.
1751 432 2061 481 renovatus
2552 430 2621 479 43

306 568 600 633 fensione
663 568 929 632 consilia
995 573 1061 632 et
1118 568 1360 631 auxilia
1416 567 1636 633 debita
1695 568 2112 650 praebituros,
2209 566 2413 632 Simul
2470 591 2620 632 vero

305 669 649 748 rogarunt,
712 670 786 728 ut
840 663 964 728 sibi
1023 663 1371 729 secundum
1425 664 1760 728 Pontificis
1821 666 2198 729 mandatum
2260 665 2339 728 ad
2387 664 2619 729 Roma-

305 783 466 825 num
514 761 854 825 concilium
902 782 1242 844 properare
1290 761 1532 826 liceret.
1624 760 1750 824 Sed
1799 783 1908 824 rex
1949 766 2017 825 et
2064 762 2311 826 nobiles
2358 782 2619 845 respou-

304 857 566 935 dernnt,
616 879 682 921 se
727 858 1099 921 nullatenus
1145 855 1210 920 id
1256 879 1552 941 passuros
1598 880 1752 922 esse.

483 1000 588 1062 45.
639 997 969 1062 Praesules
1016 1019 1203 1080 porro
1251 998 1583 1081 epistolam
1635 998 2027 1081 scripserunt
2071 997 2150 1063 ad
2197 997 2620 1068 Bonifatium,

305 1098 376 1161 in
425 1118 555 1180 qua
602 1096 658 1159 ei
707 1093 1176 1158 denuntiarunt
1224 1116 1365 1159 cum
1397 1095 1664 1159 tristitia
1712 1116 1786 1158 ea
1832 1116 1994 1178 quae
2043 1096 2111 1158 in
2157 1095 2432 1160 comitiis
2477 1102 2622 1158 acta

308 1194 598 1269 fuerant,
660 1191 1128 1274 supplicantes,
1187 1197 1262 1256 ut
1309 1190 1388 1254 ad
1444 1213 1662 1274 pacem
1714 1192 2093 1256 servandam
2141 1196 2471 1256 revocaret
2519 1190 2623 1253 de-

305 1295 582 1363 cretum,
656 1309 783 1371 quo
848 1288 925 1351 ad
990 1288 1331 1352 concilium
1394 1309 1499 1352 eos
1559 1298 2040 1354 convocaverat.
2151 1287 2417 1353 Nobiles
2472 1310 2621 1351 vero

308 1384 644 1468 epistolam
691 1387 1070 1448 amariorem
1102 1386 1491 1468 scripserunt
1537 1385 1618 1449 ad
1651 1384 2018 1450 Cardinales
2051 1392 2275 1449 contra
2319 1385 2408 1449 sic
2453 1383 2621 1448 dicta

306 1481 641 1547 Pontificis
706 1482 1113 1565 gravamina,
1180 1503 1308 1564 qua
1370 1482 1605 1546 multas
1673 1486 2036 1567 congerunt
2101 1484 2168 1545 in
2223 1482 2622 1546 Bonifatium

305 1579 621 1662 querelas.
722 1576 1093 1642 Cardinales
1145 1578 1482 1662 Anagniae
1535 1579 1912 1662 congregati
1971 1577 2045 1642 ad
2102 1578 2378 1656 nobileS‚
2437 1576 2623 1641 duces

308 1682 375 1739 et
430 1675 703 1739 barones
753 1672 1001 1738 Galliae
1059 1674 1391 1757 epistolam
1451 1673 1895 1750 reddiderunt,
1960 1676 2028 1739 in
2085 1697 2213 1758 qua
2268 1696 2486 1739 eorum
2546 1673 2623 1737 de

312 1771 624 1836 Pontifice
680 1770 974 1855 querelas
1030 1770 1200 1834 facili
1258 1772 1520 1854 negotio
1570 1770 1903 1836 diluerunt
1956 1778 2021 1834 et
2066 1770 2240 1835 inter
2285 1771 2411 1834 alia
2453 1768 2623 1834 dixe·

304 1874 495 1931 runt:
553 1864 861 1931 Volumus
914 1887 1026 1930 vos
1074 1887 1201 1949 pro
1247 1870 1415 1930 certo
1472 1870 1711 1945 tenere,
1771 1866 1940 1948 quod
1989 1865 2368 1949 praedictus
2422 1864 2623 1930 domi-

303 1983 437 2028 nus
479 1983 774 2028 summus
820 1962 1135 2044 Pontifeoe
1177 1982 1518 2044 nunquam
1564 1962 1828 2045 scripsit
1873 1963 2013 2045 reyi
2055 1961 2407 2045 praedicto,
2456 1962 2623 2044 quod

304 2059 383 2124 de
426 2080 626 2139 reyno
672 2080 789 2124 suo
834 2058 960 2123 sibi
1004 2058 1284 2124 subesset
1330 2059 1789 2142 temporaliter,
1835 2059 2127 2142 illudque
2166 2059 2247 2124 ab
2294 2079 2362 2123 eo
2411 2064 2626 2124 tenere

304 2155 576 2221 deberet.
599 2156 648 2241 ι)
762 2156 863 2220 Ad
932 2160 1257 2240 episcopos
1327 2179 1475 2221 vero
1545 2157 1795 2222 Galliae
1860 2156 2229 2222 Bonifatius
2294 2157 2623 2240 respondit

305 2256 443 2338 ipse
484 2255 760 2337 epistola
803 2251 1007 2317 Verba
1053 2252 1400 2318 delirantis
1440 2253 1632 2332 filiae,
1680 2276 1807 2338 qua
1838 2276 1953 2338 pro
2000 2253 2213 2319 officio
2259 2275 2373 2319 suo
2404 2255 2623 2338 arguit

305 2373 530 2415 eorum
589 2351 1188 2435 pusillanimitatem
1250 2356 1315 2415 et
1354 2352 1582 2415 servile
1639 2353 1706 2415 in
1756 2373 1973 2436 regem
2020 2351 2420 2434 obsequium.
2517 2350 2622 2414 In-

304 2447 551 2514 dictum
597 2452 813 2514 autem
858 2448 1202 2514 concilium
1251 2448 1514 2513 omnino
1561 2447 2014 2514 celebrandum
2064 2470 2199 2513 esse
2245 2443 2579 2531 censuit.2)

486 2598 591 2662 46.
652 2594 787 2661 Sub
850 2597 1042 2660 finem
1104 2597 1254 2660 dein
1315 2597 1556 2660 mensis
1614 2598 1897 2681 Augusti
1953 2596 2259 2662 Pontifex
2315 2596 2627 2661 consisto·
2693 2601 2899 2705 gefspstiiq

306 2696 477 2759 rium
535 2694 794 2777 habuit,
858 2695 955 2758 cui
1013 2694 1455 2758 interfuerunt
1507 2699 1640 2759 tres
1689 2695 1974 2778 opiscopi
2022 2692 2220 2776 Galli,
2278 2696 2387 2778 qui
2446 2693 2625 2757 abso·
2663 2748 2682 2787 η
2729 2677 2847 2706 ⁰⁰¹⁸
2885 2677 2912 2704 ¹’

304 2793 461 2856 lutis
531 2790 911 2875 supradictis
975 2791 1281 2866 comitiis,
1351 2813 1389 2854 a
1443 2792 1612 2856 clero
1679 2790 2015 2856 Gallicano
2082 2790 2161 2855 ad
2225 2791 2621 2854 Bonifatium

304 2889 567 2954 fuerant
623 2888 843 2972 legati.
937 2887 1013 2951 In
1074 2887 1194 2952 hoc
1247 2888 1627 2953 consistorio
1676 2887 2035 2953 Cardinalis
2082 2887 2460 2953 Portuensis
2508 2909 2622 2951 no-

307 2987 483 3049 mine
531 2985 817 3048 omnium
865 2982 1301 3048 Cardinalium
1352 2983 1731 3049 Pontificem
1780 2985 1862 3049 ab
1909 2985 2423 3049 accusationibus
2469 3005 2623 3046 con-

305 3090 412 3146 tra
472 3103 619 3144 eum
673 3080 937 3164 prolatis
989 3082 1342 3145 immunem
1397 3082 1688 3145 asseruit.
1798 3080 1966 3145 Dein
2022 3080 2391 3146 Bonifatius
2446 3081 2627 3144 litte-

305 3200 412 3243 ras
469 3199 618 3242 suas
678 3177 756 3240 ad
803 3176 1178 3262 Philippum
1241 3199 1456 3262 regem
1522 3183 1664 3241 tum
1729 3200 1766 3241 a
1826 3178 2004 3242 falsis
2067 3178 2626 3261 interpretationi-

306 3275 453 3350 buS‚
516 3281 654 3339 tum
713 3297 752 3338 a
800 3275 1036 3339 litteris
1089 3296 1254 3358 quae
1314 3273 1433 3337 sub
1478 3276 1613 3357 ejus
1668 3275 1930 3338 nomine
1988 3275 2255 3339 fuerant
2302 3275 2626 3344 confictae,

309 3370 693 3449 vindicavit,
755 3377 949 3456 atque
999 3371 1377 3455 gravamina
1430 3392 1591 3454 quae
1650 3378 1879 3436 contra
1933 3374 2142 3455 ipsum
2199 3371 2630 3455 vulgabantur

307 3466 528 3543 diluit,
586 3468 758 3532 inter
818 3469 945 3532 alia
1008 3468 1367 3532 declarans:
1434 3466 1606 3531 Sunt
1665 3465 1838 3531 enim
1899 3467 2065 3532 duae
2112 3464 2628 3549 jurisdictione-9,

309 3562 685 3646 spiritualis
730 3567 789 3627 et
831 3562 1220 3646 temporalis.
1313 3562 1859 3629 Jurisdictionem
1915 3562 2327 3646 spiritualem
2375 3562 2627 3645 princi-

302 3659 554 3742 paliter
627 3659 815 3725 habet
880 3681 1174 3734 summus
1240 3659 1569 3742 Pontifex.
1694 3659 2237 3726 Jarisdictionem
2313 3664 2629 3742 tempora-

314 3755 433 3821 lem
479 3755 668 3820 habet
713 3756 1084 3839 Imperator
1136 3762 1197 3821 et
1253 3755 1375 3822 alii
1430 3776 1625 3839 reyes.
1739 3757 1982 3822 Tamen
2038 3757 2113 3821 de
2169 3757 2346 3822 omni
2399 3761 2630 3839 tempo·

311 3852 444 3917 rati
504 3852 693 3918 habet
751 3874 1118 3937 coqnoscere
1179 3874 1470 3919 summus
1528 3852 1841 3935 Pontifex
1900 3858 1959 3918 et
2007 3853 2316 3936 judicare
2375 3853 2631 3918 ratione

494 4083 535 4145 ¹)
574 4081 638 4134 V.
678 4082 892 4150 Dupuy‚
929 4081 1172 4136 Histoire
1208 4082 1280 4134 du
1314 4081 1576 4136 differend
1614 4088 1719 4137 etc.
1757 4082 1924 4136 Actes
1968 4089 2025 4136 et
2063 4097 2315 4149 preuves,
2352 4098 2402 4149 p.
2441 4084 2525 4135 63.

491 4161 535 4227 ²)
575 4161 843 4228 Raynald.
877 4162 946 4214 ad
985 4178 1031 4215 a.
1076 4164 1210 4214 1302
1248 4179 1298 4215 n.
1341 4163 1432 4227 123
1470 4162 1669 4230 Dupuy
1707 4163 1740 4215 l.
1784 4177 1827 4215 c.
1867 4177 1917 4227 p.
1957 4164 2045 4215 65.
