3281 5014
634 401 707 454 92
1092 400 1293 454 XXXI.
1331 400 1413 454 De
1450 396 1745 464 abolitione
1784 400 2004 455 Ordinis
2042 400 2488 468 Templariorum.

631 563 753 625 per
797 540 1095 606 Priorem
1141 538 1520 604 monasterii
1575 539 1730 604 novi
1780 540 1856 604 de
1901 540 2160 606 Pictavi
2204 541 2429 623 aliqua
2482 540 2793 607 intimare
2838 560 2947 604 cu·

637 638 823 703 rasti.
922 638 1017 702 Et
1079 636 1224 701 licet
1283 635 1370 701 ad
1431 635 1844 702 credendum.
1883 658 2048 719 quae
2109 642 2265 705 tunc
2325 636 2732 714 dicebantur,
2800 656 2946 700 cum

636 734 831 818 quasi
888 732 1302 800 incredibilia
1359 738 1419 797 et
1480 733 1907 815 impossibilia
1968 735 2376 816 viderentur,
2433 738 2730 799 nostrum
2796 733 2947 798 ani-

638 853 814 896 mum
863 831 979 895 vix
1013 830 1425 913 potuerimus
1476 830 1838 912 applicare,
1897 832 2053 913 quia
2105 837 2320 897 tamen
2365 831 2569 913 plura
2624 835 2687 894 et
2743 829 2946 894 incre·

635 927 871 993 dibilia
935 931 997 991 et
1047 926 1356 992 inaudita
1419 947 1503 990 ex
1552 930 1710 991 tunc
1768 928 2143 994 audivimus
2206 928 2283 992 cle
2333 927 2723 1011 praedictis,
2780 926 2946 1008 coyi·

634 1045 793 1090 mur
857 1023 1208 1103 haesitare,
1268 1028 1359 1102 et,
1427 1022 1572 1087 licet
1640 1045 1775 1089 non
1839 1024 1980 1089 sine
2050 1045 2293 1107 mayna
2356 1024 2567 1089 cordis
2629 1023 2949 1088 amaritu-

634 1120 793 1186 dine
804 1170 822 1201 ,
882 1120 1215 1185 anaeietate
1259 1123 1320 1184 et
1365 1120 1765 1200 turbatione,
1820 1121 2142 1204 quidquid
2183 1121 2340 1186 ordo
2372 1120 2806 1204 postulaverit
2841 1139 2948 1184 ra-

643 1217 872 1296 tionis,
934 1217 1013 1281 de
1069 1216 1336 1282 consilio
1389 1218 1687 1299 fratrum
1738 1222 2115 1283 nostrorum
2166 1219 2383 1301 facere
2426 1218 2500 1283 in.
2544 1216 2948 1301 praemissis.

643 1313 822 1393 Quia
864 1334 1015 1378 vero
1061 1312 1381 1396 Maqister
1432 1313 1711 1379 militiae
1765 1314 2040 1398 Templi,
2108 1336 2185 1380 ac
2237 1315 2429 1380 multi
2478 1314 2947 1398 Praeceptores,

645 1416 779 1476 tam
824 1411 900 1475 de
950 1431 1150 1493 reqno
1198 1415 1310 1475 tuo
1363 1430 1562 1492 quam
1616 1410 1772 1476 aliis
1829 1412 2114 1495 ejusdem
2163 1411 2463 1490 Ordinis,
2527 1433 2672 1477 cum
2716 1410 2949 1488 eodem,

640 1507 900 1587 audito,
961 1511 1041 1571 ut>
1076 1506 1421 1586 dixerunt,
1478 1507 1650 1590 quod
1698 1512 1833 1573 tam
1875 1528 2034 1592 crya
2079 1529 2199 1574 nos
2242 1529 2438 1591 quam
2494 1528 2650 1591 erqa
2686 1507 2952 1589 aliquos

638 1604 810 1670 alios
860 1604 1157 1669 dominos
1212 1604 1593 1687 temporales
1644 1627 1839 1688 super
1887 1604 2217 1688 praedicto
2268 1605 2445 1688 facto
2505 1603 2953 1687 multipliciter

638 1723 864 1767 eorum
922 1700 1144 1784 opinio
1195 1701 1632 1784 qravabatur,
1689 1722 1732 1766 a
1775 1702 1962 1767 nobis
2021 1702 2258 1768 nedum
2298 1702 2487 1767 semel
2542 1702 2651 1766 sed
2695 1699 2953 1784 pluries

640 1819 791 1868 cum
836 1817 1078 1882 maqna
1108 1796 1433 1863 instantia
1470 1799 1827 1888 petierunt,
1876 1799 2045 1880 quod
2074 1820 2193 1865 nos
2237 1820 2435 1883 super
2476 1798 2613 1863 illis
2657 1797 2749 1862 eis
2779 1796 2953 1880 falso

636 1893 992 1977 impositis,
1048 1898 1124 1958 ut
1168 1892 1491 1975 dicebant,
1548 1888 1852 1960 vellemus
1894 1896 2228 1978 inquirere
2284 1896 2649 1973 veritatem,
2710 1913 2786 1959 ac
2830 1914 2952 1967 eos,

639 1991 705 2057 si
766 1990 1246 2073 reperirentur,
1312 1995 1387 2056 ut
1448 1991 1850 2071 asserebant,
1917 1991 2369 2074 inculpabiles,
2438 1992 2789 2071 absolvere,
2857 1989 2956 2054 vel

638 2089 847 2171 ipsos,
904 2086 963 2151 si
1005 2087 1454 2169 reperirentur
1509 2087 1883 2171 culpabiles,
1946 2088 2116 2171 quod
2175 2089 2552 2156 nullatenus
2596 2087 2955 2164 credebant,

642 2184 1097 2272 condemnare⁴
1132 2183 1458 2265 vellemuS,
1522 2206 1670 2266 nos,
1730 2206 1812 2249 ne
1872 2185 2045 2251 circa
2104 2185 2433 2271 negotium
2491 2185 2644 2266 fidei
2701 2181 2958 2267 aliquid

647 2277 1085 2365 neyliqamus,
1149 2285 1211 2344 et
1267 2281 1424 2362 quia
1488 2282 1753 2347 verbum
1818 2286 2005 2348 tuum
2058 2282 2243 2348 nobis
2305 2304 2502 2365 super
2560 2281 2646 2346 iis
2699 2279 2958 2364 pluries

641 2378 900 2462 factum
943 2397 1072 2442 non
1120 2376 1355 2458 modici
1391 2376 1705 2460 ponderis
1748 2377 2187 2459 arbitramur,
2245 2379 2332 2445 ad
2375 2377 2694 2444 dictorum
2741 2376 2954 2459 Μαρί-

643 2474 774 2540 stri
828 2478 890 2539 et
944 2472 1462 2557 Templariorum
1509 2474 1901 2565 instantiam
1955 2476 2288 2561 diligentis
2341 2473 2794 2558 inquisitionis
2849 2473 2957 2538 in-

648 2571 950 2655 dayinem
1010 2571 1198 2653 infra
1248 2591 1498 2654 paucos
1557 2570 1696 2636 dies
1754 2572 1829 2637 de
1885 2573 2152 2638 consilio
2207 2573 2501 2655 fratrum
2563 2576 2957 2649 nostrorum,

636 2662 913 2752 propter
968 2667 1083 2732 hoc
1138 2667 1423 2734 instanti
1485 2667 1589 2733 die
1640 2667 1905 2734 Veneris
1970 2669 2295 2736 civitatem
2355 2670 2800 2736 Pictavensem
2856 2666 2958 2732 in·

651 2764 930 2845 traturi,
986 2764 1415 2852 proponimus
1458 2764 1787 2841 inchoare,
1832 2766 1930 2831 vel
1974 2766 2145 2832 alias
2187 2765 2262 2832 in
2307 2765 2561 2850 neqotio
2598 2764 2959 2847 procedere,

642 2864 845 2944 prout
898 2860 974 2924 cle
1023 2860 1319 2943 fratrum
1374 2862 1671 2951 ipsorum
1727 2861 1996 2927 consilio
2051 2861 2375 2928 videbitur
2433 2862 2668 2928 utilius
2714 2859 2960 2943 facien·

644 2957 878 3039 dum.¹)
985 2957 1081 3023 Ex
1138 2959 1255 3024 hac
1317 2961 1617 3043 epistola,
1680 2961 1917 3043 scripta
1972 2960 2074 3024 die
2137 2957 2253 3022 24⁰
2312 2959 2588 3045 Augusti
2647 2982 2706 3024 a.
2775 2958 2961 3034 1307,

652 3062 857 3141 patet,
918 3057 1322 3140 nullatenu8‚
1384 3056 1480 3120 uti
1541 3057 1832 3141 plerique
1884 3060 2176 3120 auctores
2235 3058 2480 3140 opinati
2524 3065 2680 3122 sunt
2732 3076 2962 3121 secun-

648 3153 802 3217 dum
858 3175 935 3217 ea
991 3175 1152 3237 quae
1208 3144 1461 3236 scripsit
1507 3144 1938 3217 continuator
1983 3151 2312 3217 Guillelmi
2357 3152 2631 3237 Nangii‚
2684 3153 2764 3216 in,
2812 3173 2965 3216 con-

650 3255 848 3315 ventu
909 3271 1127 3313 mense
1190 3249 1399 3332 Aprili
1460 3249 1635 3312 inter
1687 3247 2085 3314 Clementem
2143 3254 2210 3314 et
2261 3247 2629 3332 Philippum
2680 3247 2965 3313 Pictavis

650 3346 873 3411 habito
939 3348 1078 3431 jam
1149 3346 1520 3412 convenisse
1593 3345 1672 3409 de
1739 3366 2035 3429 processu
2104 3351 2334 3411 contra
2400 3345 2800 3430 Templarios
2859 3345 2959 3408 in·

651 3442 1011 3518 effluendo,
1075 3464 1150 3507 ac
1217 3442 1419 3506 multo
1481 3442 1693 3506 minus
1750 3432 1827 3505 de
1890 3444 2116 3506 eorum
2169 3441 2689 3506 incarceratione.
2794 3439 2965 3522 Tan-

649 3547 788 3602 tum
847 3544 1099 3620 postea,
1156 3537 1558 3603 instantibus
1616 3538 1932 3622 Magistro
1988 3536 2247 3603 Ordinis
2302 3538 2607 3621 aliisque,
2666 3537 2963 3602 Clemens

830 3730 874 3797 ¹)
911 3729 1049 3783 Vide
1091 3728 1276 3782 Balut.
1324 3734 1364 3781 t.
1400 3729 1474 3784 II.
1523 3746 1573 3798 p.
1615 3732 1701 3782 70.
1775 3728 1928 3784 Haec
1977 3728 2215 3797 epistola
2265 3730 2397 3782 data
2445 3735 2553 3783 est:
2605 3730 2670 3782 In
2721 3729 2967 3798 prioratu

650 3808 971 3877 Lugudiaco
1009 3807 1357 3863 Pictavensis
1394 3807 1664 3863 dioecesis
1700 3809 1798 3863 IX.
1834 3809 1961 3863 Kal.
1999 3807 2149 3876 Sept.
2184 3808 2347 3862 Pont.
2386 3813 2530 3863 nost.
2573 3824 2623 3862 a.
2658 3807 2734 3862 II.
2774 3810 2823 3862 A
2860 3808 2968 3865 Ba-

651 3887 795 3943 lutio
831 3892 888 3942 et
932 3887 1058 3942 aliis
1091 3886 1425 3942 adscribitur
1458 3903 1509 3942 a.
1550 3889 1717 3953 1306,
1763 3888 1994 3956 indeque
2038 3904 2242 3957 mag-na
2287 3887 2534 3943 confusio
2582 3887 2642 3941 in
2690 3888 2851 3943 rebus
2889 3888 2970 3943 di-

651 3967 987 4023 stribumdis
1030 3972 1159 4022 orta
1207 3974 1311 4021 ent.
1390 3965 1646 4021 Pertinet
1689 3966 1836 4022 enim
1887 3968 1959 4022 ad
2006 3983 2055 4021 a.
2092 3969 2229 4021 1307
2240 3988 2253 4033 3
2303 3982 2430 4022 nam
2464 3967 2716 4023 Clemens
2741 3968 2833 4033 V„
2885 3969 2968 4022 uti

655 4050 904 4102 auctores
940 4047 1100 4116 mugio
1129 4047 1247 4112 jam
1286 4045 1647 4109 conveniunt,
1693 4045 2026 4114 designabat
2062 4060 2234 4099 annos
2277 4044 2640 4100 Pontificatus
2687 4048 2770 4102 sui
2809 4064 2843 4102 a
2880 4047 2968 4103 die

654 4125 1025 4180 coronationis
1066 4128 1148 4178 14.
1184 4125 1324 4180 Nov.
1368 4126 1522 4178 1305.
