3281 5014
927 445 1009 499 De
1046 460 1300 513 processu
1337 426 1529 500 contra
1562 444 1903 499 Bonifatium
1930 443 2087 498 VIII.
2597 447 2661 497 71

354 586 587 650 fuisset
644 587 763 650 sub
824 587 1085 652 nomine
1147 584 1487 650 Benedicti
1538 585 1695 666 XL,
1756 591 1822 650 et
1885 585 2230 651 creationis
2293 587 2431 670 ejus
2491 608 2663 662 nun-

355 683 491 747 tius
551 684 622 746 in
671 681 943 747 Galliam
1005 682 1291 764 perlatus
1353 690 1552 764 esset,
1600 682 1939 767 Philippus
1998 704 2110 747 rex
2171 674 2661 765 gratulatoriam

353 779 611 862 scripsit
671 779 1035 863 epistolam,
1095 801 1289 863 quam
1343 802 1458 863 per
1515 784 1646 846 tres
1707 780 1953 864 legatos
2000 778 2302 843 Pontifici
2359 778 2528 843 tradi
2580 778 2666 842 fe·

355 878 461 941 cit.
567 875 740 960 Erga
803 876 1183 941 Pontificem
1249 877 1679 941 omnimodam
1749 876 2185 941 obedientiam
2251 880 2318 939 et
2380 873 2665 940 devotio·

354 994 505 1036 nem
553 972 770 1036 eadem
829 972 1101 1055 epistola
1155 973 1474 1055 professus
1529 979 1659 1055 est,
1715 973 1980 1057 ejusque
2039 971 2524 1036 benevolentiae
2568 992 2666 1035 re·

353 1074 571 1151 gnum
624 1074 691 1133 et
754 1070 1080 1133 ecclesiam
1142 1067 1391 1133 Galliae
1455 1068 1946 1134 commendavit.
2056 1067 2447 1133 Benedictus
2511 1072 2669 1132 tunc

351 1165 762 1246 indulgentia
790 1165 1105 1229 utendum
1138 1187 1274 1229 esse
1319 1166 1585 1242 censuit,
1632 1172 1709 1230 ut
1739 1187 1865 1250 pax
1897 1166 2366 1249 restitueretur,
2414 1168 2481 1228 et
2514 1162 2669 1228 Phi-'

354 1262 630 1345 lippum,
678 1262 1030 1345 praelatOS,
1087 1283 1439 1346 omnesque
1486 1264 1655 1328 viros
1702 1263 2158 1328 ecclesiasticos
2184 1265 2272 1325 'et
2297 1260 2669 1344 religiosos,

354 1362 553 1441 atque
598 1357 755 1422 alios
801 1380 839 1421 a
884 1358 1170 1422 censuris
1217 1359 1515 1439 absolvit,
1562 1360 1897 1443 privilegia
1945 1365 2012 1424 et
2046 1360 2227 1443 jura,
2274 1357 2505 1441 quibus
2555 1379 2666 1421 rex

304 1466 308 1470 *
355 1476 392 1517 a
437 1451 776 1518 Bonifatio
838 1453 1054 1518 fuerat
1106 1456 1396 1537 privatus
1454 1456 1513 1519 ei
1564 1455 1870 1532 reddidit,
1930 1460 1997 1519 et
2054 1456 2144 1520 sic
2198 1474 2419 1542 regem
2466 1457 2533 1516 et
2577 1475 2670 1516 re·

353 1573 554 1630 gnum
609 1551 679 1614 in
740 1551 1082 1632 pristinum
1138 1550 1426 1616 restituit
1483 1556 1748 1616 statum.
1841 1551 2387 1616 Constitutionem
2448 1554 2668 1614 autem

355 1643 635 1711 Clericis
699 1644 895 1710 laicos
957 1648 1340 1730 temperavit
1400 1647 1745 1729 secundnm
1815 1669 2125 1713 canonem
2196 1648 2350 1712 46⁰³·
2395 1645 2666 1710 Concilii

355 1742 573 1830 Later.¹
602 1743 737 1820 IV.‚
786 1744 1087 1807 nimirum
1133 1749 1209 1808 ut
1253 1745 1372 1807 soli
1405 1745 1738 1828 exigentes
1786 1745 1867 1809 ab
1909 1744 2192 1809 ecclesiis
2226 1744 2325 1807 vel
2372 1743 2665 1808 ecclesia-

353 1841 533 1906 sticis
581 1840 734 1904 viris
787 1839 1063 1904 decimas
1127 1846 1242 1904 aut
1300 1842 1605 1925 pecunias
1660 1842 2069 1906 incurrerent
2128 1861 2451 1904 censuras.
2541 1836 2666 1901 Pe·

355 1941 533 2001 trum
590 1935 782 2000 etiam
845 1944 910 2000 et
964 1935 1277 2001 Jacobum
1319 1937 1782 2002 Columnenses
1835 1938 2089 2001 veniam
2144 1936 2543 2020 postulantes
2598 1934 2665 1999 in

356 2033 631 2117 gratiam
681 2033 942 2116 recepit,
988 2033 1097 2097 sed
1144 2034 1215 2097 in
1263 2035 1569 2117 pristinos
1615 2034 1890 2100 honores
1934 2056 2071 2098 non
2114 2033 2417 2097 restituit.
2491 2026 2672 2097 Haec

356 2137 576 2193 tamen
630 2129 726 2192 ita
783 2128 1134 2212 praestitit,
1189 2136 1263 2195 ut
1307 2130 1691 2215 dignitatem
1740 2130 1921 2195 Sedis
1972 2130 2378 2213 Apostolicae
2426 2139 2491 2193 et
2535 2151 2670 2193 me-

355 2227 626 2290 moriam
671 2226 985 2290 Bonifatii
1017 2226 1197 2291 VIII.
1247 2229 1428 2292 nullo
1456 2227 1645 2292 modo
1686 2227 1985 2292 laederet.
2062 2226 2374 2310 Injuriam
2428 2232 2495 2290 et
2538 2227 2671 2296 vim⁴

355 2323 731 2406 sacrilegam
789 2346 828 2386 a
891 2321 1218 2408 Nogareto
1288 2331 1357 2388 et
1418 2322 1672 2389 Sciarra
1731 2324 2047 2388 Columna
2108 2322 2435 2388 Bonifatio
2472 2320 2663 2396 VIII.

356 2419 605 2483 illatam
665 2440 798 2483 non
864 2419 1131 2503 reliquit
1187 2420 1496 2496 inultam,
1571 2421 1684 2485 sed
1742 2442 1856 2504 per
1912 2419 2169 2484 Bullam
2222 2417 2293 2483 F
2296 2416 2668 2502 layitiosum

355 2514 560 2580 scelus
607 2516 663 2579 d.
709 2516 766 2581 d.
818 2513 887 2578 7⁰
931 2516 1112 2583 Junii
1169 2539 1277 2582 eos
1323 2539 1673 2601 eorumque
1728 2516 2061 2602 complices
2116 2517 2186 2580 in
2235 2517 2670 2582 excommuni-

355 2614 677 2678 cationem
725 2634 758 2676 e
806 2634 1125 2677 canonum
1174 2616 1564 2697 praescripto
1609 2614 1904 2679 incidisse
1945 2614 2325 2691 declaravit,
2372 2613 2451 2677 ad
2497 2613 2668 2697 Apo·

355 2708 656 2773 stolicum
713 2708 999 2773 tribunal
1058 2710 1372 2790 evocavit,
1434 2715 1499 2802 et
1557 2711 1772 2775 venire
1828 2715 2205 2795 spernentes
2268 2699 2684 2774 anathemati

354 2804 660 2870 subdidit.
719 2841 802 2849 -
861 2804 1117 2869 Interea
1173 2828 1324 2871 vero
1375 2804 1745 2891 Nogaretus
1801 2813 1868 2872 et
1911 2807 2249 2896 Plasianus
2302 2805 2670 2890 Philippum

354 2901 810 2979 incitaverant,
857 2902 1194 2966 utiterum
1244 2908 1532 2985 posceret
1562 2902 1918 2968 Concilium
1967 2905 2267 2988 generale
2314 2923 2668 2967 convocan-

356 2998 537 3075 dum,
595 2998 765 3080 quod
823 3000 898 3063 de
942 2989 1315 3076 Bonifatio,
1360 3021 1549 3083 quem
1610 3005 1924 3084 tanquam
1976 3001 2369 3070 haereticum
2423 3019 2670 3063 accusa·

356 3094 542 3175 bant,
585 3094 981 3176 sententiam
1029 3095 1288 3160 diceret.
1382 3095 1523 3160 Rex
1567 3097 1902 3181 negotium
1948 3097 2069 3161 hoc
2118 3095 2345 3180 legatis
2390 3094 2521 3159 suis
2564 3093 2668 3158 de·

357 3189 716 3266 mandavit;
762 3190 873 3256 sed
905 3190 1314 3275 BenedictuS,
1360 3215 1557 3277 quum
1591 3192 2094 3276 postulationem
2141 3193 2218 3256 de
2262 3191 2677 3267 convocando³

356 3286 642 3351 Concilio
690 3290 1138 3371 proponerent,
1183 3312 1322 3354 eam
1373 3289 1692 3365 declinare
1734 3288 2001 3354 studuit.
2075 3289 2156 3352 In
2195 3288 2405 3353 Gallia
2452 3292 2669 3353 autem

356 3383 577 3452 eodem
630 3387 916 3467 tempore
974 3385 1184 3449 editus
1239 3390 1364 3466 est·
1392 3385 1647 3449 libellus
1697 3385 1957 3449 nomine
2013 3386 2213 3450 totius
2261 3384 2543 3448 nationis
2589 3384 2670 3449 ad

357 3500 573 3564 regem
606 3480 903 3559 directus,
931 3503 1060 3566 quo
1096 3482 1565 3565 postulabatur,
1604 3475 1677 3564 ut
1704 3482 1838 3565 ipse
1870 3502 2143 3566 regnum
2175 3486 2400 3547 contra
2432 3480 2669 3544 mortui

357 3574 693 3657 Pontificis
726 3577 1008 3642 insultus
1036 3578 1395 3643 vindicaret
1425 3600 1498 3643 ac
1530 3578 2009 3643 damnationem
2060 3581 2196 3661 ejus
2245 3583 2319 3641 ut
2363 3577 2674 3654 haeretici

359 3679 748 3755 procuraret.
805 3709 882 3719 —-
932 3671 1054 3739 Sed
1102 3674 1594 3739 difficultatibus
1640 3675 1938 3744 omnibus
1989 3679 2243 3740 matura
2289 3678 2496 3739 morte
2541 3695 2667 3738 ere·

358 3776 509 3854 ptus
579 3776 677 3835 est
743 3767 1132 3835 Benedictus
1203 3769 1343 3855 XI'.;
1419 3771 1581 3835 obiit
1652 3772 1840 3840 enim,
1886 3772 2137 3836 Perusii
2205 3761 2306 3836 die
2383 3768 2452 3834 7⁰
2511 3770 2673 3835 Julii

359 3886 530 3934 anno
594 3866 796 3944 1304,
856 3868 1177 3951 multique
1241 3890 1381 3933 eum
1439 3889 1690 3932 veneno
1750 3869 2209 3956 interemptum
2270 3890 2405 3933 esse
2461 3868 2671 3951 suspi-

358 3962 484 4026 cati
533 3958 768 4043 sunt.¹)
1515 3963 1520 3968 ’
1689 3955 1694 3960 ’

540 4173 583 4239 ¹)
621 4171 730 4227 Cfr.
772 4143 964 4239 Balatu,
990 4144 1556 4240 *storia‘d’Italia,·T.
1596 4173 1693 4228 1v.
1729 4173 1790 4227 L.
1829 4173 2029 4226 xx1x.
2068 4191 2120 4226 n.
2158 4173 2262 4228 111.

2768 584 2903 625 Bene-

2716 643 2861 686 dictus
2886 644 2973 686 XI.

2777 706 2830 748 R.
2857 707 2908 758 P.
2993 747 2998 757 τ
