3281 5014
323 1057 430 1100 Alia
465 1071 635 1102 accusa·

443 1122 519 1164 tio.

329 3115 613 3169 Expenditur.

657 389 787 456 334⁴
1252 410 1504 466 XXXIV.
1546 413 1627 468 De
1667 415 1908 472 Concilio
1946 420 2369 481 Constantiensi.

658 545 821 610 nihil
867 547 1098 614 fuisset
1139 552 1341 634 magis
1389 554 1698 638 ineptum,
1747 580 1932 643 quam
1983 563 2150 647 quod
2193 567 2546 650 Imperator
2590 571 2962 638 damnatum

659 663 696 704 a
743 642 1027 710 Concilio
1081 647 1287 712 adhuc
1339 651 1734 735 relinqueret
1778 656 2072 724 inferiori
2118 663 2427 729 tribunali
2487 669 2653 752 regis
2705 673 2769 733 et
2814 672 2963 735 cleri

656 735 1027 806 Bohemiae.
1150 743 1317 808 Dein
1385 769 1535 812 vero
1602 751 1950 818 secundum
2032 757 2204 842 leges
2271 758 2616 827 Bohemiae
2684 765 2966 831 haeresis

658 834 876 899 eadem
924 839 1316 924 puniebatur
1370 865 1608 926 poena,
1668 869 1797 932 qua
1851 849 1920 913 in
1966 854 2263 919 omnibus
2318 857 2461 921 aliis
2509 857 2768 943 Imperii
2818 884 2961 945 pro-

657 931 881 996 vinciis
927 933 1350 1003 afficiebatur.
2696 953 2703 957 ’

832 1067 934 1129 60.
994 1066 1151 1132 Alia
1196 1073 1546 1150 accusatio,
1606 1076 1702 1139 uti
1748 1078 1885 1159 jam
1933 1079 2238 1162 diximu8‚
2296 1106 2372 1148 ea
2419 1090 2542 1163 est,
2609 1086 2964 1154 Concilium

656 1161 1160 1230 Constantiense
1206 1167 1523 1246 docuisse,
1586 1171 1773 1236 fidem
1820 1195 1954 1237 non
2002 1197 2142 1240 esse
2187 1182 2563 1246 servandam
2609 1183 2963 1252 haereticis.

653 1258 757 1323 Ita
823 1259 1110 1326 Gieseler
1169 1266 1418 1330 scribit:
1500 1265 1581 1332 Ut
1630 1265 1992 1335 Concilium
2037 1272 2437 1354 justificaret
2493 1278 2960 1362 Imperatorem

652 1354 729 1419 de
774 1355 951 1422 salvo
998 1359 1303 1426 conducto
1349 1361 1617 1444 violato,
1682 1364 2003 1432 decretum
2058 1369 2272 1435 emisit
2315 1373 2683 1456 impudens,
2741 1377 2960 1444 haere-

652 1451 799 1517 ticis
864 1453 1055 1533 fidem
1113 1477 1244 1522 non
1312 1479 1443 1523 esse
1503 1461 1907 1526 servandam.
1922 1463 1964 1543 ¹)
2071 1467 2151 1531 In
2217 1471 2658 1552 probationem
2725 1477 2963 1541 citatur

650 1548 770 1615 hoc
811 1551 1136 1618 decretum
1181 1558 1462 1620 sessione
1509 1559 1754 1624 decima
1801 1563 2074 1643 septima
2121 1565 2391 1631 editum:
2443 1566 2764 1635 Praesens
2813 1591 2963 1636 san-

651 1652 754 1711 cta
825 1646 1125 1730 Synodus
1194 1671 1275 1715 eae
1354 1653 1579 1734 quovis
1647 1654 1824 1721 salvo
1898 1658 2215 1727 conductu
2280 1684 2405 1744 per
2471 1664 2962 1748 Imperatorem,

649 1765 861 1828 reyem
906 1751 968 1810 et
1013 1746 1177 1812 alios
1223 1750 1465 1817 saeculi
1499 1751 1854 1835 principes,
1895 1752 2236 1823 haereticis
2282 1759 2378 1823 vel
2419 1761 2494 1825 de
2531 1761 2785 1828 haeresi
2828 1763 2960 1846 dif-

646 1841 950 1925 famatis,
999 1850 1311 1925 putantes
1355 1849 1600 1914 eosdem
1647 1851 1740 1915 sic
1784 1873 1824 1918 a
1873 1850 2013 1915 suis
2053 1855 2386 1921 erroribus
2430 1879 2756 1939 revocare,
2806 1880 2960 1942 quo·

650 1959 918 2020 cumque
964 1941 1219 2007 vinculo
1274 1964 1339 2008 se
1384 1945 1915 2033 adstrinxerunt,
1978 1974 2289 2032 conce-330,
2344 1953 2599 2020 nullum
2646 1955 2798 2035 fidei
2855 1977 2959 2022 ca-

649 2033 922 2101 tholicae
966 2037 1064 2101 vel
1099 2039 1553 2118 jurisdictioni
1607 2047 2067 2115 ecclesiasticae
2103 2050 2609 2137 praejudicium,
2631 2053 2960 2134 yenerari,

649 2131 749 2197 vel
791 2132 1320 2215 impedimentum
1372 2144 1712 2220 praestari
1755 2167 1946 2228 posse
2001 2147 2097 2212 vel
2150 2146 2371 2211 debere
2428 2147 2739 2225 declarat,
2806 2170 2962 2231 quo-

649 2228 896 2307 minus,
954 2229 1122 2295 dicto
1167 2233 1345 2298 salvo
1390 2237 1708 2304 conductu
1750 2262 1883 2307 non
1928 2243 2245 2323 obstante,
2304 2243 2491 2309 liceat
2531 2244 2750 2326 judici
2795 2267 2958 2311 com-

636 2326 889 2408 petenti
952 2332 1013 2392 et
1078 2329 1496 2398 ecclesiastico
1560 2335 1636 2399 de
1690 2336 2064 2420 hujusmodi
2121 2360 2560 2423 personarum
2627 2341 2961 2408 erroribus

645 2421 998 2505 inquirere,
1042 2424 1104 2496 e't
1148 2426 1317 2492 alias
1362 2435 1589 2496 contra
1633 2453 1737 2497 eos
1782 2435 1985 2500 debite
2015 2436 2376 2519 procedere,
2425 2437 2792 2520 eosdemque
2825 2460 2954 2521 pu-

647 2519 793 2585 nire
855 2527 1176 2602 quantum
1224 2525 1498 2607 justitia
1557 2549 1681 2595 sua
1748 2532 1950 2612 debet,
2024 2534 2084 2598 si
2144 2554 2295 2600 suos
2350 2555 2605 2627 errores.
2661 2556 2961 2601 revocare

636 2617 1069 2698 pertinaciter
1126 2624 1600 2705 recusaverint,
1663 2628 1921 2694 etiamsi
1981 2630 2056 2695 de
2116 2632 2291 2696 salvo
2355 2631 2671 2697 conductu
2733 2632 2959 2713 confisi

649 2713 735 2777 ad
780 2715 986 2780 locum
1033 2719 1328 2784 venerint
1357 2720 1605 2802 judicii
1651 2725 1820 2790 alias
1866 2747 1997 2791 non
2041 2728 2339 2793 venturi:
2393 2748 2508 2793 nec
2551 2728 2644 2792 sic
2677 2729 2954 2810 promit-

648 2816 911 2892 tentem,
970 2834 1170 2895 quum
1213 2816 1441 2897 fecerit
1486 2820 1656 2899 quod
1699 2820 1773 2885 in
1818 2822 1958 2905 ipso
2004 2829 2121 2905 est,
2186 2845 2266 2889 ex
2312 2824 2428 2889 hoc
2471 2824 2546 2890 in
2592 2824 2812 2906 aliquo
2856 2846 2955 2890 re-

646 2908 962 2974 mansisse
1008 2908 1376 2993 obliyatum.
1470 2913 1594 2979 Sed
1642 2917 1738 2982 his
1782 2921 1991 2984 verbis
2047 2922 2332 3005 profecto
2388 2923 2568 2985 nullo
2615 2923 2802 2986 modo
2848 2923 2956 2987 de-

647 3009 931 3072 cernitur
976 3015 1088 3071 aut
1136 3010 1419 3087 docetur,
1468 3013 1890 3097 frangendam
1939 3040 2073 3083 esse
2102 3019 2318 3084 datam
2363 3019 2703 3084 haereticis
2747 3019 2956 3084 fidem.

650 3101 795 3168 Duo
838 3127 1116 3188 namque
1170 3105 1457 3171 decernit
1510 3131 1691 3174 sacra
1739 3110 2051 3196 Synodus.
2142 3115 2460 3191 Primum,
2519 3114 2689 3199 quod
2741 3136 2957 3179 saecu·

647 3199 798 3263 laris
859 3205 1143 3283 potestas
1196 3204 1686 3270 ecclesiasticam
1740 3210 1885 3291 jure
1944 3212 2248 3296 impedire
2309 3234 2442 3276 non
2498 3211 2728 3295 possit,
2795 3212 2952 3296 quin

644 3316 762 3361 suo
818 3299 1132 3383 fungatur
1176 3301 1417 3379 officiO,
1478 3309 1541 3367 et
1594 3306 1863 3387 proinde
1918 3309 1972 3372 si
2026 3310 2323 3393 princeps
2383 3309 2578 3373 laicus
2633 3308 2957 3373 haeretico

645 3393 890 3458 homini
929 3395 1038 3459 det
1083 3397 1326 3464 salvum
1373 3399 1774 3487 conductum,
1818 3404 1884 3467 id
1930 3428 2061 3470 non
2107 3406 2359 3483 obesse,
2405 3406 2565 3489 quin
2604 3406 2804 3489 judex
2854 3427 2955 3469 ec-

643 3492 1030 3564 clesiasticus
1077 3516 1241 3578 quae
1288 3497 1385 3559 sui
1432 3503 1586 3562 sunt
1624 3501 1907 3566 muneris
1955 3502 2240 3586 legitime
2288 3507 2666 3585 exequatur,
2722 3501 2785 3565 id
2833 3506 2975 3597 est,

644 3595 720 3652 ut
765 3590 1204 3673 quaestionem
1265 3592 1341 3656 de
1395 3592 1640 3659 haeresi
1698 3597 1965 3680 aliisque
2020 3598 2391 3663 criminibus
2447 3599 2518 3661 in
2570 3598 2778 3681 ipsum
2835 3597 2951 3661 ha-

643 3686 812 3764 beat,
861 3687 1296 3773 legitimisque
1335 3690 1732 3757 documentis
1782 3698 1848 3757 et
1894 3695 2284 3760 testimoniis
2330 3695 2689 3759 convictum
2722 3716 2952 3759 secun·-

643 3783 793 3846 dum
849 3805 1125 3848 canones
1176 3787 1440 3870 judicet.
1542 3789 1874 3869 Profecto,
1936 3814 2135 3876 quum
2182 3795 2465 3873 potestas
2525 3791 2951 3855 ecclesiastica

642 3900 776 3944 non
821 3879 1178 3963 dependeat
1224 3906 1262 3947 a
1311 3889 1631 3967 potestate
1689 3886 1887 3965 civili,
1946 3889 2056 3952 sed
2111 3888 2212 3951 sui
2261 3887 2598 3971 juris-sit,
2662 3888 2791 3951 imo
2849 3908 2953 3950 ex·
3038 3981 3044 3986 η

644 3977 978 4046 cellentior
1025 3991 1091 4047 et
1137 3983 1359 4048 ordine
1416 3983 1705 4065 superior
1760 3990 2080 4066 potestate
2133 3985 2337 4061 civili,
2395 3982 2734 4047 saecularis
2780 3987 2957 4067 pote—

826 4160 869 4227 ¹)
910 4160 1320 4216 Kirch.-Gesch.
1358 4158 1458 4211 Bd.
1497 4158 1568 4211 ΙΙ.
1607 4156 1773 4211 Abth.
1811 4162 1861 4211 4.
1903 4158 1953 4212 S.
1991 4160 2113 4211 417.
