3281 5014
759 437 968 494 Causae
1003 443 1394 506 praeparantes
1432 437 1794 494 defectionem
1829 439 2284 494 Protestantium.
2579 442 2687 493 475

366 577 693 642 Plurimae
740 580 1048 665 ejusmodi
1099 596 1469 644 sermonum
1520 580 1930 645 collectiones
1989 580 2272 645 habuere
2318 582 2432 646 illa
2476 586 2691 648 aetate

364 674 713 755 editiones,
774 676 943 740 unde
1006 698 1082 740 ea
1136 675 1590 761 Wimpfelingi
1652 677 1914 760 querela
1971 677 2052 741 ad
2109 676 2466 743 Geilerum:
2532 675 2685 758 „Bi-

363 772 679 855 bliopolae
731 775 939 838 nostri
997 773 1161 852 nihil
1218 774 1539 856 elegantis
1594 773 1872 850 habent3
1930 774 2067 839 sola
2117 771 2459 837 verborum
2517 794 2686 838 com-

352 866 605 950 posita,
663 873 730 934 et
776 892 1100 935 sermones
1146 867 1389 933 Dormi
1433 888 1682 949 secure,
1743 868 1977 954 quibus
2039 870 2398 935 sacerdotes
2444 872 2690 936 rurales

362 966 623 1044 fallunt,
671 971 1062 1052 caeteraque
1110 966 1175 1041 id
1221 969 1481 1051 genus.“

536 1088 969 1154 Admitterem
1024 1110 1210 1165 vem,
1276 1111 1473 1172 quum
1538 1089 1637 1153 uti
1697 1089 1968 1154 vidimus
2029 1088 2284 1154 saeculo
2329 1085 2473 1152 XV.
2538 1090 2686 1149 ten-

364 1186 585 1250 dentia
648 1185 962 1275 quaedam
1027 1183 1179 1250 Sedi
1250 1186 1655 1269 Apostolicae
1724 1187 1994 1270 ejusque
2065 1185 2435 1250 auctoritati
2499 1203 2687 1266 oppo-

362 1284 490 1347 sita
533 1284 730 1346 etiam
777 1283 846 1346 in
895 1284 1065 1346 clero
1120 1286 1475 1366 propagata
1522 1287 1724 1362 esset,
1780 1283 1993 1347 minus
2052 1281 2223 1346 clare
2278 1281 2473 1344 etiam
2521 1280 2684 1343 mul-

362 1377 631 1444 titudini
692 1379 1043 1461 expositam
1109 1378 1306 1443 fuisse
1365 1379 1726 1443 doctrinam
1783 1379 1859 1443 de
1919 1379 2200 1463 primatu
2255 1379 2521 1460 ejusque
2574 1398 2684 1440 ne-

364 1476 661 1541 cessitate
728 1484 794 1540 et
860 1475 1282 1551 auctoritate,
1356 1497 1429 1540 ac
1486 1475 1576 1540 sic
1648 1476 1900 1541 facilius
1969 1480 2190 1558 postea
2257 1474 2678 1538 defectionem

364 1573 647 1637 obtineri
720 1573 1024 1656 potuisse.
1090 1609 1176 1616 ——
1242 1571 1502 1635 Abusus
1568 1571 2009 1637 intolerabiles
2078 1573 2146 1634 in
2211 1569 2516 1635 doctrinis
2579 1569 2688 1634 ad·

362 1669 563 1734 fuisse
602 1671 795 1753 plane
843 1669 1212 1752 negandum
1266 1672 1394 1750 est;
1441 1689 1776 1753 quousque
1815 1669 2033 1752 aliqua
2077 1690 2326 1732 morum
2370 1667 2683 1731 relaxatio

362 1767 735 1846 invaluerit,
777 1768 917 1851 jam
965 1766 1399 1850 exposuimus
