3281 5014
1041 428 1123 482 De
1158 428 1308 481 lucta
1344 427 1607 483 Ludovici
1644 429 1866 483 Bavari.
2509 427 2608 481 195

296 571 603 636 electores
650 572 1079 648 declararunt,
1134 573 1485 651 utrumque
1529 590 1714 635 omne
1745 568 1866 652 jus
1911 568 1997 633 ad
2040 567 2403 651 Imperium
2448 568 2610 633 ami-

293 665 469 731 sisse.
562 666 764 732 Paulo
818 671 963 751 post
1026 667 1127 733 die
1178 664 1247 730 7⁰
1291 666 1585 732 Januarii
1647 692 1701 733 a.
1756 668 1924 730 1326
1973 666 2332 732 Ludovicus
2380 665 2610 731 Ulmae

295 786 363 828 se
426 764 721 830 exhibuit
788 768 1115 848 paratum,
1184 768 1253 829 ut
1306 762 1636 830 Friderico
1699 764 1951 830 cederet
2013 784 2285 847 regnum
2347 762 2608 828 Germa—

296 861 445 926 niae
488 861 739 944 sibique
781 859 1039 925 Italiam
1084 883 1228 925 cum
1275 881 1509 926 corona
1553 860 1874 944 imperiali
1920 860 2247 942 retineret,
2292 859 2403 924 sed
2449 861 2610 944 ejus-

294 956 464 1022 modi
526 978 737 1021 rerum
799 957 1210 1041 dispositioni
1269 978 1390 1021 nec
1450 956 1770 1041 principes
1824 979 1941 1021 nec
1986 956 2295 1021 Pontifex
2356 958 2607 1040 acquie-

294 1060 551 1119 verunt.
643 1052 963 1119 Nonnulli
1012 1055 1205 1118 etiam
1252 1076 1330 1117 ex
1381 1054 1735 1119 Germanis·
1769 1053 2115 1117 diuturnae
2162 1054 2440 1136 pertaesi
2488 1054 2608 1118 dis·-

294 1149 566 1227 cordiae,
615 1151 824 1214 missis
855 1150 1216 1215 oratoribus
1263 1149 1345 1213 ad
1379 1148 1899 1215 Avenionensem
1931 1150 2165 1228 aulam,
2210 1149 2607 1234 flagitarunt,

294 1251 370 1311 ut
416 1246 704 1312 Joannes
751 1247 1159 1312 confirmaret
1204 1248 1577 1312 electionem
1628 1244 1961 1311 Friderici.
2033 1246 2392 1330 Respondit
2442 1246 2609 1313 Pon·

292 1343 457 1407 tifex
500 1364 569 1407 se
616 1343 863 1423 mirari,
908 1342 1077 1426 quod
1123 1343 1442 1427 ejusmodi
1488 1345 1892 1408 confirmatio
1939 1345 2318 1427 postuletur,
2366 1342 2610 1407 decreto

292 1436 619 1504 electionis·
657 1459 791 1505 non
839 1438 1075 1519 oblat0,
1133 1459 1249 1505 nec
1303 1439 1459 1505 data
1507 1438 1981 1522 informatione
2025 1438 2162 1505 alia
2219 1460 2414 1522 super
2460 1439 2647 1530 east>

294 1541 491 1620 atque
521 1536 889 1614 declaravit,
937 1536 1107 1618 quod
1150 1556 1347 1619 super
1390 1536 1531 1619 ipso
1561 1536 1816 1618 neyotio
1844 1536 2077 1618 parati
2123 1555 2350 1601 sumus
2385 1558 2608 1618 prom-

286 1636 398 1715 pte
438 1635 501 1696 et
544 1632 836 1715 expedite
875 1653 1020 1699 cum
1073 1633 1371 1716 fratrum
1415 1636 1791 1697 nostrorum
1837 1631 2135 1711 consilio,
2193 1632 2363 1697 sicut
2407 1637 2468 1697 et
2511 1654 2608 1697 re-

293 1727 505 1811 quirit
548 1728 794 1813 neqotii
850 1728 1166 1811 qualitas,
1207 1728 1550 1812 justitiam
1605 1728 1904 1793 exhibere
1957 1732 2016 1792 et
2061 1728 2272 1793 adhuc
2320 1728 2609 1812 qratiose

294 1829 355 1889 et
407 1825 896 1908 favorabiliter,
960 1830 1278 1908 quantum
1338 1825 1480 1892 sine
1524 1824 1658 1889 Dei
1714 1824 1959 1908 offensa
2013 1845 2293 1906 suaeque
2347 1830 2609 1891 sanctae

293 1921 621 1988 Ecclesiae
664 1921 1078 2006 praejudicio
1137 1943 1213 1988 ac
1266 1922 1526 2005 injuria
1575 1921 1988 2005 principum,
2054 1921 2140 1986 ad
2191 1942 2348 2003 quos
2393 1921 2607 1987 electio

292 2018 484 2101 reqis¹
506 2019 958 2085 Romanorum
1002 2019 1423 2103 promovendi
1477 2017 1553 2084 in
1600 2018 2070 2101 Imperatorem
2119 2017 2450 2101 pertinere
2495 2040 2606 2084 no-

293 2114 530 2195 scitur,
590 2115 830 2198 poterit
890 2115 1065 2198 fieri,
1124 2137 1269 2182 cum
1322 2115 1438 2181 hoc
1498 2120 1857 2199 opportune
1911 2114 2316 2199 postulatum
2381 2115 2606 2197 fuerit,

293 2231 413 2276 nos
456 2210 761 2297 habere.²)
850 2214 933 2278 In
990 2214 1089 2278 his
1146 2214 1311 2279 nihil
1368 2215 1664 2278 invenias
1718 2236 1846 2297 quo
1900 2212 2189 2279 Joannes
2234 2213 2400 2298 juris
2458 2236 2607 2278 nor-

296 2330 464 2373 mam
512 2311 866 2376 violaverit.
962 2310 1365 2376 pontificiam
1425 2316 1645 2375 autem
1703 2310 2085 2393 dignitatem
2140 2314 2205 2373 et
2258 2310 2611 2374 auctorita-

292 2410 424 2469 tem
470 2409 604 2470 tam
653 2429 878 2490 parum
927 2408 1184 2491 utrique
1224 2408 1411 2473 electi
1456 2406 1717 2472 reveriti
1767 2412 1976 2483 erant,
2025 2413 2100 2470 ut
2144 2404 2294 2471 inde
2323 2405 2610 2470 Joannes

291 2502 604 2568 sollicitus
663 2526 798 2569 esse
855 2502 1147 2582 deberet,
1208 2527 1289 2569 ne
1340 2505 1491 2589 jura
1546 2501 1727 2569 Sedis
1776 2502 2183 2587 Apostolicae
2246 2502 2437 2586 plane
2500 2501 2610 2566 de-

288 2600 710 2683 spicerentur.
802 2599 941 2668 Nec
1002 2602 1168 2666 enim
1226 2601 1462 2665 adsunt
1518 2607 1930 2684 argumenta,
1991 2599 2225 2684 quibus
2283 2599 2611 2683 probetur,

290 2696 858 2780 praedilectionem
903 2698 1175 2762 Joannis
1226 2719 1377 2782 erga
1424 2696 1648 2762 Gallos
1712 2696 2035 2761 obstitisse
2082 2697 2608 2774 reconciliationi,

288 2793 581 2877 quamvis
628 2799 801 2859 certe
849 2793 1004 2859 haec
1052 2794 1299 2858 facilior
1344 2793 1589 2872 fuisset,
1638 2793 1693 2856 si
1743 2792 2050 2857 Pontifex
2096 2793 2430 2877 antiquam
2478 2793 2607 2858 Ro-

292 2911 431 2953 mae
476 2890 1049 2955 commorationem
1097 2896 1438 2955 servasset.

464 3040 569 3104 49.
638 3037 797 3105 Inde
861 3039 942 3104 ab
1006 3063 1061 3106 a.
1133 3040 1298 3105 1327
1364 3041 1928 3105 vehementissimo
1995 3040 2180 3104 modo
2246 3039 2608 3121 Ludoyic,us
2672 3066 2883 3109 Ludoviei

286 3156 573 3228 pugnam
621 3139 848 3219 contra
893 3133 1215 3227 Joannem
1261 3135 1485 3203 XXII.
1533 3142 1910 3220 prosecutus
1957 3140 2085 3215 est,
2144 3136 2237 3200 ita
2276 3124 2358 3200 ‘ut
2404 3128 2939 3231 omnisgffiffffiggsstfm‘}

285 3231 828 3296 reconciliationis
907 3253 1050 3316 spes
1119 3226 1546 3299 evaffesceret.
1665 3233 2255 3298 Pseudominoritas
2323 3234 2607 3318 aliosque

284 3327 685 3392 adversarios
715 3326 1066 3408 Pontificis,
1118 3331 1215 3396 uti
1252 3333 1392 3415 jam
1440 3329 1738 3404 diximus,
1783 3330 2015 3393 intimo
2064 3329 2185 3392 sibi
2235 3351 2403 3393 nexu
2455 3352 2607 3395 con-

469 3527 509 3595 ¹)
548 3527 820 3581 Videntur
857 3528 993 3581 haec
1033 3526 1197 3581 verba
1235 3528 1553 3593 ostendere,
1604 3543 1637 3580 a
1674 3527 1955 3582 Friderico
2003 3528 2292 3583 electionis
2333 3531 2607 3585 decretum

281 3622 557 3673 nunquam
593 3605 797 3660 Joanni
834 3605 1015 3659 XXII.
1054 3605 1292 3659 oblatum
1330 3605 1520 3660 fuisse.
1582 3606 1693 3660 Cfr.
1732 3607 1929 3660 Miiller
1964 3608 2000 3661 1.
2041 3625 2085 3663 o.
2124 3609 2168 3663 Ι.
2207 3610 2292 3663 29.
2348 3609 2607 3665 Advertit

282 3692 468 3740 tamen
506 3685 650 3739 haud
687 3685 992 3754 incongrue
1032 3684 1098 3738 cl.
1136 3685 1369 3753 Preger,
1410 3685 1506 3754 agi
1540 3685 1630 3739 hic
1669 3686 1736 3739 de
1773 3686 2220 3753 praesentatione
2258 3703 2427 3758 nova,
2467 3706 2604 3757 quae

278 3763 399 3818 fieri
449 3763 746 3822 debuisset.
819 3763 1042 3818 Etenim
1091 3779 1187 3831 per
1237 3764 1655 3820 conventionem
1707 3781 1863 3832 quam
1913 3782 2031 3820 cum
2068 3765 2349 3821 Ludovico
2399 3767 2608 3824 inierat

278 3841 591 3896 Fridericus
649 3858 808 3909 quum
869 3858 937 3896 ex
987 3842 1234 3896 custodia
1282 3842 1679 3910 dimitteretur,
1747 3859 1814 3898 ex
1862 3845 1987 3913 jure
2043 3846 2226 3912 priora
2280 3847 2607 3903 documenta

279 3920 442 3974 irrita
492 3921 881 3987 reddebantur,
939 3937 1002 3975 ac
1050 3936 1193 3975 nova
1242 3923 1310 3975 ad
1360 3938 1672 3990 processum
1733 3926 2164 3991 prosequendum
2228 3925 2609 3992 requirebatur

279 3998 505 4054 oblati0.
579 3999 685 4053 Cfr.
726 4000 939 4069 Preger
974 4001 1009 4053 l.
1052 4017 1095 4054 c.
1134 4017 1186 4068 p.
1223 4004 1309 4054 28.

458 4076 500 4144 2)
541 4078 718 4145 Epist.
768 4081 835 4133 ad
883 4079 1040 4134 Joan.
1087 4079 1270 4146 Episc.
1319 4080 1609 4148 Argentin.
1660 4081 1710 4134 d.
1763 4082 1815 4137 d.
1863 4082 2000 4136 Non.
2050 4081 2198 4149 Sept.
2247 4099 2296 4136 a.
2348 4084 2414 4137 X.
2464 4085 2607 4152 apud

275 4155 549 4223 Raynald.
587 4173 636 4210 a.
679 4159 830 4212 1325.
871 4175 921 4212 n.
962 4160 1010 4212 5.
