3281 5014
830 439 1126 495 Conflictus
1163 458 1284 495 cum
1319 441 1583 510 Philippo
1618 443 1683 496 P.
1722 448 2033 497 renovatus,
2516 444 2586 494 47

453 583 575 647 51.
621 582 802 657 Quod
854 580 1221 648 Bonifatius
1275 583 1545 647 Romam
1607 585 2058 648 convocaverit
2112 583 2358 649 Galliae
2413 605 2589 667 prae-

268 679 461 755 latos,
508 682 583 743 ut
628 679 925 742 ecclesiae
959 696 1031 743 ac
1072 679 1240 744 bono
1287 679 1591 762 regimini
1612 675 1807 763 'regni
1854 679 2235 756 consuleret,
2283 679 2405 745 hoc
2433 701 2588 745 sane

272 775 627 840 remedium
687 775 758 839 in
813 775 943 839 illis
987 790 1200 839 rerum
1258 775 1577 860 adjunctis
1626 778 1777 861 jure
1821 776 2125 841 adhibere
2169 777 2415 860 potuit,
2473 799 2588 840 ne-

270 893 407 956 que
466 893 536 936 se
599 872 788 935 rebus
849 893 1023 936 mere
1080 873 1538 955 temporalibus
1595 873 1786 957 regni
1849 874 2212 938 immiscuit.
2279 909 2353 918 —
2429 873 2587 938 Cum

275 967 729 1053 indignatione
788 970 1066 1053 quadam
1119 973 1291 1034 certe
1353 970 1540 1053 plura
1595 969 1759 1034 dixit
1803 972 2031 1034 contra
2076 968 2329 1034 Galliae
2374 990 2591 1054 regem

274 1067 348 1129 in
396 1065 711 1140 oratione,
758 1087 951 1148 quam
999 1065 1225 1130 habuit
1268 1066 1341 1129 in
1382 1064 1781 1131 Consistorio
1825 1089 2042 1131 mense
2076 1067 2370 1151 Augusto
2416 1082 2593 1132 anno

286 1163 472 1225 1302-
523 1161 766 1226 Romae
828 1160 1070 1226 habito.
1186 1161 1311 1226 Sed
1369 1163 1580 1247 qualis
1645 1164 1848 1228 fuerit
1906 1164 2240 1248 Philippus
2296 1163 2593 1240 Pulcher,

275 1258 642 1343 quibusque
688 1259 972 1342 injuriis,
1026 1259 1326 1324 conviciis
1383 1264 1450 1324 et
1503 1259 1737 1324 dolosis
1793 1260 2132 1324 calumniis
2183 1263 2320 1346 jam
2369 1260 2595 1325 Ponti·

282 1357 461 1419 ficem
511 1355 827 1433 affecerit,
884 1356 952 1419 in
998 1360 1279 1420 mentem
1334 1360 1433 1420 est
1462 1357 1922 1422 revocandum.
2016 1357 2357 1422 Caeterum
2405 1359 2477 1422 in
2522 1375 2598 1421 ea

272 1452 579 1515 oratione
632 1452 817 1534 plura
877 1474 1134 1536 quoque
1186 1451 1536 1529 habentur,
1600 1453 1831 1536 quibus
1886 1453 2150 1518 nimium
2198 1455 2334 1519 fere
2377 1459 2595 1519 aucto-

284 1549 477 1612 ritate
531 1569 647 1612 sua
701 1549 920 1613 cedere
975 1549 1233 1613 videtur
1287 1547 1690 1625 Bonifatius,
1752 1549 1903 1613 dum
1958 1572 2009 1614 e.
2055 1571 2116 1634 g.
2170 1573 2237 1615 se
2298 1555 2596 1635 paratum

278 1646 596 1722 declarat,
660 1649 733 1709 ut
791 1638 1183 1710 Cardinales'
1217 1646 1316 1709 vel
1370 1645 1604 1729 probos
1661 1646 1939 1709 barones
1989 1645 2235 1711 Galliae
2289 1651 2599 1730 tanquam

274 1741 562 1806 arbitros
592 1741 864 1825 accipiat
895 1745 963 1807 in
1010 1744 1127 1807 lite
1151 1743 1360 1826 ipsum
1397 1743 1569 1806 inter
1613 1747 1680 1806 et
1710 1762 1925 1825 regem
1974 1743 2311 1826 pendente.
2385 1741 2602 1806 Verba

279 1839 502 1925 igitur*
541 1860 703 1922 quae
751 1861 788 1902 a
832 1839 1152 1904 Pontifice
1209 1839 1460 1923 prolata
1504 1838 1902 1917 referuntur,
1961 1841 2014 1903 si
2058 1861 2313 1905 necesse
2360 1839 2488 1916 sit,
2532 1860 2603 1903 se

280 1937 483 2001 etiam
545 1937 985 2020 depositurum
1047 1958 1181 2002 esse
1241 1956 1457 2020 regem
1512 1937 1715 2001 tantis
1771 1937 1974 2020 culpis
2031 1937 2377 2001 obnoxium
2434 1935 2603 2000 haud

284 2054 474 2098 secus
538 2036 615 2097 ut
677 2052 885 2097 unum
942 2031 1341 2115 yarcionem,
1422 2055 1550 2098 non
1616 2038 1774 2098 sunt
1835 2033 1916 2097 ad
1964 2034 2180 2097 vivum
2239 2032 2604 2098 resecanda.

290 2129 486 2195 Multi
552 2137 886 2213 praeterea
951 2135 1217 2195 censent
1289 2131 1764 2194 Allocutionem
1834 2130 2322 2213 interpolatam;
2389 2133 2607 2194 textus
2659 2148 2665 2154 ·

281 2228 461 2292 euim
511 2227 829 2291 variorum
878 2228 1335 2310 exemplarium
1384 2249 1516 2292 non
1566 2233 1664 2291 est
1708 2228 1777 2291 in
1824 2227 2124 2291 omnibus
2170 2248 2510 2291 consonus,

528 2581 531 2582 ν
1431 2520 1514 2589 V.
2573 2561 2580 2572 ‹

287 2650 426 2716 De
466 2651 730 2715 Bulla
772 2694 824 2731 „
840 2649 1118 2715 Unam
1145 2645 1587 2714 sanctam“
1636 2667 1738 2714 ac
1766 2650 1869 2714 de
1898 2631 2329 2729 Bonifatv'st
2357 2643 2616 2714 obitu.

474 2804 578 2870 52.
627 2804 750 2870 Die
805 2804 923 2871 30⁰
969 2805 1265 2870 Octobris
1310 2829 1367 2869 a.
1420 2806 1586 2869 1302
1635 2804 2002 2869 Bonifatius
2035 2802 2214 2868 VIII.
2272 2803 2610 2894 concilium
2667 2808 2911 2852 0011051111111

285 2902 467 2987 quod
511 2902 590 2967 ad
636 2903 1109 2987 componendas
1148 2902 1491 2968 discordias
1535 2906 2017 2980 convocaverat,
2067 2901 2310 2965 Romae
2356 2889 2611 2983 hab'uit3
2697 2884 2734 2913 δ’
2767 2874 2886 2912 ¹3⁰²

285 3004 738 3064 convenerant
792 3003 1006 3064 autem
1056 3020 1189 3063 non
1245 2999 1547 3063 obstante
1601 2997 2037 3082 prohibitione
2095 2998 2282 3081 regia'
2321 3019 2355 3061 e
2403 2995 2618 3082 Gallia

288 3101 582 3182 quatuor
637 3096 1124 3180 archiepiscopi,
1183 3096 1455 3179 triginta
1513 3094 1798 3179 quinque
1854 3094 2164 3178 episcopi,
2226 3098 2292 3157 et
2346 3115 2459 3159 sex
2506 3094 2619 3157 ab·

295 3194 503 3259 bates.
598 3191 676 3256 In
737 3192 857 3258 hoc
910 3192 1181 3273 concilio
1234 3190 1575 3274 Pontifex,
1632 3213 1798 3275 quae
1853 3190 1930 3254 de
1990 3195 2131 3255 tota
2189 3190 2621 3255 controversia

290 3295 470 3355 esset
526 3310 674 3352 vere
736 3311 917 3353 mens
971 3310 1121 3368 sua,
1182 3292 1559 3373 quantaque
1625 3288 1708 3353 ab
1765 3287 2229 3353 ecclesiasticae
2286 3286 2624 3370 potestatis

291 3391 369 3451 et
411 3386 734 3450 libertatis
780 3386 1197 3451 violatoribus
1240 3406 1463 3469 passus
1511 3390 1701 3467 esset,
1749 3386 2062 3467 exposuit.
2155 3385 2325 3448 Acta
2369 3383 2624 3468 quidem

295 3483 560 3566 concilii
601 3482 681 3545 ad
721 3505 841 3547 nos
873 3504 1008 3548 non
1056 3486 1524 3566 pervenerunt3
1570 3481 1681 3547 sed
1730 3486 1948 3546 exstat
1994 3481 2407 3546 celeberrima
2435 3479 2626 3544 Bulla

284 3562 532 3651 U‘nam
576 3583 901 3659 sanctam,
958 3581 1030 3644 in
1085 3601 1161 3644 eo
1207 3578 1507 3657 concilio,
1567 3580 1659 3643 uti
1709 3578 1993 3657 videtur,
2050 3577 2326 3642 condita.
2418 3576 2625 3653 Quum

303 3666 603 3741 videlicet
643 3659 981 3787 Pofiilippus
1037 3697 1148 3740 rex
1205 3675 1655 3752 contenderet,
1716 3697 1784 3739 se
1839 3676 1908 3739 in
1952 3674 2401 3759 qualicumque
2454 3676 2631 3756 pote·
2709 3650 2782 3758 3(

299 3774 501 3838 statis
562 3772 785 3858 regiae
850 3794 965 3836 usu
1028 3772 1226 3849 nulli,
1291 3793 1373 3836 ne
1439 3771 1559 3854 ipsi
1623 3772 1882 3857 quidem
1937 3771 2269 3847 Pontifici,
2333 3771 2623 3862 subesse;

300 3892 511 3954 quum
552 3891 915 3953 supremam
963 3870 1436 3945 auctoritatem,
1483 3890 1678 3952 quam
1707 3869 2039 3933 Romanus
2065 3867 2392 3944 Pontifex,
2441 3866 2629 3931 Chri·

292 3966 395 4048 sti
445 3966 721 4030 vicarius
777 3987 851 4030 ac
894 3965 1143 4030 visibile
1190 3965 1510 4031 Ecclesiae
1565 3970 1790 4050 caput,
1844 3966 1993 4050 jure
2052 3965 2269 4030 divino
2315 3963 2513 4029 habet
2559 3965 2630 4027 in

305 4062 530 4126 omnia
562 4061 881 4127 Ecclesiae
914 4064 1215 4140 membra,
1249 4066 1651 4126 averteretur
1680 4067 1877 4145 atque
1909 4065 2383 4142 contemneret3
2428 4082 2629 4145 quum

300 4180 387 4222 ea
431 4180 599 4242 quae
642 4164 799 4223 sunt
843 4160 1303 4224 ecclesiasticae
1352 4159 1694 4243 potestatis
1742 4160 2023 4243 propria,
2088 4157 2290 4223 veluti
2313 4156 2436 4221 sui
2480 4178 2631 4241 pro-

415 4271 683 4324 Jungmann,
720 4271 1078 4313 Dissertationes.
1106 4271 1334 4313 Tom.VI.
2336 4307 2339 4310 ,
2387 4263 2422 4313 4
