3281 5014
446 1712 1164 1836 Dissertatio
1259 1713 1908 1860 trigesima
2001 1716 2571 1837 secunda.

517 1930 648 2011 De
702 1922 1307 2009 Pontificibus
1361 1924 1827 2009 Avenione
1882 1917 2491 2010 commorati&

532 2272 586 2334 1.
644 2248 729 2335 En
776 2269 1049 2352 epistola
1107 2270 1248 2347 illa,
1316 2292 1441 2355 qua
1502 2268 1878 2334 Cardinales
1943 2269 2334 2334 Clementem
2379 2268 2458 2335 V.
2518 2274 2663 2353 post
2693 2268 2966 2374 Effigifgr

346 2368 723 2432 electionem
786 2367 924 2450 ejus
987 2370 1059 2429 ut
1116 2364 1387 2431 Romam
1452 2368 1704 2432 veniret
1765 2366 2157 2449 supplicibus
2219 2366 2430 2431 verbis
2490 2366 2661 2431 invi·
2934 2361 2944 2372 ”

346 2464 607 2546 tabant,
660 2466 833 2529 inter
881 2463 1067 2541 aliae,
1125 2463 1224 2528 uti
1269 2462 1570 2540 vidimus,
1629 2462 1745 2528 has
1791 2462 2071 2527 afferunt
2115 2463 2417 2528 rationes.
2507 2460 2662 2528 Non

345 2558 616 2626 dubium
677 2558 937 2641 quippe,
999 2561 1316 2639 scribunt,
1380 2559 1550 2642 quod
1601 2558 1678 2624 iu
1726 2558 1870 2624 sede
1924 2556 2109 2623 Petri
2167 2552 2465 2624 sedebitis
2518 2559 2657 2641 for-

345 2656 504 2735 tior,
569 2654 862 2722 lucebitis
915 2654 1186 2735 clarior,
1248 2655 1323 2722 in
1379 2661 1559 2721 terra
1611 2656 1752 2738 ejus
1803 2655 2033 2721 vivetis
2087 2654 2396 2737 quietior,
2458 2659 2519 2721 et
2563 2677 2657 2720 re-

346 2752 539 2818 motis
583 2751 872 2836 reqibuS,
917 2751 1336 2835 principibus
1392 2757 1585 2834 atque
1629 2751 1897 2835 populis
1950 2751 2407 2819 admirabilior
2449 2752 2656 2830 eriti3‚

347 2854 408 2913 et
450 2849 746 2932 ipsorum
792 2848 1185 2914 devotionem
1234 2853 1294 2912 et
1341 2848 1768 2915 obedientiam
1802 2847 2069 2931 plenius
2112 2848 2483 2932 acquiretis,
2574 2849 2659 2917 In

346 2965 469 3012 sua
514 2965 795 3028 namque
837 2944 1020 3010 domo
1065 2949 1159 3010 est
1204 2944 1655 3028 ‘linusquisque
1690 2945 1963 3028 planeta
1998 2945 2349 3027 potentior.
2424 2946 2514 3012 Iu
2558 2966 2657 3012 ec-

346 3041 539 3108 clesia
591 3041 876 3125 propria
941 3041 1212 3123 quiescit
1275 3041 1422 3124 quis
1485 3041 1741 3108 dulcius
1752 3061 1778 3120 ,·
1848 3041 2023 3106 erasis
2081 3042 2289 3125 juxta
2351 3042 2657 3126 capulum

347 3138 596 3219 minue,
658 3139 922 3222 ejusque
967 3157 1134 3221 pars
1190 3158 1354 3221 quae
1411 3137 1622 3222 ‘maqis
1678 3138 1881 3204 distat
1933 3158 1973 3203 a
2022 3139 2251 3223 capulo
2291 3138 2452 3222 plus
2494 3138 2656 3204 iuci-

347 3234 443 3300 dit
454 3255 480 3315 ,·
525 3234 670 3301 visa
694 3235 1087 3317 frequenter
1121 3234 1280 3317 plus
1324 3238 1731 3318 spernuntur
1762 3255 1887 3318 per
1932 3235 2212 3318 saepius‘,
2272 3256 2347 3301 ac
2386 3235 2658 3319 facilius

347 3332 531 3397 adita
573 3331 672 3397 vel
717 3330 1012 3414 quaesita
1045 3331 1375 3405 vilescunt.
1390 3333 1435 3414 ¹)
1513 3332 2056 3409 Quemadmodum
2101 3332 2201 3398 his
2241 3335 2451 3404 verbis
2498 3335 2659 3399 scite

345 3431 719 3495 indicantur
768 3430 1100 3495 commoda
1147 3435 1214 3494 et
1256 3431 1604 3506 utilitatem
1662 3452 1826 3514 quae
1873 3438 2013 3494 tum
2066 3453 2182 3515 pro
2232 3430 2657 3496 Pontificibus

344 3532 488 3592 tum
534 3549 647 3610 pro
693 3526 981 3592 Ecclesia
1025 3528 1325 3592 universa
1368 3525 1855 3592 commorationi
1904 3547 2122 3593 eorum
2168 3527 2236 3591 in
2287 3526 2464 3600 Urbe
2505 3548 2657 3591 eon-

346 3645 551 3688 nexae
600 3628 819 3700 erant,
880 3623 976 3687 ita
1020 3624 1215 3687 etiam
1269 3623 1581 3706 implicite
1635 3621 2091 3705 praevidentur
2144 3623 2546 3689 incommoda
2591 3627 2660 3687 et

347 3721 609 3795 damna,
667 3740 828 3803 quae
866 3740 953 3783 -ex
1001 3720 1502 3784 commoratione
1558 3719 1820 3783 illorum
1866 3720 1934 3783 in
1982 3720 2110 3784 alia
2154 3721 2417 3804 regione
2462 3719 2659 3785 dima-

350 3821 683 3885 naverunt.
762 3815 1169 3880 Resederunt
1213 3815 1508 3883 videlieet
1534 3814 1885 3887 Pontifices
1932 3817 2081 3881 inde
2128 3838 2164 3883 a
2211 3816 2543 3883 Clemente
2574 3815 2656 3881 V.

347 3935 548 3998 usque
604 3914 681 3978 ad
742 3911 1120 3997 Gregorium
1169 3911 1283 3979 XI.
1346 3914 1412 3978 in
1462 3911 1675 3977 Gallia
1735 3913 1909 3977 ultra
1960 3916 2376 3998 septuaginta
2431 3936 2656 3997 annue,

347 4033 692 4095 eorumque
752 4008 1256 4093 independentia
1311 4017 1505 4094 atque
1563 4009 1911 4100 auctoritas
1979 4009 2127 4074 inde
2189 4012 2497 4094 paulatim
2560 4017 2662 4076 est

528 4180 571 4248 ¹)
608 4183 711 4251 Ap.
751 4181 1019 4250 Raynald.
1060 4183 1128 4236 ad
1168 4198 1216 4236 a.
1256 4184 1408 4236 1305.
1447 4200 1497 4236 n.
1537 4185 1586 4236 6.
