3281 5014
263 1154 456 1196 Ulterior
504 1168 574 1197 ex·

324 1216 515 1269 plicatio.

593 458 700 509 362
870 454 1094 508 XXXV.
1133 456 1215 510 De
1255 456 1457 510 Concil.
1496 456 1808 512 Basileensi
1846 474 1908 510 ac
1947 457 2012 510 de
2052 456 2262 524 Synodo
2300 456 2635 510 Florentino..

594 597 831 662 litteris
878 596 1184 682 Eugenii,
1245 598 1339 660 ita
1391 601 1465 659 ut
1523 599 1775 664 nullum
1821 598 2081 663 dubium
2129 598 2206 662 de
2267 602 2486 663 mente
2532 600 2667 683 ejus
2715 619 2912 662 rema·

597 716 748 759 nere
816 695 1032 778 possit.
1168 692 1240 759 3⁰
1310 693 1644 776 Expressis
1727 695 1937 758 verbis
2004 695 2230 759 scribit
2302 695 2557 758 Aeneas
2625 693 2909 777 Sylvius:

601 787 790 854 Circa
833 788 1299 872 professionem
1347 789 1558 871 major
1603 789 1962 873 difficultas
1989 790 2142 873 fuit.
2207 789 2680 856 Auctoritatem
2725 809 2908 855 nam·

597 906 718 968 que
763 885 1217 962 Conciliorum,
1266 885 1367 950 uti
1411 885 1484 950 in
1516 886 1789 952 Basilea
1836 886 2166 953 declarata
2210 887 2453 969 fuerat,
2498 885 2679 951 nullo
2716 890 2910 969 pacto

595 982 859 1047 admitti
904 981 1166 1047 volebat.
1192 982 1240 1063 l)

772 1134 876 1196 27.
941 1132 1172 1196 Posset
1238 1136 1456 1196 tamen
1526 1132 1694 1196 forte
1759 1132 2106 1198 difficultas
2172 1134 2290 1197 hac
2355 1134 2606 1197 ratione
2673 1134 2909 1217 urgeri.

598 1229 928 1314 Eugenius
998 1229 1108 1292 IV.
1180 1230 1417 1293 litteris
1490 1230 1657 1294 datis
1729 1229 1830 1294 die
1903 1229 1970 1292 1⁰
2034 1228 2229 1295 Febr.
2306 1253 2357 1297 a.
2433 1232 2617 1294 1446.
2690 1229 2912 1295 Fride-

594 1326 725 1390 rico
760 1326 875 1390 HI.
925 1324 1388 1390 Germanorum
1424 1325 1804 1408 Imperatori
1850 1327 2180 1408 concessit,
2224 1331 2299 1391 ut
2344 1327 2598 1392 decreta
2639 1326 2907 1391 Concilii

595 1422 977 1488 Basileensis
1024 1424 1106 1486 ab
1153 1423 1421 1487 Alberto
1467 1443 1616 1505 rege
1665 1426 1994 1506 acceptata
2049 1422 2153 1505 (de
2211 1424 2663 1488 collationibus
2713 1423 2909 1487 bene·

595 1519 883 1584 ficiorum
930 1516 1079 1603 etc.)
1143 1541 1330 1602 porro
1388 1519 1458 1582 in
1508 1517 1856 1583 Germania
1913 1520 2436 1597 observarentur,
2498 1541 2699 1604 usque
2757 1519 2908 1583 dum

595 1639 707 1700 per
750 1617 1037 1701 legatum
1084 1616 1165 1679 ab
1228 1616 1366 1699 ipso
1415 1617 1703 1700 proxime
1758 1615 2173 1692 mittendum,
2236 1616 2338 1679 vel
2394 1638 2507 1700 per
2550 1616 2906 1681 Concilium

589 1715 890 1800 generale
936 1714 1128 1778 aliter
1173 1717 1495 1777 statutum
1558 1709 1834 1793 fuerit.²)
1936 1711 2082 1777 Jam
2131 1734 2280 1777 vero
2326 1713 2394 1776 in
2442 1704 2698 1777 decreto
2742 1712 2908 1776 Con-

592 1812 718 1875 cilii
770 1810 1151 1875 Basileensis
1198 1810 1274 1873 de
1331 1808 1782 1875 collationibus
1841 1809 2323 1887 beneficiorum,
2387 1811 2577 1874 initio
2634 1831 2909 1874 comme-

594 1911 881 1972 moratur
950 1911 1015 1970 et
1080 1905 1560 1971 commendatur
1639 1906 1965 1969 decretum
2037 1906 2335 1971 sessionis
2410 1908 2676 1990 quintae
2745 1906 2907 1971 Con·

589 2004 719 2068 cilii
785 2003 1334 2077 ConstantienSiS,
1396 2002 1566 2086 quod
1628 2002 2029 2066 Basileenses
2092 2003 2438 2067 universali
2504 2005 2754 2067 ratione
2814 2003 2911 2065 in·

590 2097 1051 2185 telligebant.³)
1147 2098 1333 2163 Unde
1404 2100 1597 2163 etiam
1657 2099 1736 2162 ab
1806 2098 2102 2182 Eugenio
2171 2098 2284 2164 IV.
2355 2100 2513 2164 illud
2583 2100 2906 2164 decretum

591 2198 1088 2263 Constantiense
1174 2196 1520 2260 admissum
1606 2217 1742 2261 esse
1826 2216 2017 2260 sensu
2093 2194 2594 2274 Basileensium,
2681 2196 2908 2261 inferri

590 2301 827 2378 posset.
875 2330 956 2339 -
1006 2292 1130 2358 Sed
1162 2293 1471 2376 imprimis
1510 2293 1578 2356 in
1626 2293 2032 2356 concessione
2078 2295 2202 2356 ista
2237 2292 2511 2377 Eugenii
2542 2292 2657 2359 IV.
2704 2294 2908 2357 mani·

591 2392 756 2456 feste
801 2395 1058 2456 tantum
1108 2390 1324 2473 agitur
1370 2390 1445 2454 de
1506 2387 2402 2481 dQQQihQQffl-CQS
2454 2390 2666 2473 quoad
2712 2390 2907 2453 bene-

589 2490 876 2555 ficiorum
932 2488 1370 2564 collationem,
1433 2509 1469 2549 a
1532 2484 2009 2551 Basileensibus
2069 2486 2288 2563 factis,
2353 2474 2512 2571 uuas
2573 2486 2909 2552 observare

592 2585 932 2652 Germanis
997 2584 1317 2660 concedit,
1382 2584 1583 2648 donec
1656 2583 1846 2647 aliter
1903 2588 2261 2657 statuatur3
2324 2584 2697 2648 nullatenus
2760 2605 2909 2648 vero

591 2684 810 2768 agitur
854 2682 932 2746 de
983 2681 1472 2746 confirmatione
1517 2680 1619 2743 vel
1672 2680 2083 2745 concessione
2140 2678 2348 2763 quoad
2406 2680 2762 2745 doctrinam
2817 2680 2905 2743 ibi

591 2781 870 2845 allatam.
952 2778 1089 2842 Hac
1132 2776 1576 2840 observatione
1622 2780 1763 2840 tota
1803 2775 2152 2840 difficultas
2198 2776 2484 2842 diluitur.
2566 2776 2902 2842 Caeterum

590 2882 1024 2960 opportunum
1083 2877 1182 2937 est
1238 2870 1598 2955 advertere,
1655 2870 2026 2957 Eugenium
2076 2872 2189 2938 IV.
2239 2874 2460 2940 eodem
2507 2873 2609 2937 die
2673 2871 2743 2936 5⁰
2792 2872 2905 2937 Fe-

589 2974 862 3050 bruarii,
949 2993 1077 3056 quo
1145 2993 1257 3053 per
1332 2975 1608 3054 quatuor
1686 2969 2038 3052 diplomata
2108 2968 2445 3035 Germanis
2517 2970 2906 3054 principibus

592 3072 766 3136 varia
837 3068 1173 3143 concessit,
1241 3067 1528 3151 publicas
1607 3066 1878 3130 edidisse
1943 3066 2196 3131 litteras
2265 3066 2465 3131 Decet
2530 3066 2904 3132 Romanum

589 3166 997 3246 Pontificem,
1076 3166 1307 3249 quibus
1378 3164 1580 3240 cavit,
1664 3185 1747 3227 ne
1816 3184 1894 3226 ex
1964 3165 2473 3229 concessionibus
2556 3163 2904 3228 auctoritas

589 3263 769 3329 Sedis
815 3262 1222 3347 Apostolicae
1267 3259 1637 3324 detrimenti
1686 3260 1837 3343 quid
1886 3265 2162 3343 caperet.
2257 3261 2333 3324 In
2392 3260 2612 3325 iisdem
2668 3261 2903 3324 litteris

587 3363 761 3425 inter
814 3360 942 3424 alia
1001 3359 1184 3422 dicit:
1245 3355 1419 3421 Sane
1474 3376 1617 3420 cum
1666 3354 2045 3420 carissimus
2105 3356 2177 3421 in
2229 3355 2486 3421 Christo
2529 3356 2709 3437 filius
2752 3355 2905 3421 Fri-

587 3455 841 3520 dericus
887 3454 1034 3519 Rex
1079 3453 1529 3519 Romanorum
1585 3451 1957 3517 illustris..
1991 3502 2004 3516 .
2062 3452 2488 3536 nonnullique
2532 3453 2653 3519 alii
2693 3452 2904 3518 natio-

586 3551 694 3617 nis
754 3551 1180 3617 Germanicae
1231 3548 1524 3632 praelati
1584 3552 1645 3612 et
1700 3548 2028 3631 principes
2086 3550 2400 3630 quaedam
2447 3550 2801 3633 petiverint
2860 3569 2901 3613 a

587 3648 773 3715 nobis
814 3648 978 3729 fieri,
1039 3668 1202 3729 quae
1258 3644 1603 3712 necessitas
1648 3645 1793 3728 ipsa
1853 3650 1912 3710 et
1957 3645 2282 3712 Ecclesiae
2336 3648 2620 3730 utilitas,
2678 3651 2754 3711 ut
2800 3667 2904 3710 eos

587 3746 674 3811 ad
717 3750 1026 3818 nostrum,
1060 3749 1120 3809 et
1163 3747 1425 3808 sanctae
1473 3741 1813 3807 Romanae
1854 3742 2181 3808 Ecclesiae
2226 3743 2544 3809 unitatem
2590 3749 2649 3808 et
2695 3741 2900 3808 obedi-

772 3965 812 4030 1)
850 3964 998 4018 Orat.
1039 3964 1108 4016 ad
1144 3962 1483 4016 Fridericum
1520 3962 1623 4015 ΠΙ.
1680 3960 1746 4014 V.
1783 3961 1908 4014 Diix
1943 3977 1996 4027 p.
2033 3963 2155 4015 278.

767 4043 810 4110 ²)
848 4045 915 4096 V.
953 4042 1223 4110 Raynald.
1262 4042 1331 4094 ad
1367 4057 1416 4094 a.
1458 4043 1608 4094 1447.
1652 4056 1704 4093 n.
1743 4042 1792 4093 6.

762 4121 804 4188 ³)
842 4124 907 4177 V.
947 4138 1082 4175 scss
1133 4121 1333 4173 XXXI.
1389 4119 1616 4174 Concilii
1669 4119 1839 4172 Basil.
1885 4119 2104 4173 Decret.
2157 4120 2224 4173 de
2271 4119 2468 4174 Collat.
2507 4119 2710 4183 Labbe‚
2764 4119 2901 4173 Coll.
2978 4148 2989 4157 ·

588 4202 752 4256 Cone.
792 4207 919 4254 tom.
958 4200 1116 4254 XIlI.
1156 4200 1254 4253 col.
1293 4201 1412 4252 602.
