<?xml version="1.0" encoding="UTF-8"?>
<!DOCTYPE html PUBLIC "-//W3C//DTD XHTML 1.0 Transitional//EN"
    "http://www.w3.org/TR/xhtml1/DTD/xhtml1-transitional.dtd">
<html xmlns="http://www.w3.org/1999/xhtml" xml:lang="en" lang="en">
 <head>
  <title>
</title>
<meta http-equiv="Content-Type" content="text/html;charset=utf-8" />
  <meta name='ocr-system' content='tesseract 3.04.00' />
  <meta name='ocr-capabilities' content='ocr_page ocr_carea ocr_par ocr_line ocrx_word'/>
</head>
<body>
  <div class='ocr_page' id='page_1' title='image "./dissertationess05junggoog_0016.png"; bbox 0 0 3281 5014; ppageno 0'>
   <div class='ocr_carea' id='block_1_1' title="bbox 250 852 560 1077">
    <p class='ocr_par' dir='ltr' id='par_1_1' title="bbox 250 852 560 1077">
     <span class='ocr_line' id='line_1_1' title="bbox 302 852 506 894; baseline 0 -2"><span class='ocrx_word' id='word_1_1' title='bbox 302 852 506 894; x_wconf 83' lang='lat' dir='ltr'>Bonifatii</span> 
     </span>
     <span class='ocr_line' id='line_1_2' title="bbox 250 913 560 966; baseline 0 -13"><span class='ocrx_word' id='word_1_2' title='bbox 250 916 347 954; x_wconf 82' lang='lat' dir='ltr'><strong>ante</strong></span> <span class='ocrx_word' id='word_1_3' title='bbox 388 913 560 966; x_wconf 78' lang='lat' dir='ltr'><strong>pontifi-</strong></span> 
     </span>
     <span class='ocr_line' id='line_1_3' title="bbox 291 975 518 1017; baseline -0.013 0"><span class='ocrx_word' id='word_1_4' title='bbox 291 978 431 1017; x_wconf 87' lang='lat' dir='ltr'><strong>catum</strong></span> <span class='ocrx_word' id='word_1_5' title='bbox 458 975 499 1015; x_wconf 82' lang='lat' dir='ltr'><strong>in</strong></span> <span class='ocrx_word' id='word_1_6' title='bbox 508 996 518 1002; x_wconf 91' lang='lat'><em>-</em></span> 
     </span>
     <span class='ocr_line' id='line_1_4' title="bbox 328 1037 486 1077; baseline 0 0"><span class='ocrx_word' id='word_1_7' title='bbox 328 1037 486 1077; x_wconf 78' lang='lat' dir='ltr'><strong>fluxus.</strong></span> 
     </span>
    </p>
   </div>
   <div class='ocr_carea' id='block_1_2' title="bbox 579 425 2304 481">
    <p class='ocr_par' dir='ltr' id='par_1_2' title="bbox 579 425 2304 481">
     <span class='ocr_line' id='line_1_5' title="bbox 579 425 2304 481; baseline 0 -2"><span class='ocrx_word' id='word_1_8' title='bbox 579 428 647 480; x_wconf 90' lang='grc'><strong>10</strong></span> <span class='ocrx_word' id='word_1_9' title='bbox 1155 427 1325 481; x_wconf 91' lang='lat' dir='ltr'>XXX.</span> <span class='ocrx_word' id='word_1_10' title='bbox 1364 427 1447 481; x_wconf 92' lang='lat' dir='ltr'><strong>De</strong></span> <span class='ocrx_word' id='word_1_11' title='bbox 1483 425 1821 481; x_wconf 88' lang='lat' dir='ltr'><strong>Pontificatu</strong></span> <span class='ocrx_word' id='word_1_12' title='bbox 1858 426 2124 481; x_wconf 79' lang='lat' dir='ltr'><strong>Bonifatii</strong></span> <span class='ocrx_word' id='word_1_13' title='bbox 2149 426 2304 480; x_wconf 85' lang='lat' dir='ltr'><strong>V111.</strong></span> 
     </span>
    </p>
   </div>
   <div class='ocr_carea' id='block_1_3' title="bbox 577 567 2907 3754">
    <p class='ocr_par' dir='ltr' id='par_1_3' title="bbox 577 567 2907 3754">
     <span class='ocr_line' id='line_1_6' title="bbox 761 567 2889 652; baseline -0.001 -19"><span class='ocrx_word' id='word_1_14' title='bbox 761 571 857 633; x_wconf 90' lang='grc'><strong>11.</strong></span> <span class='ocrx_word' id='word_1_15' title='bbox 919 567 1010 633; x_wconf 81' lang='lat' dir='ltr'><strong>Ut</strong></span> <span class='ocrx_word' id='word_1_16' title='bbox 1057 590 1207 632; x_wconf 85' lang='lat' dir='ltr'><strong>vero</strong></span> <span class='ocrx_word' id='word_1_17' title='bbox 1264 569 1498 633; x_wconf 90' lang='lat' dir='ltr'><strong>clarius</strong></span> <span class='ocrx_word' id='word_1_18' title='bbox 1553 568 1673 633; x_wconf 90' lang='lat' dir='ltr'><strong>hoc</strong></span> <span class='ocrx_word' id='word_1_19' title='bbox 1730 567 2181 652; x_wconf 73' lang='lat' dir='ltr'><strong>perspiciatur,</strong></span> <span class='ocrx_word' id='word_1_20' title='bbox 2234 568 2491 652; x_wconf 86' lang='lat' dir='ltr'><strong>juvabit</strong></span> <span class='ocrx_word' id='word_1_21' title='bbox 2545 568 2737 650; x_wconf 90' lang='lat' dir='ltr'><strong>paulo</strong></span> <span class='ocrx_word' id='word_1_22' title='bbox 2792 589 2889 631; x_wconf 86' lang='lat' dir='ltr'><strong>ac·</strong></span> 
     </span>
     <span class='ocr_line' id='line_1_7' title="bbox 577 663 2888 748; baseline -0.001 -19"><span class='ocrx_word' id='word_1_23' title='bbox 577 666 864 729; x_wconf 89' lang='lat' dir='ltr'><strong>curatius</strong></span> <span class='ocrx_word' id='word_1_24' title='bbox 935 686 1014 728; x_wconf 84' lang='lat' dir='ltr'><strong>ex</strong></span> <span class='ocrx_word' id='word_1_25' title='bbox 1095 665 1411 730; x_wconf 74' lang='lat' dir='ltr'><strong>relatione</strong></span> <span class='ocrx_word' id='word_1_26' title='bbox 1487 666 1870 747; x_wconf 86' lang='lat' dir='ltr'><strong>scriptorum</strong></span> <span class='ocrx_word' id='word_1_27' title='bbox 1951 664 2207 728; x_wconf 88' lang='lat' dir='ltr'><strong>illorum</strong></span> <span class='ocrx_word' id='word_1_28' title='bbox 2277 669 2629 748; x_wconf 81' lang='lat' dir='ltr'><strong>temporum</strong></span> <span class='ocrx_word' id='word_1_29' title='bbox 2713 663 2888 729; x_wconf 91' lang='lat' dir='ltr'><strong>colli·</strong></span> 
     </span>
     <span class='ocr_line' id='line_1_8' title="bbox 579 760 2894 853; baseline -0 -28"><span class='ocrx_word' id='word_1_30' title='bbox 579 783 757 846; x_wconf 84' lang='lat' dir='ltr'><strong>gere,</strong></span> <span class='ocrx_word' id='word_1_31' title='bbox 833 783 1020 845; x_wconf 90' lang='lat' dir='ltr'><strong>quem</strong></span> <span class='ocrx_word' id='word_1_32' title='bbox 1093 760 1424 853; x_wconf 49' lang='lat' dir='ltr'><strong>{Qum</strong></span> <span class='ocrx_word' id='word_1_33' title='bbox 1499 760 1865 824; x_wconf 79' lang='lat' dir='ltr'><strong>Bonifatius</strong></span> <span class='ocrx_word' id='word_1_34' title='bbox 1932 761 1998 824; x_wconf 92' lang='lat' dir='ltr'><strong>in</strong></span> <span class='ocrx_word' id='word_1_35' title='bbox 2071 762 2197 826; x_wconf 87' lang='lat' dir='ltr'><strong>ista</strong></span> <span class='ocrx_word' id='word_1_36' title='bbox 2267 762 2530 846; x_wconf 88' lang='lat' dir='ltr'><strong>negotia</strong></span> <span class='ocrx_word' id='word_1_37' title='bbox 2597 783 2894 825; x_wconf 85' lang='lat' dir='ltr'><strong>exercere</strong></span> 
     </span>
     <span class='ocr_line' id='line_1_9' title="bbox 580 857 2893 943; baseline -0.002 -20"><span class='ocrx_word' id='word_1_38' title='bbox 580 858 886 942; x_wconf 86' lang='lat' dir='ltr'><strong>potuerit.</strong></span> <span class='ocrx_word' id='word_1_39' title='bbox 947 894 1030 904; x_wconf 91' lang='lat'>—</span> <span class='ocrx_word' id='word_1_40' title='bbox 1093 858 1407 941; x_wconf 85' lang='lat' dir='ltr'><strong>Tempore</strong></span> <span class='ocrx_word' id='word_1_41' title='bbox 1469 857 1637 941; x_wconf 92' lang='lat' dir='ltr'><strong>quod</strong></span> <span class='ocrx_word' id='word_1_42' title='bbox 1697 857 2044 943; x_wconf 77' lang='lat' dir='ltr'><strong>praecessit</strong></span> <span class='ocrx_word' id='word_1_43' title='bbox 2098 859 2473 922; x_wconf 77' lang='lat' dir='ltr'><strong>electionem</strong></span> <span class='ocrx_word' id='word_1_44' title='bbox 2520 858 2893 934; x_wconf 73' lang='lat' dir='ltr'><strong>coelestini,</strong></span> 
     </span>
     <span class='ocr_line' id='line_1_10' title="bbox 582 953 2891 1039; baseline -0 -20"><span class='ocrx_word' id='word_1_45' title='bbox 582 955 947 1019; x_wconf 78' lang='lat' dir='ltr'><strong>Bonifatius</strong></span> <span class='ocrx_word' id='word_1_46' title='bbox 1023 964 1292 1039; x_wconf 87' lang='lat' dir='ltr'><strong>apparet</strong></span> <span class='ocrx_word' id='word_1_47' title='bbox 1348 955 1562 1037; x_wconf 85' lang='lat' dir='ltr'><strong>potius</strong></span> <span class='ocrx_word' id='word_1_48' title='bbox 1637 976 1676 1018; x_wconf 82' lang='lat' dir='ltr'><strong>a</strong></span> <span class='ocrx_word' id='word_1_49' title='bbox 1746 954 2009 1037; x_wconf 89' lang='lat' dir='ltr'><strong>reliquis</strong></span> <span class='ocrx_word' id='word_1_50' title='bbox 2074 953 2520 1018; x_wconf 83' lang='lat' dir='ltr'><strong>Cardinalibus</strong></span> <span class='ocrx_word' id='word_1_51' title='bbox 2598 974 2891 1038; x_wconf 88' lang='lat' dir='ltr'><strong>segrega-</strong></span> 
     </span>
     <span class='ocr_line' id='line_1_11' title="bbox 580 1050 2892 1135; baseline -0.002 -19"><span class='ocrx_word' id='word_1_52' title='bbox 580 1056 720 1130; x_wconf 76' lang='lat' dir='ltr'><strong>tu8‚</strong></span> <span class='ocrx_word' id='word_1_53' title='bbox 788 1052 883 1116; x_wconf 78' lang='lat' dir='ltr'><strong>ita</strong></span> <span class='ocrx_word' id='word_1_54' title='bbox 948 1059 1023 1116; x_wconf 87' lang='lat' dir='ltr'><strong>ut</strong></span> <span class='ocrx_word' id='word_1_55' title='bbox 1091 1053 1158 1116; x_wconf 90' lang='lat' dir='ltr'><strong>in</strong></span> <span class='ocrx_word' id='word_1_56' title='bbox 1229 1051 1556 1116; x_wconf 85' lang='lat' dir='ltr'><strong>electionis</strong></span> <span class='ocrx_word' id='word_1_57' title='bbox 1614 1050 1945 1134; x_wconf 85' lang='lat' dir='ltr'><strong>negotium</strong></span> <span class='ocrx_word' id='word_1_58' title='bbox 2011 1072 2317 1135; x_wconf 85' lang='lat' dir='ltr'><strong>magnum</strong></span> <span class='ocrx_word' id='word_1_59' title='bbox 2381 1050 2696 1115; x_wconf 84' lang='lat' dir='ltr'><strong>influxum</strong></span> <span class='ocrx_word' id='word_1_60' title='bbox 2758 1073 2892 1114; x_wconf 89' lang='lat' dir='ltr'><strong>non</strong></span> 
     </span>
     <span class='ocr_line' id='line_1_12' title="bbox 583 1138 2893 1230; baseline -0.001 -19"><span class='ocrx_word' id='word_1_61' title='bbox 583 1154 927 1214; x_wconf 84' lang='lat' dir='ltr'><strong>exerceret.</strong></span> <span class='ocrx_word' id='word_1_62' title='bbox 1039 1148 1590 1214; x_wconf 84' lang='lat' dir='ltr'><strong>Commemoratur</strong></span> <span class='ocrx_word' id='word_1_63' title='bbox 1662 1147 1958 1210; x_wconf 84' lang='lat' dir='ltr'><strong>videlicet</strong></span> <span class='ocrx_word' id='word_1_64' title='bbox 2023 1148 2296 1230; x_wconf 89' lang='lat' dir='ltr'><strong>pluries,</strong></span> <span class='ocrx_word' id='word_1_65' title='bbox 2361 1148 2567 1230; x_wconf 87' lang='lat' dir='ltr'><strong>ipsum</strong></span> <span class='ocrx_word' id='word_1_66' title='bbox 2614 1138 2893 1211; x_wconf 79' lang='lat' dir='ltr'><strong>viterbii</strong></span> 
     </span>
     <span class='ocr_line' id='line_1_13' title="bbox 585 1241 2894 1329; baseline -0.002 -21"><span class='ocrx_word' id='word_1_67' title='bbox 585 1245 687 1309; x_wconf 85' lang='lat' dir='ltr'><strong>vel</strong></span> <span class='ocrx_word' id='word_1_68' title='bbox 733 1245 1025 1329; x_wconf 88' lang='lat' dir='ltr'><strong>Anagnii</strong></span> <span class='ocrx_word' id='word_1_69' title='bbox 1085 1248 1292 1310; x_wconf 90' lang='lat' dir='ltr'><strong>solum</strong></span> <span class='ocrx_word' id='word_1_70' title='bbox 1354 1245 1576 1310; x_wconf 88' lang='lat' dir='ltr'><strong>fuisse.</strong></span> <span class='ocrx_word' id='word_1_71' title='bbox 1677 1241 1923 1307; x_wconf 88' lang='lat' dir='ltr'><strong>Perusii</strong></span> <span class='ocrx_word' id='word_1_72' title='bbox 1984 1245 2225 1307; x_wconf 86' lang='lat' dir='ltr'><strong>restitit</strong></span> <span class='ocrx_word' id='word_1_73' title='bbox 2269 1243 2497 1308; x_wconf 87' lang='lat' dir='ltr'><strong>Carolo</strong></span> <span class='ocrx_word' id='word_1_74' title='bbox 2553 1245 2723 1327; x_wconf 88' lang='lat' dir='ltr'><strong>regi,</strong></span> <span class='ocrx_word' id='word_1_75' title='bbox 2781 1243 2894 1325; x_wconf 82' lang='lat' dir='ltr'><strong>qui</strong></span> 
     </span>
     <span class='ocr_line' id='line_1_14' title="bbox 584 1339 2893 1423; baseline -0.003 -18"><span class='ocrx_word' id='word_1_76' title='bbox 584 1342 872 1406; x_wconf 85' lang='lat' dir='ltr'><strong>libertati</strong></span> <span class='ocrx_word' id='word_1_77' title='bbox 922 1342 1359 1406; x_wconf 88' lang='lat' dir='ltr'><strong>Cardinalium</strong></span> <span class='ocrx_word' id='word_1_78' title='bbox 1417 1340 1647 1404; x_wconf 86' lang='lat' dir='ltr'><strong>minari</strong></span> <span class='ocrx_word' id='word_1_79' title='bbox 1708 1339 2127 1423; x_wconf 82' lang='lat' dir='ltr'><strong>videbatur‚¹)</strong></span> <span class='ocrx_word' id='word_1_80' title='bbox 2186 1340 2356 1404; x_wconf 89' lang='lat' dir='ltr'><strong>unde</strong></span> <span class='ocrx_word' id='word_1_81' title='bbox 2411 1342 2549 1423; x_wconf 86' lang='lat' dir='ltr'><strong>ejus</strong></span> <span class='ocrx_word' id='word_1_82' title='bbox 2595 1340 2893 1423; x_wconf 79' lang='lat' dir='ltr'><strong>indigna-</strong></span> 
     </span>
     <span class='ocr_line' id='line_1_15' title="bbox 584 1435 2895 1519; baseline -0.003 -16"><span class='ocrx_word' id='word_1_83' title='bbox 584 1441 829 1503; x_wconf 88' lang='lat' dir='ltr'><strong>tionem</strong></span> <span class='ocrx_word' id='word_1_84' title='bbox 891 1439 1182 1503; x_wconf 83' lang='lat' dir='ltr'><strong>incurrit.</strong></span> <span class='ocrx_word' id='word_1_85' title='bbox 1286 1437 1606 1504; x_wconf 86' lang='lat' dir='ltr'><strong>Electioni</strong></span> <span class='ocrx_word' id='word_1_86' title='bbox 1664 1440 1841 1506; x_wconf 86' lang='lat' dir='ltr'><strong>Petri</strong></span> <span class='ocrx_word' id='word_1_87' title='bbox 1900 1439 1977 1502; x_wconf 90' lang='lat' dir='ltr'><strong>de</strong></span> <span class='ocrx_word' id='word_1_88' title='bbox 2030 1437 2367 1513; x_wconf 89' lang='lat' dir='ltr'><strong>Murrone‚</strong></span> <span class='ocrx_word' id='word_1_89' title='bbox 2430 1437 2507 1500; x_wconf 90' lang='lat' dir='ltr'><strong>de</strong></span> <span class='ocrx_word' id='word_1_90' title='bbox 2562 1436 2745 1519; x_wconf 85' lang='lat' dir='ltr'><strong>cujus</strong></span> <span class='ocrx_word' id='word_1_91' title='bbox 2802 1435 2895 1495; x_wconf 86' lang='lat' dir='ltr'><strong>vi-</strong></span> 
     </span>
     <span class='ocr_line' id='line_1_16' title="bbox 585 1533 2895 1622; baseline -0.003 -22"><span class='ocrx_word' id='word_1_92' title='bbox 585 1535 866 1601; x_wconf 87' lang='lat' dir='ltr'><strong>sionibus</strong></span> <span class='ocrx_word' id='word_1_93' title='bbox 933 1534 1276 1600; x_wconf 73' lang='lat' dir='ltr'><strong>subridens</strong></span> <span class='ocrx_word' id='word_1_94' title='bbox 1343 1539 1739 1622; x_wconf 81' lang='lat' dir='ltr'><strong>quaesierat,</strong></span> <span class='ocrx_word' id='word_1_95' title='bbox 1816 1557 1960 1601; x_wconf 90' lang='lat' dir='ltr'><strong>eum</strong></span> <span class='ocrx_word' id='word_1_96' title='bbox 2033 1534 2373 1598; x_wconf 88' lang='lat' dir='ltr'><strong>admodum</strong></span> <span class='ocrx_word' id='word_1_97' title='bbox 2445 1533 2684 1596; x_wconf 85' lang='lat' dir='ltr'><strong>favisse</strong></span> <span class='ocrx_word' id='word_1_98' title='bbox 2759 1552 2895 1594; x_wconf 82' lang='lat' dir='ltr'><strong>non</strong></span> 
     </span>
     <span class='ocr_line' id='line_1_17' title="bbox 585 1628 2896 1718; baseline -0.004 -20"><span class='ocrx_word' id='word_1_99' title='bbox 585 1655 954 1706; x_wconf 88' lang='lat' dir='ltr'><strong>censemus;</strong></span> <span class='ocrx_word' id='word_1_100' title='bbox 1012 1635 1270 1701; x_wconf 87' lang='lat' dir='ltr'><strong>etenim</strong></span> <span class='ocrx_word' id='word_1_101' title='bbox 1337 1636 1671 1718; x_wconf 85' lang='lat' dir='ltr'><strong>perspicax</strong></span> <span class='ocrx_word' id='word_1_102' title='bbox 1753 1632 2001 1718; x_wconf 87' lang='lat' dir='ltr'><strong>ingenii</strong></span> <span class='ocrx_word' id='word_1_103' title='bbox 2062 1631 2159 1694; x_wconf 84' lang='lat' dir='ltr'><strong>vir</strong></span> <span class='ocrx_word' id='word_1_104' title='bbox 2238 1628 2408 1695; x_wconf 88' lang='lat' dir='ltr'><strong>haud</strong></span> <span class='ocrx_word' id='word_1_105' title='bbox 2483 1628 2696 1711; x_wconf 89' lang='lat' dir='ltr'><strong>potuit</strong></span> <span class='ocrx_word' id='word_1_106' title='bbox 2761 1648 2896 1690; x_wconf 83' lang='lat' dir='ltr'><strong>non</strong></span> 
     </span>
     <span class='ocr_line' id='line_1_18' title="bbox 584 1723 2897 1814; baseline -0.003 -22"><span class='ocrx_word' id='word_1_107' title='bbox 584 1730 847 1807; x_wconf 81' lang='lat' dir='ltr'><strong>timere,</strong></span> <span class='ocrx_word' id='word_1_108' title='bbox 919 1751 1001 1793; x_wconf 88' lang='lat' dir='ltr'><strong>ne</strong></span> <span class='ocrx_word' id='word_1_109' title='bbox 1066 1751 1302 1814; x_wconf 90' lang='lat' dir='ltr'><strong>magna</strong></span> <span class='ocrx_word' id='word_1_110' title='bbox 1367 1753 1580 1795; x_wconf 89' lang='lat' dir='ltr'><strong>rerum</strong></span> <span class='ocrx_word' id='word_1_111' title='bbox 1644 1730 1932 1795; x_wconf 87' lang='lat' dir='ltr'><strong>turbatio</strong></span> <span class='ocrx_word' id='word_1_112' title='bbox 1992 1729 2141 1792; x_wconf 91' lang='lat' dir='ltr'><strong>inde</strong></span> <span class='ocrx_word' id='word_1_113' title='bbox 2199 1726 2590 1811; x_wconf 87' lang='lat' dir='ltr'><strong>proveniret.</strong></span> <span class='ocrx_word' id='word_1_114' title='bbox 2706 1723 2897 1788; x_wconf 83' lang='lat' dir='ltr'><strong>Haud</strong></span> 
     </span>
     <span class='ocr_line' id='line_1_19' title="bbox 586 1821 2896 1912; baseline -0.003 -23"><span class='ocrx_word' id='word_1_115' title='bbox 586 1826 878 1902; x_wconf 84' lang='lat' dir='ltr'><strong>dubium,</strong></span> <span class='ocrx_word' id='word_1_116' title='bbox 947 1849 1089 1891; x_wconf 88' lang='lat' dir='ltr'><strong>eum</strong></span> <span class='ocrx_word' id='word_1_117' title='bbox 1155 1849 1343 1911; x_wconf 86' lang='lat' dir='ltr'><strong>aegre</strong></span> <span class='ocrx_word' id='word_1_118' title='bbox 1403 1830 1656 1911; x_wconf 86' lang='lat' dir='ltr'><strong>tulisse,</strong></span> <span class='ocrx_word' id='word_1_119' title='bbox 1715 1827 1884 1912; x_wconf 90' lang='lat' dir='ltr'><strong>quod</strong></span> <span class='ocrx_word' id='word_1_120' title='bbox 1944 1824 2342 1889; x_wconf 86' lang='lat' dir='ltr'><strong>Coelestinus</strong></span> <span class='ocrx_word' id='word_1_121' title='bbox 2397 1821 2735 1885; x_wconf 88' lang='lat' dir='ltr'><strong>Perusium</strong></span> <span class='ocrx_word' id='word_1_122' title='bbox 2797 1841 2896 1881; x_wconf 90' lang='lat' dir='ltr'><strong>ve-</strong></span> 
     </span>
     <span class='ocr_line' id='line_1_20' title="bbox 587 1915 2897 2009; baseline -0.003 -24"><span class='ocrx_word' id='word_1_123' title='bbox 587 1923 728 1986; x_wconf 90' lang='lat' dir='ltr'><strong>nire</strong></span> <span class='ocrx_word' id='word_1_124' title='bbox 788 1924 1024 2001; x_wconf 88' lang='lat' dir='ltr'><strong>nollet,</strong></span> <span class='ocrx_word' id='word_1_125' title='bbox 1094 1922 1595 2009; x_wconf 72' lang='lat' dir='ltr'><strong>cardinalesque</strong></span> <span class='ocrx_word' id='word_1_126' title='bbox 1655 1925 1958 2008; x_wconf 89' lang='lat' dir='ltr'><strong>Aquilam</strong></span> <span class='ocrx_word' id='word_1_127' title='bbox 2018 1927 2304 2002; x_wconf 82' lang='lat' dir='ltr'><strong>vocaret3</strong></span> <span class='ocrx_word' id='word_1_128' title='bbox 2377 1919 2640 1982; x_wconf 89' lang='lat' dir='ltr'><strong>ultimus</strong></span> <span class='ocrx_word' id='word_1_129' title='bbox 2696 1915 2897 1980; x_wconf 86' lang='lat' dir='ltr'><strong>omni·</strong></span> 
     </span>
     <span class='ocr_line' id='line_1_21' title="bbox 588 2010 2901 2103; baseline -0.003 -21"><span class='ocrx_word' id='word_1_130' title='bbox 588 2041 697 2082; x_wconf 90' lang='lat' dir='ltr'><strong>um</strong></span> <span class='ocrx_word' id='word_1_131' title='bbox 759 2021 1065 2097; x_wconf 86' lang='lat' dir='ltr'><strong>accessit,</strong></span> <span class='ocrx_word' id='word_1_132' title='bbox 1141 2022 1376 2103; x_wconf 86' lang='lat' dir='ltr'><strong>partim</strong></span> <span class='ocrx_word' id='word_1_133' title='bbox 1455 2018 1612 2101; x_wconf 79' lang='lat' dir='ltr'><strong>quia</strong></span> <span class='ocrx_word' id='word_1_134' title='bbox 1686 2039 1898 2101; x_wconf 71' lang='lat' dir='ltr'><strong>reqem</strong></span> <span class='ocrx_word' id='word_1_135' title='bbox 1972 2015 2326 2100; x_wconf 73' lang='lat' dir='ltr'><strong>offenderat</strong></span> <span class='ocrx_word' id='word_1_136' title='bbox 2398 2014 2471 2078; x_wconf 74' lang='lat' dir='ltr'><strong>in</strong></span> <span class='ocrx_word' id='word_1_137' title='bbox 2545 2010 2901 2088; x_wconf 44' lang='lat' dir='ltr'><strong>Perusia&amp;</strong></span> 
     </span>
     <span class='ocr_line' id='line_1_22' title="bbox 588 2111 2897 2199; baseline -0.004 -19"><span class='ocrx_word' id='word_1_138' title='bbox 588 2116 818 2199; x_wconf 88' lang='lat' dir='ltr'><strong>partim</strong></span> <span class='ocrx_word' id='word_1_139' title='bbox 887 2117 1054 2181; x_wconf 86' lang='lat' dir='ltr'><strong>forte</strong></span> <span class='ocrx_word' id='word_1_140' title='bbox 1124 2139 1202 2180; x_wconf 82' lang='lat' dir='ltr'><strong>ex</strong></span> <span class='ocrx_word' id='word_1_141' title='bbox 1272 2118 1468 2181; x_wconf 88' lang='lat' dir='ltr'><strong>animi</strong></span> <span class='ocrx_word' id='word_1_142' title='bbox 1529 2139 1843 2191; x_wconf 79' lang='lat' dir='ltr'><strong>moerore,</strong></span> <span class='ocrx_word' id='word_1_143' title='bbox 1911 2137 2105 2199; x_wconf 83' lang='lat' dir='ltr'><strong>quum</strong></span> <span class='ocrx_word' id='word_1_144' title='bbox 2172 2135 2271 2177; x_wconf 91' lang='lat' dir='ltr'><strong>res</strong></span> <span class='ocrx_word' id='word_1_145' title='bbox 2332 2113 2466 2196; x_wconf 86' lang='lat' dir='ltr'><strong>jam</strong></span> <span class='ocrx_word' id='word_1_146' title='bbox 2530 2111 2693 2174; x_wconf 88' lang='lat' dir='ltr'><strong>male</strong></span> <span class='ocrx_word' id='word_1_147' title='bbox 2755 2131 2897 2191; x_wconf 83' lang='lat' dir='ltr'><strong>pro-</strong></span> 
     </span>
     <span class='ocr_line' id='line_1_23' title="bbox 589 2211 2899 2297; baseline -0.004 -20"><span class='ocrx_word' id='word_1_148' title='bbox 589 2213 808 2277; x_wconf 84' lang='lat' dir='ltr'><strong>cedere</strong></span> <span class='ocrx_word' id='word_1_149' title='bbox 855 2215 1272 2297; x_wconf 86' lang='lat' dir='ltr'><strong>conspiceret.</strong></span> <span class='ocrx_word' id='word_1_150' title='bbox 1328 2251 1414 2258; x_wconf 81' lang='lat'><strong>-—</strong></span> <span class='ocrx_word' id='word_1_151' title='bbox 1472 2213 1547 2277; x_wconf 93' lang='lat' dir='ltr'><strong>In</strong></span> <span class='ocrx_word' id='word_1_152' title='bbox 1597 2217 1772 2279; x_wconf 89' lang='lat' dir='ltr'><strong>curia</strong></span> <span class='ocrx_word' id='word_1_153' title='bbox 1819 2220 2034 2277; x_wconf 88' lang='lat' dir='ltr'><strong>autem</strong></span> <span class='ocrx_word' id='word_1_154' title='bbox 2080 2211 2426 2277; x_wconf 84' lang='lat' dir='ltr'><strong>Coelestini</strong></span> <span class='ocrx_word' id='word_1_155' title='bbox 2475 2227 2899 2291; x_wconf 88' lang='lat' dir='ltr'><strong>permagnum</strong></span> 
     </span>
     <span class='ocr_line' id='line_1_24' title="bbox 588 2303 2901 2393; baseline -0.004 -20"><span class='ocrx_word' id='word_1_156' title='bbox 588 2332 730 2373; x_wconf 88' lang='lat' dir='ltr'><strong>eum</strong></span> <span class='ocrx_word' id='word_1_157' title='bbox 791 2312 1196 2393; x_wconf 85' lang='lat' dir='ltr'><strong>acquisivisse</strong></span> <span class='ocrx_word' id='word_1_158' title='bbox 1242 2310 1559 2374; x_wconf 88' lang='lat' dir='ltr'><strong>influxum</strong></span> <span class='ocrx_word' id='word_1_159' title='bbox 1613 2311 1856 2376; x_wconf 86' lang='lat' dir='ltr'><strong>indicat</strong></span> <span class='ocrx_word' id='word_1_160' title='bbox 1906 2308 2311 2373; x_wconf 88' lang='lat' dir='ltr'><strong>Ptolomaeus</strong></span> <span class='ocrx_word' id='word_1_161' title='bbox 2374 2306 2685 2371; x_wconf 87' lang='lat' dir='ltr'><strong>Lucensis</strong></span> <span class='ocrx_word' id='word_1_162' title='bbox 2751 2303 2901 2368; x_wconf 84' lang='lat' dir='ltr'><strong>scri-</strong></span> 
     </span>
     <span class='ocr_line' id='line_1_25' title="bbox 590 2400 2895 2485; baseline -0.003 -16"><span class='ocrx_word' id='word_1_163' title='bbox 590 2407 778 2470; x_wconf 84' lang='lat' dir='ltr'><strong>bens:</strong></span> <span class='ocrx_word' id='word_1_164' title='bbox 839 2405 1023 2470; x_wconf 74' lang='lat' dir='ltr'><strong>Venit</strong></span> <span class='ocrx_word' id='word_1_165' title='bbox 1092 2410 1309 2471; x_wconf 78' lang='lat' dir='ltr'><strong>tamen</strong></span> <span class='ocrx_word' id='word_1_166' title='bbox 1378 2404 1634 2485; x_wconf 79' lang='lat' dir='ltr'><strong>ultime,</strong></span> <span class='ocrx_word' id='word_1_167' title='bbox 1706 2410 1766 2470; x_wconf 80' lang='lat' dir='ltr'><strong>et</strong></span> <span class='ocrx_word' id='word_1_168' title='bbox 1832 2403 1924 2469; x_wconf 76' lang='lat' dir='ltr'><strong>sic</strong></span> <span class='ocrx_word' id='word_1_169' title='bbox 1991 2402 2179 2468; x_wconf 80' lang='lat' dir='ltr'><strong>scivit</strong></span> <span class='ocrx_word' id='word_1_170' title='bbox 2244 2423 2367 2467; x_wconf 80' lang='lat' dir='ltr'><strong>sua</strong></span> <span class='ocrx_word' id='word_1_171' title='bbox 2429 2400 2733 2465; x_wconf 78' lang='lat' dir='ltr'><strong>deducere</strong></span> <span class='ocrx_word' id='word_1_172' title='bbox 2786 2418 2895 2462; x_wconf 76' lang='lat' dir='ltr'><strong>ne-</strong></span> 
     </span>
     <span class='ocr_line' id='line_1_26' title="bbox 585 2497 2897 2587; baseline -0.003 -20"><span class='ocrx_word' id='word_1_173' title='bbox 585 2503 801 2586; x_wconf 62' lang='grc'><strong>901310,</strong></span> <span class='ocrx_word' id='word_1_174' title='bbox 869 2502 1040 2586; x_wconf 77' lang='lat' dir='ltr'><strong>quod</strong></span> <span class='ocrx_word' id='word_1_175' title='bbox 1103 2503 1324 2587; x_wconf 81' lang='lat' dir='ltr'><strong>factus</strong></span> <span class='ocrx_word' id='word_1_176' title='bbox 1392 2507 1485 2567; x_wconf 82' lang='lat' dir='ltr'><strong>est</strong></span> <span class='ocrx_word' id='word_1_177' title='bbox 1539 2502 1733 2586; x_wconf 77' lang='lat' dir='ltr'><strong>quasi</strong></span> <span class='ocrx_word' id='word_1_178' title='bbox 1785 2501 2086 2567; x_wconf 74' lang='lat' dir='ltr'><strong>dominus</strong></span> <span class='ocrx_word' id='word_1_179' title='bbox 2142 2497 2441 2578; x_wconf 57' lang='lat' dir='ltr'><strong>curiaefl)</strong></span> <span class='ocrx_word' id='word_1_180' title='bbox 2533 2497 2629 2562; x_wconf 84' lang='lat' dir='ltr'><strong>Ex</strong></span> <span class='ocrx_word' id='word_1_181' title='bbox 2692 2498 2897 2562; x_wconf 87' lang='lat' dir='ltr'><strong>altera</strong></span> 
     </span>
     <span class='ocr_line' id='line_1_27' title="bbox 591 2593 2897 2686; baseline -0.004 -21"><span class='ocrx_word' id='word_1_182' title='bbox 591 2607 773 2685; x_wconf 89' lang='lat' dir='ltr'><strong>parte</strong></span> <span class='ocrx_word' id='word_1_183' title='bbox 834 2607 1054 2666; x_wconf 87' lang='lat' dir='ltr'><strong>tamen</strong></span> <span class='ocrx_word' id='word_1_184' title='bbox 1114 2602 1288 2666; x_wconf 88' lang='lat' dir='ltr'><strong>facta</strong></span> <span class='ocrx_word' id='word_1_185' title='bbox 1348 2624 1512 2686; x_wconf 85' lang='lat' dir='ltr'><strong>quae</strong></span> <span class='ocrx_word' id='word_1_186' title='bbox 1575 2602 1911 2665; x_wconf 90' lang='lat' dir='ltr'><strong>retulimus</strong></span> <span class='ocrx_word' id='word_1_187' title='bbox 1972 2600 2345 2676; x_wconf 86' lang='lat' dir='ltr'><strong>ostendunt,</strong></span> <span class='ocrx_word' id='word_1_188' title='bbox 2412 2598 2597 2681; x_wconf 82' lang='lat' dir='ltr'><strong>plura</strong></span> <span class='ocrx_word' id='word_1_189' title='bbox 2653 2618 2690 2657; x_wconf 90' lang='lat' dir='ltr'><strong>a</strong></span> <span class='ocrx_word' id='word_1_190' title='bbox 2744 2593 2897 2658; x_wconf 89' lang='grc'><strong>000·</strong></span> 
     </span>
     <span class='ocr_line' id='line_1_28' title="bbox 590 2695 2902 2782; baseline -0.004 -22"><span class='ocrx_word' id='word_1_191' title='bbox 590 2700 824 2762; x_wconf 88' lang='lat' dir='ltr'><strong>lestino</strong></span> <span class='ocrx_word' id='word_1_192' title='bbox 886 2696 1053 2763; x_wconf 87' lang='lat' dir='ltr'><strong>haud</strong></span> <span class='ocrx_word' id='word_1_193' title='bbox 1120 2699 1471 2782; x_wconf 86' lang='lat' dir='ltr'><strong>prudenter</strong></span> <span class='ocrx_word' id='word_1_194' title='bbox 1531 2704 1596 2763; x_wconf 89' lang='lat' dir='ltr'><strong>et</strong></span> <span class='ocrx_word' id='word_1_195' title='bbox 1660 2697 1917 2782; x_wconf 85' lang='lat' dir='ltr'><strong>provide</strong></span> <span class='ocrx_word' id='word_1_196' title='bbox 1979 2697 2151 2759; x_wconf 87' lang='lat' dir='ltr'><strong>facta</strong></span> <span class='ocrx_word' id='word_1_197' title='bbox 2207 2696 2435 2770; x_wconf 81' lang='lat' dir='ltr'><strong>fuisse,</strong></span> <span class='ocrx_word' id='word_1_198' title='bbox 2500 2714 2664 2777; x_wconf 89' lang='lat' dir='ltr'><strong>quae</strong></span> <span class='ocrx_word' id='word_1_199' title='bbox 2725 2695 2902 2754; x_wconf 85' lang='lat' dir='ltr'><strong>certe</strong></span> 
     </span>
     <span class='ocr_line' id='line_1_29' title="bbox 590 2784 2898 2878; baseline -0.005 -19"><span class='ocrx_word' id='word_1_200' title='bbox 590 2795 957 2860; x_wconf 85' lang='lat' dir='ltr'><strong>Bonifatius</strong></span> <span class='ocrx_word' id='word_1_201' title='bbox 1019 2795 1405 2860; x_wconf 84' lang='lat' dir='ltr'><strong>inhibuisset</strong></span> <span class='ocrx_word' id='word_1_202' title='bbox 1464 2797 1516 2859; x_wconf 91' lang='lat' dir='ltr'><strong>si</strong></span> <span class='ocrx_word' id='word_1_203' title='bbox 1584 2797 1928 2878; x_wconf 83' lang='lat' dir='ltr'><strong>potuisset3</strong></span> <span class='ocrx_word' id='word_1_204' title='bbox 1998 2793 2065 2855; x_wconf 91' lang='lat' dir='ltr'><strong>in</strong></span> <span class='ocrx_word' id='word_1_205' title='bbox 2131 2790 2567 2855; x_wconf 84' lang='lat' dir='ltr'><strong>Coelestinum</strong></span> <span class='ocrx_word' id='word_1_206' title='bbox 2634 2784 2898 2871; x_wconf 87' lang='lat' dir='ltr'><strong>proinde</strong></span> 
     </span>
     <span class='ocr_line' id='line_1_30' title="bbox 591 2882 2902 2977; baseline -0.005 -21"><span class='ocrx_word' id='word_1_207' title='bbox 591 2895 802 2976; x_wconf 89' lang='lat' dir='ltr'><strong>potius</strong></span> <span class='ocrx_word' id='word_1_208' title='bbox 847 2915 1062 2977; x_wconf 89' lang='lat' dir='ltr'><strong>regem</strong></span> <span class='ocrx_word' id='word_1_209' title='bbox 1122 2898 1188 2957; x_wconf 90' lang='lat' dir='ltr'><strong>et</strong></span> <span class='ocrx_word' id='word_1_210' title='bbox 1237 2894 1393 2956; x_wconf 89' lang='lat' dir='ltr'><strong>alios</strong></span> <span class='ocrx_word' id='word_1_211' title='bbox 1452 2892 1794 2977; x_wconf 85' lang='lat' dir='ltr'><strong>quosdam,</strong></span> <span class='ocrx_word' id='word_1_212' title='bbox 1856 2890 2202 2973; x_wconf 79' lang='lat' dir='ltr'><strong>praelatoS,</strong></span> <span class='ocrx_word' id='word_1_213' title='bbox 2259 2889 2485 2962; x_wconf 80' lang='lat' dir='ltr'><strong>laicOS‚</strong></span> <span class='ocrx_word' id='word_1_214' title='bbox 2547 2882 2902 2950; x_wconf 87' lang='lat' dir='ltr'><strong>monachos</strong></span> 
     </span>
     <span class='ocr_line' id='line_1_31' title="bbox 591 2979 2901 3075; baseline -0.006 -21"><span class='ocrx_word' id='word_1_215' title='bbox 591 2990 1102 3055; x_wconf 85' lang='lat' dir='ltr'><strong>Coelestinenses</strong></span> <span class='ocrx_word' id='word_1_216' title='bbox 1150 3012 1453 3075; x_wconf 85' lang='lat' dir='ltr'><strong>magnum</strong></span> <span class='ocrx_word' id='word_1_217' title='bbox 1502 2989 1858 3054; x_wconf 82' lang='lat' dir='ltr'><strong>exercuisse</strong></span> <span class='ocrx_word' id='word_1_218' title='bbox 1903 2986 2249 3062; x_wconf 84' lang='lat' dir='ltr'><strong>influxum,</strong></span> <span class='ocrx_word' id='word_1_219' title='bbox 2295 2990 2361 3049; x_wconf 90' lang='lat' dir='ltr'><strong>et</strong></span> <span class='ocrx_word' id='word_1_220' title='bbox 2408 3006 2545 3048; x_wconf 90' lang='lat' dir='ltr'><strong>eum</strong></span> <span class='ocrx_word' id='word_1_221' title='bbox 2597 2981 2676 3044; x_wconf 88' lang='lat' dir='ltr'><strong>ad</strong></span> <span class='ocrx_word' id='word_1_222' title='bbox 2721 2979 2901 3043; x_wconf 83' lang='lat' dir='ltr'><strong>varia</strong></span> 
     </span>
     <span class='ocr_line' id='line_1_32' title="bbox 591 3075 2898 3169; baseline -0.006 -17"><span class='ocrx_word' id='word_1_223' title='bbox 591 3088 1042 3152; x_wconf 90' lang='lat' dir='ltr'><strong>constituenda</strong></span> <span class='ocrx_word' id='word_1_224' title='bbox 1095 3088 1384 3151; x_wconf 84' lang='lat' dir='ltr'><strong>movisse.</strong></span> <span class='ocrx_word' id='word_1_225' title='bbox 1485 3086 1837 3169; x_wconf 86' lang='lat' dir='ltr'><strong>Propterea</strong></span> <span class='ocrx_word' id='word_1_226' title='bbox 1889 3089 2111 3147; x_wconf 87' lang='lat' dir='ltr'><strong>tamen</strong></span> <span class='ocrx_word' id='word_1_227' title='bbox 2164 3104 2294 3147; x_wconf 93' lang='lat' dir='ltr'><strong>non</strong></span> <span class='ocrx_word' id='word_1_228' title='bbox 2351 3079 2648 3145; x_wconf 87' lang='lat' dir='ltr'><strong>assentiri</strong></span> <span class='ocrx_word' id='word_1_229' title='bbox 2708 3075 2898 3139; x_wconf 83' lang='lat' dir='ltr'><strong>velim</strong></span> 
     </span>
     <span class='ocr_line' id='line_1_33' title="bbox 591 3170 2900 3268; baseline -0.006 -21"><span class='ocrx_word' id='word_1_230' title='bbox 591 3185 670 3248; x_wconf 89' lang='lat' dir='ltr'><strong>iis</strong></span> <span class='ocrx_word' id='word_1_231' title='bbox 739 3184 848 3268; x_wconf 90' lang='lat' dir='ltr'><strong>qui</strong></span> <span class='ocrx_word' id='word_1_232' title='bbox 917 3184 1320 3259; x_wconf 86' lang='lat' dir='ltr'><strong>existimant,</strong></span> <span class='ocrx_word' id='word_1_233' title='bbox 1399 3181 1709 3246; x_wconf 83' lang='lat' dir='ltr'><strong>Bonifatii</strong></span> <span class='ocrx_word' id='word_1_234' title='bbox 1785 3180 2102 3244; x_wconf 87' lang='lat' dir='ltr'><strong>influxum</strong></span> <span class='ocrx_word' id='word_1_235' title='bbox 2166 3177 2237 3240; x_wconf 91' lang='lat' dir='ltr'><strong>in</strong></span> <span class='ocrx_word' id='word_1_236' title='bbox 2305 3177 2483 3241; x_wconf 90' lang='lat' dir='ltr'><strong>curia</strong></span> <span class='ocrx_word' id='word_1_237' title='bbox 2550 3170 2900 3239; x_wconf 84' lang='lat' dir='ltr'><strong>Coelestini</strong></span> 
     </span>
     <span class='ocr_line' id='line_1_34' title="bbox 592 3266 2900 3363; baseline -0.007 -18"><span class='ocrx_word' id='word_1_238' title='bbox 592 3282 728 3345; x_wconf 90' lang='lat' dir='ltr'><strong>fere</strong></span> <span class='ocrx_word' id='word_1_239' title='bbox 794 3282 1047 3345; x_wconf 91' lang='lat' dir='ltr'><strong>nullum</strong></span> <span class='ocrx_word' id='word_1_240' title='bbox 1116 3281 1334 3345; x_wconf 89' lang='lat' dir='ltr'><strong>fuisse.</strong></span> <span class='ocrx_word' id='word_1_241' title='bbox 1450 3279 1680 3363; x_wconf 79' lang='lat' dir='ltr'><strong>colligi</strong></span> <span class='ocrx_word' id='word_1_242' title='bbox 1751 3277 1924 3341; x_wconf 90' lang='lat' dir='ltr'><strong>enim</strong></span> <span class='ocrx_word' id='word_1_243' title='bbox 1990 3275 2243 3338; x_wconf 84' lang='lat' dir='ltr'><strong>videtur</strong></span> <span class='ocrx_word' id='word_1_244' title='bbox 2306 3294 2383 3338; x_wconf 84' lang='lat' dir='ltr'><strong>ex</strong></span> <span class='ocrx_word' id='word_1_245' title='bbox 2453 3271 2673 3352; x_wconf 89' lang='lat' dir='ltr'><strong>factis,</strong></span> <span class='ocrx_word' id='word_1_246' title='bbox 2748 3266 2900 3332; x_wconf 89' lang='grc'><strong>000·</strong></span> 
     </span>
     <span class='ocr_line' id='line_1_35' title="bbox 593 3364 2902 3461; baseline -0.007 -19"><span class='ocrx_word' id='word_1_247' title='bbox 593 3379 931 3459; x_wconf 90' lang='lat' dir='ltr'><strong>lestinum‚</strong></span> <span class='ocrx_word' id='word_1_248' title='bbox 1006 3378 1297 3461; x_wconf 85' lang='lat' dir='ltr'><strong>quamvis</strong></span> <span class='ocrx_word' id='word_1_249' title='bbox 1370 3376 1642 3441; x_wconf 87' lang='lat' dir='ltr'><strong>multum</strong></span> <span class='ocrx_word' id='word_1_250' title='bbox 1712 3373 1915 3438; x_wconf 85' lang='lat' dir='ltr'><strong>adhuc</strong></span> <span class='ocrx_word' id='word_1_251' title='bbox 1984 3371 2157 3456; x_wconf 88' lang='lat' dir='ltr'><strong>regis</strong></span> <span class='ocrx_word' id='word_1_252' title='bbox 2228 3370 2619 3451; x_wconf 86' lang='lat' dir='ltr'><strong>alteriusque</strong></span> <span class='ocrx_word' id='word_1_253' title='bbox 2681 3364 2902 3428; x_wconf 85' lang='lat' dir='ltr'><strong>factio·</strong></span> 
     </span>
     <span class='ocr_line' id='line_1_36' title="bbox 594 3461 2907 3550; baseline -0.007 -12"><span class='ocrx_word' id='word_1_254' title='bbox 594 3475 698 3538; x_wconf 91' lang='lat' dir='ltr'><strong>nis</strong></span> <span class='ocrx_word' id='word_1_255' title='bbox 770 3475 1096 3540; x_wconf 87' lang='lat' dir='ltr'><strong>desideriis</strong></span> <span class='ocrx_word' id='word_1_256' title='bbox 1152 3472 1430 3550; x_wconf 85' lang='lat' dir='ltr'><strong>cederet,</strong></span> <span class='ocrx_word' id='word_1_257' title='bbox 1500 3477 1717 3536; x_wconf 88' lang='lat' dir='ltr'><strong>tamen</strong></span> <span class='ocrx_word' id='word_1_258' title='bbox 1788 3469 2186 3534; x_wconf 84' lang='lat' dir='ltr'><strong>Bonifatium</strong></span> <span class='ocrx_word' id='word_1_259' title='bbox 2255 3467 2337 3531; x_wconf 92' lang='lat' dir='ltr'><strong>ob</strong></span> <span class='ocrx_word' id='word_1_260' title='bbox 2405 3464 2694 3549; x_wconf 84' lang='lat' dir='ltr'><strong>agnitam</strong></span> <span class='ocrx_word' id='word_1_261' title='bbox 2762 3461 2907 3543; x_wconf 86' lang='lat' dir='ltr'><strong>ejus</strong></span> 
     </span>
     <span class='ocr_line' id='line_1_37' title="bbox 599 3560 2907 3655; baseline -0.007 -22"><span class='ocrx_word' id='word_1_262' title='bbox 599 3573 905 3636; x_wconf 77' lang='lat' dir='ltr'><strong>virtutem</strong></span> <span class='ocrx_word' id='word_1_263' title='bbox 963 3593 1302 3655; x_wconf 89' lang='lat' dir='ltr'><strong>rerumque</strong></span> <span class='ocrx_word' id='word_1_264' title='bbox 1358 3570 1655 3653; x_wconf 89' lang='lat' dir='ltr'><strong>peritiam</strong></span> <span class='ocrx_word' id='word_1_265' title='bbox 1711 3570 1932 3652; x_wconf 89' lang='lat' dir='ltr'><strong>magni</strong></span> <span class='ocrx_word' id='word_1_266' title='bbox 1992 3565 2318 3638; x_wconf 76' lang='lat' dir='ltr'><strong>babuisse,</strong></span> <span class='ocrx_word' id='word_1_267' title='bbox 2376 3564 2504 3626; x_wconf 93' lang='lat' dir='ltr'><strong>imo</strong></span> <span class='ocrx_word' id='word_1_268' title='bbox 2562 3560 2752 3624; x_wconf 87' lang='lat' dir='ltr'><strong>etiam</strong></span> <span class='ocrx_word' id='word_1_269' title='bbox 2813 3577 2907 3618; x_wconf 89' lang='lat' dir='ltr'><strong>re·</strong></span> 
     </span>
     <span class='ocr_line' id='line_1_38' title="bbox 599 3658 2899 3754; baseline -0.007 -22"><span class='ocrx_word' id='word_1_270' title='bbox 599 3690 763 3754; x_wconf 82' lang='lat' dir='ltr'><strong>gem,</strong></span> <span class='ocrx_word' id='word_1_271' title='bbox 810 3667 1166 3753; x_wconf 84' lang='lat' dir='ltr'><strong>generatim</strong></span> <span class='ocrx_word' id='word_1_272' title='bbox 1213 3665 1509 3750; x_wconf 87' lang='lat' dir='ltr'><strong>religioni</strong></span> <span class='ocrx_word' id='word_1_273' title='bbox 1557 3668 1623 3728; x_wconf 89' lang='lat' dir='ltr'><strong>et</strong></span> <span class='ocrx_word' id='word_1_274' title='bbox 1671 3664 1991 3728; x_wconf 87' lang='lat' dir='ltr'><strong>Ecclesiae</strong></span> <span class='ocrx_word' id='word_1_275' title='bbox 2038 3660 2379 3737; x_wconf 77' lang='lat' dir='ltr'><strong>addictum,</strong></span> <span class='ocrx_word' id='word_1_276' title='bbox 2433 3658 2718 3739; x_wconf 90' lang='lat' dir='ltr'><strong>aliosque</strong></span> <span class='ocrx_word' id='word_1_277' title='bbox 2765 3659 2899 3716; x_wconf 89' lang='lat' dir='ltr'><strong>stu·</strong></span> 
     </span>
    </p>
   </div>
   <div class='ocr_carea' id='block_1_4' title="bbox 781 3911 2912 3997">
    <p class='ocr_par' dir='ltr' id='par_1_4' title="bbox 781 3911 2912 3997">
     <span class='ocr_line' id='line_1_39' title="bbox 781 3911 2912 3997; baseline -0.009 -14"><span class='ocrx_word' id='word_1_278' title='bbox 781 3930 822 3997; x_wconf 91' lang='lat'><strong>¹)</strong></span> <span class='ocrx_word' id='word_1_279' title='bbox 858 3930 1121 3983; x_wconf 86' lang='lat' dir='ltr'><strong>Fortasse</strong></span> <span class='ocrx_word' id='word_1_280' title='bbox 1150 3927 1264 3996; x_wconf 90' lang='lat' dir='ltr'><strong>jam</strong></span> <span class='ocrx_word' id='word_1_281' title='bbox 1304 3933 1434 3981; x_wconf 90' lang='lat' dir='ltr'><strong>tunc</strong></span> <span class='ocrx_word' id='word_1_282' title='bbox 1463 3924 1891 3981; x_wconf 85' lang='lat' dir='ltr'><strong>coarctationem</strong></span> <span class='ocrx_word' id='word_1_283' title='bbox 1931 3920 2216 3989; x_wconf 87' lang='lat' dir='ltr'><strong>quamdam</strong></span> <span class='ocrx_word' id='word_1_284' title='bbox 2243 3914 2612 3971; x_wconf 71' lang='lat' dir='ltr'><strong>cardinalium</strong></span> <span class='ocrx_word' id='word_1_285' title='bbox 2648 3912 2750 3966; x_wconf 87' lang='lat' dir='ltr'><strong>sibi</strong></span> <span class='ocrx_word' id='word_1_286' title='bbox 2786 3911 2912 3965; x_wconf 56' lang='lat' dir='ltr'><strong>vin⁴</strong></span> 
     </span>
    </p>
   </div>
   <div class='ocr_carea' id='block_1_5' title="bbox 599 4009 1766 4236">
    <p class='ocr_par' dir='ltr' id='par_1_5' title="bbox 599 4009 1766 4236">
     <span class='ocr_line' id='line_1_40' title="bbox 599 4009 1089 4065; baseline -0.006 -1"><span class='ocrx_word' id='word_1_287' title='bbox 599 4010 779 4065; x_wconf 87' lang='lat' dir='ltr'><strong>dicare</strong></span> <span class='ocrx_word' id='word_1_288' title='bbox 817 4009 1089 4063; x_wconf 87' lang='lat' dir='ltr'><strong>studebat.</strong></span> 
     </span>
     <span class='ocr_line' id='line_1_41' title="bbox 778 4085 1766 4156; baseline -0.007 -13"><span class='ocrx_word' id='word_1_289' title='bbox 778 4086 820 4156; x_wconf 82' lang='lat'><strong>²)</strong></span> <span class='ocrx_word' id='word_1_290' title='bbox 859 4088 1005 4142; x_wconf 87' lang='lat' dir='ltr'><strong>Ptol.</strong></span> <span class='ocrx_word' id='word_1_291' title='bbox 1043 4087 1175 4140; x_wconf 90' lang='lat' dir='ltr'><strong>Luc.</strong></span> <span class='ocrx_word' id='word_1_292' title='bbox 1213 4086 1249 4139; x_wconf 89' lang='lat' dir='ltr'><strong>l.</strong></span> <span class='ocrx_word' id='word_1_293' title='bbox 1290 4101 1334 4139; x_wconf 90' lang='lat' dir='ltr'><strong>c.</strong></span> <span class='ocrx_word' id='word_1_294' title='bbox 1373 4085 1433 4138; x_wconf 93' lang='lat' dir='ltr'><strong>L.</strong></span> <span class='ocrx_word' id='word_1_295' title='bbox 1475 4087 1559 4137; x_wconf 83' lang='lat'><strong>24.</strong></span> <span class='ocrx_word' id='word_1_296' title='bbox 1599 4101 1644 4137; x_wconf 92' lang='lat' dir='ltr'><strong>c.</strong></span> <span class='ocrx_word' id='word_1_297' title='bbox 1680 4085 1766 4137; x_wconf 87' lang='lat'><strong>30.</strong></span> 
     </span>
     <span class='ocr_line' id='line_1_42' title="bbox 780 4164 1344 4236; baseline -0.007 -15"><span class='ocrx_word' id='word_1_298' title='bbox 780 4167 825 4236; x_wconf 79' lang='lat'><strong>³)</strong></span> <span class='ocrx_word' id='word_1_299' title='bbox 861 4167 1004 4221; x_wconf 87' lang='lat' dir='ltr'><strong>Ptol.</strong></span> <span class='ocrx_word' id='word_1_300' title='bbox 1040 4167 1170 4219; x_wconf 89' lang='lat' dir='ltr'><strong>Luc.</strong></span> <span class='ocrx_word' id='word_1_301' title='bbox 1207 4164 1344 4218; x_wconf 90' lang='lat' dir='ltr'><strong>Ibid.</strong></span> 
     </span>
    </p>
   </div>
  </div>
 </body>
</html>
