3281 5014
642 464 745 515 328
1235 460 1487 515 XXXIV.
1525 461 1608 515 De
1647 460 1885 516 Concilio
1925 461 2353 516 Constantiensi.

640 606 699 664 et
760 600 1234 681 saecularibus,
1300 602 1601 682 ducibus,
1667 600 2185 679 marchionibus,
2250 602 2589 668 comitibus
2652 654 2665 667 .
2730 653 2745 668 .
2810 654 2824 668 .
2886 608 2945 668 et

640 697 1028 779 officialibus
1073 698 1578 781 quibuscumque
1634 698 2003 776 civitatum,
2061 698 2472 781 oppidorum,
2530 699 2841 766 villarum
2885 705 2945 765 et

641 795 948 874 locorum,
1014 795 1307 877 qratiam
1368 795 1618 879 reqiam
1683 799 1743 859 et
1807 816 1991 860 omne
2056 795 2307 860 bonum.
2378 834 2450 842 —
2522 796 2944 876 Venerabiles,

637 891 952 971 illustres,
1029 891 1272 957 nobiles
1334 896 1394 957 et
1454 892 1671 973 fideles
1737 891 1983 972 dilecti,
2051 891 2489 958 honorabilem
2556 894 2946 976 maqistrum

638 988 963 1054 Joannem
1007 989 1186 1069 Hus,
1242 1009 1466 1054 sacrae
1521 988 1873 1072 theoloqiae
1926 988 2417 1054 baccalaureum
2469 990 2829 1072 formatum
2886 994 2946 1054 et

637 1085 886 1151 artium
934 1085 1321 1168 maqistrum
1335 1135 1352 1166 ,
1399 1085 1853 1168 praesentium
1900 1089 2313 1163 ostensorem,
2372 1085 2447 1149 de
2494 1107 2693 1170 reqno
2736 1087 2944 1152 Boke-

638 1183 808 1248 miae
869 1183 955 1248 ad
1018 1181 1375 1249 Concilium
1431 1182 1734 1265 qenerale
1794 1182 1870 1248 in
1930 1181 2190 1247 civitate
2254 1181 2738 1249 Constantiensi
2797 1184 2944 1249 cele-

642 1272 963 1344 brandum
1018 1279 1092 1344 in
1142 1279 1450 1362 proximo
1507 1284 1980 1359 transeuntem,
2040 1300 2226 1362 quem
2283 1280 2478 1345 etiam
2532 1280 2607 1344 in
2653 1285 2943 1346 nostram

639 1381 700 1440 et
762 1376 937 1442 sacri
1003 1375 1267 1459 imperii
1324 1376 1787 1459 protectionem
1857 1376 2213 1458 recepimus
2279 1381 2341 1441 et
2407 1378 2702 1458 tutelam,
2771 1377 2948 1442 vobis

640 1472 938 1538 omnibus
1004 1477 1066 1537 et
1119 1477 1405 1538 vestrum
1468 1471 1728 1538 cuilibet
1779 1473 1975 1555 pleno
2035 1474 2629 1539 recommendamus
2689 1474 2944 1558 affectu,

639 1569 1102 1648 desiderantes,
1163 1574 1484 1652 quatenus
1539 1569 1755 1652 ipsum
1804 1569 1960 1635 dum
2015 1570 2100 1635 ad
2155 1592 2265 1635 vos
2314 1571 2707 1652 pervenerit,
2760 1577 2948 1654 qrate

639 1665 985 1749 suscipere,
1045 1666 1502 1748 favorabiliter
1559 1670 1875 1746 tractare,
1941 1685 2017 1731 ac
2067 1666 2141 1731 in
2195 1666 2299 1732 his
2353 1688 2517 1750 quae
2561 1667 2947 1733 celeritatem

639 1768 700 1829 et
766 1763 1176 1829 securitatem
1241 1763 1453 1845 ipsius
1521 1767 1919 1829 concernunt
1988 1762 2251 1828 itineris
2319 1768 2453 1829 tam
2511 1785 2637 1847 per
2702 1768 2947 1829 terram

639 1882 837 1944 quam
877 1882 1003 1944 per
1063 1881 1329 1943 aquam,
1382 1860 1818 1944 promotivam
1872 1859 1997 1925 sibi
2039 1859 2253 1925 velitis
2307 1866 2367 1925 et
2417 1849 2697 1926 debeatis
2742 1865 2946 1926 osten-

639 1960 786 2023 dere
833 1958 1255 2037 voluntatem,
1305 1978 1552 2023 necnon
1596 1957 1817 2040 ipsum
1864 1979 2008 2024 cum
2052 1957 2359 2038 famulis,
2419 1957 2625 2041 equis,
2673 1956 2944 2037 valisiis,

639 2054 952 2134 arnesiis,
1010 2059 1071 2119 et
1129 2054 1283 2120 aliis
1343 2054 1537 2120 rebus
1596 2055 1739 2121 suis
1799 2054 2082 2137 sinqulis
2135 2075 2258 2137 per
2318 2075 2746 2137 quoscumque
2794 2075 2948 2138 por·

638 2158 772 2233 tus,
823 2155 1083 2235 pontes,
1139 2144 1382 2231 terras,
1431 2151 1750 2232 dominia,
1806 2151 2170 2232 districtus,
2212 2151 2738 2235 jurisdictiones,
2794 2151 2945 2216 civi-

639 2254 820 2329 tates,
868 2249 1122 2331 oppida,
1172 2253 1409 2328 castra,
1459 2248 1652 2314 villas
1697 2254 1758 2314 et
1803 2248 2121 2330 quaelibet
2166 2248 2302 2314 loca
2349 2248 2485 2314 alia
2530 2254 2761 2328 vestra,
2807 2248 2948 2313 sine

637 2345 916 2428 aliquali
959 2344 1277 2412 solutione
1322 2345 1518 2426 datii,
1570 2345 1868 2428 pedaqii,
1917 2344 2175 2425 telonei,
2235 2345 2469 2411 tributi
2514 2349 2574 2409 et
2618 2346 2747 2410 alio
2794 2365 2944 2427 quo-

637 2443 736 2509 vis
782 2442 1127 2509 solutionis
1165 2463 1382 2524 onere,
1432 2443 1609 2507 omni
1645 2462 1927 2526 prorsus
1964 2442 2419 2527 impedimento
2446 2447 2685 2509 remoto
2730 2446 2943 2507 trans-

638 2543 754 2621 ire,
801 2546 995 2621 stare,
1045 2540 1294 2606 morari
1339 2547 1400 2605 et
1443 2541 1659 2605 redire
1691 2539 1884 2605 libere
1927 2539 2344 2623 permittatis,
2390 2540 2640 2622 sibique
2683 2545 2744 2605 et
2787 2539 2943 2616 suis,

640 2638 793 2705 dum
840 2659 1001 2722 opus
1050 2638 1288 2721 fuerit,
1347 2638 1421 2702 de
1477 2658 1698 2703 securo
1754 2642 1814 2702 et
1871 2638 2049 2703 salvo
2106 2637 2317 2702 velitis
2363 2642 2421 2701 et
2467 2635 2748 2702 debeatis
2789 2657 2945 2719 pro·

641 2735 854 2800 videre
896 2734 1230 2814 conductu,
1279 2734 1365 2799 ad
1391 2734 1694 2799 honorem
1724 2740 1784 2799 et
1813 2734 2242 2800 reverentiam
2274 2737 2537 2799 nostrae
2563 2734 2780 2817 reqiae
2810 2753 2944 2798 ma·

624 2832 908 2914 jestatis.
953 2870 1037 2879 —
1083 2831 1338 2897 Datum
1368 2831 1603 2914 Spirae
1634 2853 1809 2897 anno
1841 2832 1987 2896 Dni
2016 2829 2431 2897 MGCCCXI
2435 2832 2498 2895 V.
2542 2830 2810 2896 XVIII.
2845 2829 2947 2893 die

641 2928 948 3008 Octobris,
973 2948 1325 3011 reqnorum
1352 2932 1727 2993 nostrorum
1762 2949 1971 2993 anno:
1996 2927 2409 3011 Hunqariae,
2449 2934 2558 2993 etc.
2580 2925 2943 3005 XXXIII„

637 3025 1089 3090 Romanorum
1138 3045 1287 3089 vero
1333 3025 1455 3109 V.1)
1550 3028 1929 3091 Accuratius
1988 3027 2065 3091 de
2113 3049 2307 3091 sensu
2355 3026 2544 3112 hujus
2589 3027 2751 3091 salvi
2798 3047 2944 3089 con-

639 3123 867 3187 ductus
941 3124 1209 3188 inferius
1287 3145 1581 3208 agemus;
1657 3124 1761 3188 hic
1838 3124 2121 3189 sufficiat
2196 3128 2458 3202 notare,
2535 3123 2697 3187 nihil
2774 3120 2946 3186 aliud

637 3219 1000 3304 hujusmodi
1072 3221 1314 3284 salvum
1388 3222 1772 3286 conductum
1845 3222 2071 3299 fuisse,
2148 3221 2269 3285 nisi
2339 3221 2589 3285 litteras
2666 3242 2780 3304 pro
2848 3241 2944 3282 se-

640 3318 914 3382 curitate
959 3317 1241 3395 itineri8‚
1301 3322 1372 3382 ut
1415 3323 1642 3383 contra
1687 3319 1971 3402 privatos
2016 3318 2234 3383 hostes
2281 3323 2756 3402 protegeretur,
2803 3316 2940 3380 nul-

639 3416 893 3479 latenus
952 3436 1102 3480 vero
1167 3437 1311 3479 eum
1377 3416 1808 3501 legitimorum
1861 3415 2144 3500 judicum
2215 3417 2524 3499 potestati
2579 3415 2693 3479 tali
2754 3415 2946 3479 docu-

644 3517 863 3576 mento
909 3511 1194 3577 subduci.

328 3672 464 3714 Gesta
491 3671 603 3742 ,Con-
820 3662 923 3723 52.
979 3660 1185 3736 Quum
1233 3660 1523 3725 Joannes
1572 3659 1816 3723 XXIII.
1873 3661 2107 3725 certior
2162 3662 2372 3724 factus
2428 3668 2594 3723 esset
2649 3658 2726 3722 de
2781 3657 2943 3723 Hus-

369 3735 569 3775 ⁸t⁸¹¹t¹ffi
643 3757 719 3820 sii
766 3758 1078 3831 adventu,
1137 3757 1552 3822 interdictum
1613 3766 1679 3821 et
1734 3758 2453 3821 excommunicationem
2509 3757 2833 3839 mitigavit
2877 3756 2946 3819 in

644 3876 878 3917 meram
941 3854 1417 3937 suspensionem
1478 3854 1730 3932 Hussii‚
1789 3855 1881 3918 ita
1937 3863 2011 3918 ut
2070 3855 2326 3918 missam
2382 3853 2590 3917 dicere
2650 3861 2714 3917 et
2760 3874 2946 3937 prae-

640 3951 850 4014 dicare
910 3950 1388 4032 prohiberetur,
1450 3951 1646 4015 libere
1706 3955 1925 4015 tamen
1989 3973 2128 4016 cum
2192 3952 2332 4014 aliis
2391 3951 2751 4016 conversari
2807 3972 2946 4034 pos·

820 4201 862 4267 ¹)
900 4202 966 4256 v.
1005 4202 1216 4267 Hefele,
1255 4203 1310 4256 e.
1351 4201 1415 4256 G.
1443 4201 1567 4267 v11,
1607 4202 1656 4269 s.
1696 4204 1814 4256 763.
