3281 5014
325 2781 466 2853 Bulla·
481 2783 611 2825 Unio-

425 2857 508 2884 ms.

659 415 763 466 376
942 413 1165 466 XXXV.
1205 413 1287 467 De
1326 412 1528 467 Concil.
1567 412 1872 467 Basileensi
1907 428 1971 467 ac
2008 414 2073 467 de
2111 413 2324 480 Synodo
2362 413 2696 469 Florentina.

659 560 734 633 ut
798 554 1105 636 primatus
1175 555 1536 639 generatim
1607 560 2063 639 agnosceretur
2128 557 2197 618 in
2268 554 2561 622 Romano
2630 556 2967 635 Pontifice,

658 672 793 714 non
846 671 995 715 vero
1055 652 1126 716 in
1179 652 1388 735 specie
1445 656 1764 735 quantum
1823 651 1902 714 ad
1957 651 2420 734 appellationes
2479 653 2558 717 ad
2606 654 2966 719 Romanam

658 744 884 811 Sedem
932 749 1012 812 ab
1060 749 1199 812 aliis
1245 748 1502 813 sedibus
1552 746 2117 832 patriarchalibus,
2165 751 2278 812 aut
2323 754 2641 832 quantum
2687 751 2768 815 ad
2814 753 2971 816 cele-

659 843 1010 908 brationem
1086 843 1508 910 Conciliorum
1588 844 2136 909 oecumenicorum
2215 845 2354 909 sine
2422 846 2832 930 Imperatoris
2902 854 2969 913 et

656 941 1164 1023 patriarcharum
1221 962 1510 1005 assensn.
1614 940 2102 1017 Verumtamen,
2177 941 2315 1007 Deo
2369 945 2675 1026 juvante,
2739 943 2968 1010 Graeci

655 1037 996 1119 paulatim,
1060 1042 1321 1121 excepto
1369 1060 1499 1102 uno
1544 1039 1765 1102 Marco
1815 1036 2171 1121 Ephesino,
2228 1039 2339 1122 qui
2384 1044 2694 1124 perpetuo
2741 1042 2964 1105 unioni

655 1134 1064 1217 repugnavit,
1110 1135 1179 1197 in
1231 1134 1612 1199 Latinorum
1657 1136 2052 1199 sententiam
2099 1142 2581 1204 consenserunt.

831 1284 933 1347 44.
1000 1283 1169 1347 Dein
1218 1288 1432 1347 actum
1491 1289 1590 1348 est
1647 1283 1724 1348 de
1771 1283 2153 1349 documento
2216 1284 2473 1349 unionis
2535 1291 2601 1350 et
2659 1308 2736 1351 ex
2793 1291 2964 1351 utra-

652 1403 775 1464 que
837 1384 1016 1463 parte
1074 1403 1184 1445 sex
1247 1382 1365 1444 viri
1422 1379 1502 1444 ad
1558 1380 1716 1444 illud
1778 1381 2242 1445 conficiendum
2299 1383 2574 1466 delegati
2629 1387 2813 1458 sunt3
2873 1406 2962 1447 re-

650 1477 859 1541 fertur
905 1482 1119 1541 autem
1175 1479 1592 1561 compositum
1650 1477 1849 1541 fuisse
1907 1480 2243 1560 praecipue
2286 1478 2366 1541 ab
2415 1479 2756 1543 Ambrosio
2804 1479 2960 1544 Tra-

653 1576 891 1638 versari
950 1574 1182 1638 abbate
1229 1573 1735 1649 camaldulensi,
1791 1575 1933 1657 qui,
1989 1579 2157 1638 teste
2206 1575 2342 1657 ipso
2389 1574 2732 1658 Syropulo,
2792 1578 2961 1640 inter

651 1693 872 1735 omnes
919 1669 1189 1734 Latinos
1234 1671 1473 1754 optime
1520 1672 1588 1734 in
1637 1672 1863 1755 lingua
1909 1692 2139 1755 graeca
2184 1679 2472 1736 versatus
2518 1670 2734 1752 erat.¹)
2806 1673 2957 1736 Jus-

649 1766 736 1831 sit
781 1765 1152 1850 Imperator
1210 1786 1289 1830 ea·
1344 1770 1626 1848 utraque
1676 1770 1875 1849 parte
1935 1767 2272 1831 convenire
2333 1787 2470 1844 sex,
2541 1770 2617 1831 ut
2671 1766 2960 1847 definitio

649 1867 708 1928 et
770 1868 982 1929 tomus
1043 1863 1311 1930 unionis
1366 1884 1595 1947 graece
1653 1869 1711 1928 et
1770 1863 1972 1929 latine
2031 1863 2421 1928 scriberetur
2480 1862 2551 1929 in
2616 1863 2956 1946 diptychis,

649 1981 691 2025 a
733 1965 929 2044 parte
985 1960 1240 2042 quidem
1296 1961 1562 2025 dextera
1618 1959 1848 2040 latine,
1908 1964 1983 2025 ut
2042 1960 2279 2026 Latini
2335 1960 2836 2039 subscriberent,
2899 1964 2958 2024 et

647 2058 1083 2140 appenderent
1130 2057 1370 2124 bullam
1419 2057 1675 2140 Papae:
1720 2057 1799 2122 ab
1841 2056 2050 2122 altera
2095 2077 2244 2121 vero
2282 2060 2474 2139 parte
2524 2056 2765 2122 Graeci
2810 2055 2956 2121 sub-

648 2154 1028 2234 scriberent,
1086 2159 1143 2219 et
1189 2161 1625 2239 apponeretur
1683 2174 1887 2220 aurea
1936 2152 2112 2218 bulla
2157 2152 2602 2236 Imperatoris.
2651 2203 2665 2217 .
2712 2204 2725 2217 .
2773 2202 2787 2217 .
2834 2152 2956 2217 Fe-

645 2251 752 2315 ria
799 2272 946 2316 vero
991 2251 1271 2317 secunda
1327 2256 1512 2316 sexta
1559 2251 1664 2316 die
1709 2250 1882 2317 Julii
1931 2250 2112 2333 facta
2159 2254 2253 2315 est
2308 2250 2468 2316 unio
2521 2249 2953 2328 ecclesiarum,

644 2351 706 2413 et
769 2348 930 2413 lecta
992 2353 1085 2413 est
1146 2347 1436 2429 definitio
1490 2353 1642 2431 post
1706 2346 2189 2412 celebrationem
2254 2346 2516 2412 Missae.
2573 2398 2586 2411 .
2646 2397 2659 2410 .
2722 2396 2736 2410 .
2798 2345 2957 2410 Post

644 2443 917 2511 litanias
960 2444 1338 2512 decantatas
1380 2444 1656 2510 recitata
1714 2449 1806 2509 est
1861 2443 2149 2526 definitio
2198 2444 2399 2511 latine
2444 2448 2504 2509 et
2543 2464 2800 2529 yraece,
2860 2442 2952 2509 la-

644 2541 779 2607 tine
840 2542 1094 2625 quidem
1152 2562 1193 2607 a
1255 2541 1597 2608 Cardinali
1657 2542 1719 2607 S.
1777 2541 2060 2607 Sabinae
2115 2542 2181 2624 (J
2191 2542 2467 2623 uliano),
2520 2561 2749 2626 qraece
2804 2561 2953 2605 vero

643 2659 684 2704 a
723 2639 1115 2704 Bessarione
1160 2638 1634 2721 archiepiscopo
1681 2635 2045 2722 Nicaen0.²)

822 2793 926 2856 45.
975 2790 1390 2855 Definitionis
1422 2789 1616 2855 Bulla
1661 2812 1894 2875 magna
1941 2813 2084 2854 cum
2132 2794 2471 2853 venustate
2516 2794 2583 2853 et
2614 2793 2755 2852 arte
2801 2810 2952 2852 con·

646 2889 884 2971 scripta
930 2894 1046 2952 est.
1134 2886 1230 2952 Ex
1278 2910 1405 2972 qua
1455 2909 1655 2971 pauca
1699 2888 2069 2963 delibamuS,
2118 2892 2189 2951 ut
2237 2888 2375 2971 ejus
2422 2886 2667 2951 indoles
2715 2906 2952 2969 cogno-

642 2989 858 3049 scatur
920 2993 985 3048 et
1041 2984 1349 3068 quaedam
1399 2985 1670 3049 inferius
1726 2983 2153 3049 examinanda
2211 3005 2360 3067 prae
2417 2982 2614 3047 oculis
2665 2982 2950 3047 habean-

643 3087 764 3146 tur.
857 3078 1203 3163 Euyenius
1254 3079 1643 3162 Episcopus,
1701 3098 1930 3143 servus
1985 3099 2317 3143 servorum
2364 3078 2522 3158 Dei,
2586 3077 2675 3145 ad
2721 3098 2948 3161 perpe-

644 3182 824 3243 tuam
870 3177 968 3242 rei
1014 3176 1411 3242 memoriam.
1488 3175 1936 3241 Consentiente
1980 3176 2066 3240 ad
2102 3176 2291 3259 infra
2320 3174 2564 3258 scripta
2611 3175 2950 3240 carissimo

641 3273 713 3340 in
775 3272 1039 3339 Christo
1082 3272 1219 3353 filio
1279 3276 1500 3338 nostro
1558 3273 1816 3337 Joanne
1870 3271 2252 3355 Palaeoloqo
2308 3272 2761 3339 Romanorum
2814 3271 2945 3336 Im-

634 3376 936 3453 peratore
979 3368 1256 3449 illustri,
1321 3390 1397 3435 ac
1443 3368 1943 3434 locotenentibus
1987 3369 2455 3435 venerabilium
2494 3368 2789 3451 fratrum
2835 3390 2946 3434 no—

640 3472 926 3533 strorum
975 3466 1516 3554 patriarcharum
1578 3470 1637 3530 et
1694 3465 1962 3530 caeteris
2008 3466 2366 3531 Ecclesiam
2421 3465 2796 3531 orientalem
2847 3486 2946 3530 re-

630 3565 1222 3647 praesentantibus.
1318 3563 1682 3629 Laetentur
1742 3562 1896 3627 coeli
1954 3567 2014 3627 et
2075 3562 2316 3627 exultet
2376 3566 2591 3643 terra,·
2651 3562 2947 3628 sublatus

640 3664 733 3726 est
778 3662 946 3727 enim
997 3662 1073 3726 de
1117 3660 1324 3726 medio
1362 3658 1602 3742 paries,
1654 3659 1768 3742 qui
1814 3659 2262 3724 occidentalem
2308 3658 2806 3741 orientalemque
2850 3658 2946 3723 cli-

637 3757 892 3823 videbat
954 3757 1312 3823 Ecclesiam
1383 3760 1442 3820 et
1496 3777 1639 3839 pax
1706 3760 1898 3838 atque
1958 3754 2298 3821 concordia
2363 3755 2574 3821 rediit.
2635 3804 2649 3819 .
2712 3807 2726 3820 .
2784 3807 2796 3819 .
2858 3752 2944 3822 In

821 3995 861 4062 ¹)
904 3995 1154 4061 Ἐγραῳε
1213 3993 1269 4061 γέ
1327 3993 1484 4046 αὐτὸν
1538 3994 1648 4060 (τὸν
1703 3995 1849 4061 ὅρον)
1909 3997 1939 4047 ὁ
1985 3997 2240 4063 ᾹῙοναχός
2280 3996 2585 4064 Ἀμβρόσιος
2641 3996 2672 4046 ὁ
2725 3996 2944 4058 λατῒνος,

637 4073 838 4130 ἐκεῖνος
875 4073 974 4141 γὰρ
1012 4072 1078 4139 ἦν
1116 4080 1206 4140 τῆς
1244 4073 1518 4140 ἓλληνικῆς
1553 4075 1792 4132 παιδείας
1830 4075 2271 4142 εἶδημονέστερος.
2346 4075 2640 4143 Syropulos
2675 4091 2727 4141 p.
2766 4078 2885 4129 281.

816 4151 860 4220 ²)
899 4151 1124 4206 Collect.
1163 4152 1323 4206 Conc.
1361 4153 1567 4207 Labbei
1604 4159 1644 4206 t.
1683 4154 1841 4207 XIII.
1882 4171 1926 4208 c.
1967 4157 2083 4209 510.
