3281 5014
1063 358 1146 410 De
1184 356 1428 410 Concilio
1466 356 1828 411 Lateranensi
1854 359 1920 411 V.
2559 359 2664 411 455

350 498 711 581 finiendum
757 497 1241 577 denuntiamzw,
1289 516 1727 577 convocamus,
1782 497 2160 579 statuimus,
2208 498 2562 564 indicimus
2606 501 2669 562 et

353 595 812 680 ordinamus.¹)

532 747 635 810 65.
701 744 1168 811 Verumtamen
1237 743 1598 809 Ludovicus
1659 744 1906 810 Galliae
1966 768 2079 810 rex
2160 751 2225 810 et
2295 744 2996 850 cardinaleslffinssssffl‘ssg,

352 843 622 908 rebelles
689 866 726 908 a
795 843 1035 926 coeptis
1098 863 1234 905 non
1302 840 1724 926 destiterunt3
1799 843 1911 908 sed
1981 843 2081 908 die
2161 840 2226 905 1⁰
2286 841 2668 907 Novembris
2764 869 2911 912 ticum.

353 942 508 1006 anni
570 940 733 1003 1511
787 938 1277 1003 conciliabulum
1323 936 1491 1002 Pisis
1521 945 2050 1028 stgfflffisss
2110 941 2326 1004 animo
2384 939 2483 1002 uti
2531 939 2669 1002 vul·

354 1038 599 1122 gabant
662 1022 984 1100 Ecclesiae
1042 1029 1491 1119 reformandae
1552 1057 1696 1099 cum
1756 1037 1829 1100 in
1891 1037 2193 1101 membris
2253 1040 2394 1100 tum
2449 1037 2516 1100 in
2573 1057 2668 1099 ca·

352 1135 489 1218 pite
554 1133 677 1198 hoc
748 1137 845 1198 est
906 1130 1257 1212 Pontifice,
1332 1130 1615 1216 adeoque
1686 1133 1886 1217 ipsius
1960 1132 2438 1198 exauctorandi.
2543 1131 2669 1196 Sed

355 1231 602 1308 Pisani,
676 1229 969 1313 quamvis
1042 1227 1458 1293 Florentinae
1532 1230 1631 1293 cui
1708 1230 2020 1313 parebant
2093 1230 2483 1313 reipublicae
2549 1230 2668 1294 im-

352 1328 528 1410 perio
594 1327 802 1392 adacti
870 1321 1085 1388 essent
1149 1324 1230 1387 ad
1290 1329 1542 1390 coetum
1606 1326 1792 1390 illum
1854 1325 2358 1404 admittendum,
2427 1325 2668 1409 apertis
2708 1346 2780 1419 χ

352 1446 498 1489 cum
570 1421 1087 1488 execrationibus
1150 1422 1252 1485 uti
1319 1421 1699 1505 sacrilegum
1770 1443 2107 1505 excepere,
2175 1444 2382 1506 neque
2450 1444 2518 1486 se
2588 1422 2669 1486 ab

350 1521 482 1584 ulla
529 1519 999 1604 significatione
1044 1521 1452 1600 contemptus
1499 1522 1565 1581 et
1610 1519 2030 1583 aversationis
2077 1519 2466 1596 abstinuere,
2514 1540 2667 1583 con-

351 1617 674 1680 clamante
736 1637 850 1699 per
905 1614 1173 1679 liberam
1232 1614 1743 1699 indignationem
1800 1616 2062 1698 populo,
2134 1616 2326 1699 longe
2372 1614 2668 1700 indigen·

352 1713 582 1777 tiorem
638 1712 1113 1776 reformationis
1172 1732 1309 1775 esse
1366 1711 1721 1795 quemlibet
1779 1711 2180 1795 coeuntium,
2236 1733 2429 1795 quam
2489 1713 2534 1775 ii
2589 1710 2670 1775 ad

354 1832 514 1893 quos
560 1808 998 1874 reformandos
1044 1829 1111 1873 se
1156 1809 1532 1873 convenisse
1571 1808 1937 1891 jactabant.
2030 1808 2253 1874 Clerus
2300 1831 2434 1873 non
2481 1808 2667 1874 modo

352 1906 673 1970 recusavit
717 1904 947 1989 synodi
977 1905 1448 1970 ‘functionibus
1495 1905 1840 1983 interesse,
1893 1905 2005 1970 sed
2057 1927 2190 1970 non
2244 1906 2432 1971 aliter
2477 1927 2667 1990 quam

344 2005 533 2088 jussu
607 2002 994 2086 reipublicae
1070 2007 1328 2067 coactus
1402 2024 1592 2066 usum
1671 2003 1974 2067 ecclesiae
2041 2002 2335 2086 sacrique
2403 2006 2668 2067 ornatus

352 2100 684 2164 concessit.
804 2098 1185 2183 Translatus
1257 2101 1357 2162 est
1422 2098 1608 2177 dein,
1678 2099 1884 2163 tribus
1950 2099 2339 2164 sessionibus
2410 2099 2668 2174 habitis,

353 2218 549 2279 quum
609 2196 882 2280 praelati
949 2216 1101 2259 suae
1164 2196 1472 2259 timerent
1538 2195 1995 2278 incolumitati,
2076 2200 2293 2261 coetus
2359 2197 2470 2262 ille
2538 2196 2669 2283 Μ-ᾳ·

352 2292 712 2371 diolanum,
770 2313 1007 2376 magna
1053 2290 1385 2355 Gallorum
1430 2293 1798 2356 antistitum
1849 2291 2131 2372 laetitia,
2190 2295 2300 2378 qui
2349 2315 2481 2357 una
2526 2316 2669 2358 cum

352 2378 661 2455 Alibfftb‘
693 2388 1054 2465 cardinali,
1115 2387 1456 2453 dumtaxat
1502 2394 1677 2453 metu
1722 2389 1891 2473 regis
1937 2391 2439 2470 concurrebant,
2499 2389 2671 2455 ideo·

352 2509 475 2571 que
535 2485 1091 2571 opportunitatem
1155 2485 1511 2571 quamlibet
1574 2485 1715 2569 ejus
1778 2484 2170 2550 dissolvendi
2234 2486 2457 2571 cupide
2521 2510 2671 2553 con·

352 2583 711 2667 quirebant.
820 2581 1061 2647 Verum
1144 2581 1490 2646 Mediolani
1566 2603 1713 2646 cum
1788 2582 2091 2670 despectu
2161 2585 2380 2667 regiae
2454 2590 2671 2649 aucto-

351 2681 566 2744 ritatis
626 2680 864 2763 recepti
927 2686 1085 2744 sunt
1143 2702 1278 2744 non
1339 2685 1417 2742 ut
1482 2676 1853 2744 Cardinales
1912 2683 1979 2743 et
2036 2678 2366 2764 Episcopi,
2408 2681 2537 2746 ,sed
2598 2686 2673 2745 ut

354 2776 586 2860 perditi
650 2798 724 2841 ac
778 2777 1069 2842 scelerati
1132 2775 1445 2841 homines
1550 2774 1838 2841 Praelati
1893 2776 2165 2842 rebelles
2223 2778 2497 2863 triginta
2551 2780 2671 2844 cir-

353 2874 513 2938 citer
550 2894 841 2950 numer0,
892 2873 1062 2936 inter
1108 2893 1269 2956 quos
1314 2871 2002 2962 seth„CardinaleS,
2050 2873 2473 2939 nihilominus
2520 2897 2671 2941 con·

349 2970 694 3034 tinuarunt
753 2969 1249 3033 conciliabulum
1294 2991 1513 3047 suum,
1575 2990 1648 3032 ac
1693 2967 2047 3034 Mediolani
2102 2969 2204 3035 die
2250 2969 2323 3034 4⁰
2370 2970 2670 3035 Januarii

349 3065 506 3130 anni
567 3065 766 3145 1512,
838 3072 1164 3150 quartam,
1233 3065 1381 3129 dein
1441 3069 1724 3130 caeteras
1786 3087 1988 3149 usque
2054 3065 2133 3131 ad
2191 3072 2481 3131 octavam
2541 3089 2670 3132 ses·

352 3163 562 3226 siones
629 3162 1017 3227 habuerunt.
1138 3160 1216 3225 In
1284 3160 1382 3232 his
1452 3161 1655 3225 multa
1725 3166 1952 3227 contra
2019 3165 2466 3228 auctoritatem
2540 3164 2666 3229 Ro·
2706 3217 2730 3240 „

353 3257 528 3322 mani
606 3257 938 3323 Pontificis
1013 3279 1263 3323 summa
1337 3279 1480 3321 cum
1558 3259 1933 3342 arrogantia
2007 3259 2457 3337 decreverunt3
2549 3261 2669 3326 Ju-

352 3354 513 3419 lium
572 3376 685 3420 ceu
750 3355 1076 3420 notorium
1142 3352 1412 3418 Concilii
1473 3354 2021 3438 perturbatorem,
2098 3359 2540 3421 contumacem
2604 3363 2670 3421 et

352 3451 713 3517 schismatis
787 3456 1112 3516 auctorem
1197 3451 1280 3515 ab
1356 3452 1534 3515 omni
1606 3449 1927 3515 Ecclesiae
2002 3452 2317 3537 regimine
2405 3475 2670 3537 suspen·

351 3570 494 3613 sum
536 3547 996 3630 declararunt,
1066 3552 1132 3612 et
1196 3548 1493 3612 omnibus
1563 3548 1840 3631 cujusvis
1909 3548 2296 3613 conditionis
2359 3549 2667 3615 Christia-

352 3646 481 3724 nis,
546 3667 627 3709 ne
689 3646 747 3709 ei
806 3645 1102 3729 deinceps
1158 3645 1521 3723 obedirent,
1585 3643 2076 3727 prohibuerunt.
2181 3645 2669 3713 Schismaticum

352 3741 471 3807 hoc
540 3742 867 3807 decretum
934 3740 1297 3806 Ludovicus
1364 3763 1477 3806 rex
1546 3742 1605 3805 d.
1687 3740 1797 3805 16⁰
1867 3740 2050 3807 Junii
2120 3743 2276 3807 anni
2352 3745 2518 3809 1512
2598 3746 2666 3810 in

353 3840 528 3904 omni
596 3840 841 3904 ditione
910 3861 1027 3903 sua
1092 3839 1561 3904 observandum
1628 3837 1979 3903 mandavit.
2092 3839 2495 3925 Quapropter
2556 3842 2671 3908 Ju-

532 4090 575 4158 1)
613 4091 679 4146 V.
716 4092 982 4160 Raynald.
1022 4109 1070 4146 a.
1115 4093 1267 4145 1511.
1306 4107 1396 4144 nn.
1439 4094 1471 4144 9
1508 4105 1622 4157 sqq.
