<?xml version="1.0" encoding="UTF-8"?>
<!DOCTYPE html PUBLIC "-//W3C//DTD XHTML 1.0 Transitional//EN"
    "http://www.w3.org/TR/xhtml1/DTD/xhtml1-transitional.dtd">
<html xmlns="http://www.w3.org/1999/xhtml" xml:lang="en" lang="en">
 <head>
  <title>
</title>
<meta http-equiv="Content-Type" content="text/html;charset=utf-8" />
  <meta name='ocr-system' content='tesseract 3.04.00' />
  <meta name='ocr-capabilities' content='ocr_page ocr_carea ocr_par ocr_line ocrx_word'/>
</head>
<body>
  <div class='ocr_page' id='page_1' title='image "./dissertationess05junggoog_0245.png"; bbox 0 0 3281 5014; ppageno 0'>
   <div class='ocr_carea' id='block_1_1' title="bbox 1156 430 2607 486">
    <p class='ocr_par' dir='ltr' id='par_1_1' title="bbox 1156 430 2607 486">
     <span class='ocr_line' id='line_1_1' title="bbox 1156 430 2607 486; baseline 0.002 -3"><span class='ocrx_word' id='word_1_1' title='bbox 1156 430 1370 485; x_wconf 88' lang='lat' dir='ltr'>Electio</span> <span class='ocrx_word' id='word_1_2' title='bbox 1411 430 1615 484; x_wconf 82' lang='lat' dir='ltr'>Urbani</span> <span class='ocrx_word' id='word_1_3' title='bbox 1642 432 1738 485; x_wconf 91' lang='lat' dir='ltr'>VI.</span> <span class='ocrx_word' id='word_1_4' title='bbox 2501 434 2607 486; x_wconf 79' lang='lat'>239</span> 
     </span>
    </p>
   </div>
   <div class='ocr_carea' id='block_1_2' title="bbox 226 570 2609 2007">
    <p class='ocr_par' dir='ltr' id='par_1_2' title="bbox 226 570 2609 2007">
     <span class='ocr_line' id='line_1_2' title="bbox 285 570 2609 657; baseline 0.002 -23"><span class='ocrx_word' id='word_1_5' title='bbox 285 570 683 635; x_wconf 81' lang='lat' dir='ltr'>creationem</span> <span class='ocrx_word' id='word_1_6' title='bbox 729 571 1071 655; x_wconf 82' lang='lat' dir='ltr'>procedere</span> <span class='ocrx_word' id='word_1_7' title='bbox 1117 580 1404 656; x_wconf 78' lang='lat' dir='ltr'>possent,</span> <span class='ocrx_word' id='word_1_8' title='bbox 1457 574 1640 657; x_wconf 89' lang='lat' dir='ltr'>isque</span> <span class='ocrx_word' id='word_1_9' title='bbox 1687 572 2017 657; x_wconf 89' lang='lat' dir='ltr'>legitimus</span> <span class='ocrx_word' id='word_1_10' title='bbox 2064 573 2374 638; x_wconf 81' lang='lat' dir='ltr'>Pontifex</span> <span class='ocrx_word' id='word_1_11' title='bbox 2420 580 2609 652; x_wconf 90' lang='lat' dir='ltr'>esset,</span> 
     </span>
     <span class='ocr_line' id='line_1_3' title="bbox 286 665 2607 764; baseline 0.002 -33"><span class='ocrx_word' id='word_1_12' title='bbox 286 667 395 731; x_wconf 84' lang='lat' dir='ltr'>cui</span> <span class='ocrx_word' id='word_1_13' title='bbox 438 668 647 752; x_wconf 88' lang='lat' dir='ltr'>major</span> <span class='ocrx_word' id='word_1_14' title='bbox 691 689 861 764; x_wconf 44' lang='grc' dir='ltr'>Ῑᾷᾳωιηε»ἱ</span> <span class='ocrx_word' id='word_1_15' title='bbox 897 674 1192 734; x_wconf 88' lang='lat' dir='ltr'>votorum</span> <span class='ocrx_word' id='word_1_16' title='bbox 1250 670 1730 752; x_wconf 84' lang='lat' dir='ltr'>suffragaretur.</span> <span class='ocrx_word' id='word_1_17' title='bbox 1742 665 1792 750; x_wconf 85' lang='lat'>¹)</span> <span class='ocrx_word' id='word_1_18' title='bbox 1880 668 2113 734; x_wconf 89' lang='lat' dir='ltr'>Paucis</span> <span class='ocrx_word' id='word_1_19' title='bbox 2170 668 2397 734; x_wconf 87' lang='lat' dir='ltr'>diebus</span> <span class='ocrx_word' id='word_1_20' title='bbox 2442 675 2607 754; x_wconf 87' lang='lat' dir='ltr'>post,</span> 
     </span>
     <span class='ocr_line' id='line_1_4' title="bbox 285 753 2607 850; baseline 0.001 -22"><span class='ocrx_word' id='word_1_21' title='bbox 285 763 392 828; x_wconf 91' lang='lat' dir='ltr'>die</span> <span class='ocrx_word' id='word_1_22' title='bbox 458 753 881 839; x_wconf 57' lang='lat' dir='ltr'>martii,</span> <span class='ocrx_word' id='word_1_23' title='bbox 953 770 1242 830; x_wconf 87' lang='lat' dir='ltr'>mortuus</span> <span class='ocrx_word' id='word_1_24' title='bbox 1302 771 1403 831; x_wconf 87' lang='lat' dir='ltr'>est</span> <span class='ocrx_word' id='word_1_25' title='bbox 1465 765 1835 850; x_wconf 78' lang='lat' dir='ltr'>Gregorius·</span> <span class='ocrx_word' id='word_1_26' title='bbox 1948 765 2321 831; x_wconf 84' lang='lat' dir='ltr'>Cardinales</span> <span class='ocrx_word' id='word_1_27' title='bbox 2366 773 2607 832; x_wconf 86' lang='lat' dir='ltr'>autem</span> 
     </span>
     <span class='ocr_line' id='line_1_5' title="bbox 283 859 2607 946; baseline 0.002 -22"><span class='ocrx_word' id='word_1_28' title='bbox 283 860 495 926; x_wconf 88' lang='lat' dir='ltr'>satius</span> <span class='ocrx_word' id='word_1_29' title='bbox 562 859 872 936; x_wconf 81' lang='lat' dir='ltr'>habuere,</span> <span class='ocrx_word' id='word_1_30' title='bbox 943 860 1129 934; x_wconf 73' lang='lat' dir='ltr'>haud,</span> <span class='ocrx_word' id='word_1_31' title='bbox 1172 863 1269 930; x_wconf 81' lang='lat' dir='ltr'>uti</span> <span class='ocrx_word' id='word_1_32' title='bbox 1336 863 1649 928; x_wconf 77' lang='lat' dir='ltr'>facultate</span> <span class='ocrx_word' id='word_1_33' title='bbox 1713 862 1871 945; x_wconf 90' lang='lat' dir='ltr'>ipsis</span> <span class='ocrx_word' id='word_1_34' title='bbox 1932 884 2259 946; x_wconf 83' lang='lat' dir='ltr'>concessa,</span> <span class='ocrx_word' id='word_1_35' title='bbox 2326 864 2436 928; x_wconf 90' lang='lat' dir='ltr'>sed</span> <span class='ocrx_word' id='word_1_36' title='bbox 2504 884 2607 928; x_wconf 90' lang='lat' dir='ltr'>se-</span> 
     </span>
     <span class='ocr_line' id='line_1_6' title="bbox 285 956 2606 1043; baseline 0.001 -23"><span class='ocrx_word' id='word_1_37' title='bbox 285 956 570 1021; x_wconf 88' lang='lat' dir='ltr'>cundum</span> <span class='ocrx_word' id='word_1_38' title='bbox 629 957 966 1041; x_wconf 86' lang='lat' dir='ltr'>antiquam</span> <span class='ocrx_word' id='word_1_39' title='bbox 1027 959 1315 1043; x_wconf 85' lang='lat' dir='ltr'>regulam</span> <span class='ocrx_word' id='word_1_40' title='bbox 1378 959 1646 1040; x_wconf 86' lang='lat' dir='ltr'>Romae,</span> <span class='ocrx_word' id='word_1_41' title='bbox 1707 958 1816 1023; x_wconf 91' lang='lat' dir='ltr'>ubi</span> <span class='ocrx_word' id='word_1_42' title='bbox 1881 957 2188 1024; x_wconf 85' lang='lat' dir='ltr'>Pontifex</span> <span class='ocrx_word' id='word_1_43' title='bbox 2248 961 2606 1026; x_wconf 80' lang='lat' dir='ltr'>decesserat</span> 
     </span>
     <span class='ocr_line' id='line_1_7' title="bbox 283 1054 2606 1140; baseline 0.001 -23"><span class='ocrx_word' id='word_1_44' title='bbox 283 1054 528 1138; x_wconf 85' lang='lat' dir='ltr'>eligere</span> <span class='ocrx_word' id='word_1_45' title='bbox 595 1074 1044 1119; x_wconf 86' lang='lat' dir='ltr'>successorem.</span> <span class='ocrx_word' id='word_1_46' title='bbox 1176 1054 1528 1140; x_wconf 86' lang='lat' dir='ltr'>Postquam</span> <span class='ocrx_word' id='word_1_47' title='bbox 1608 1055 1812 1139; x_wconf 91' lang='lat' dir='ltr'>igitur</span> <span class='ocrx_word' id='word_1_48' title='bbox 1886 1077 1964 1119; x_wconf 90' lang='lat' dir='ltr'>ex</span> <span class='ocrx_word' id='word_1_49' title='bbox 2041 1077 2217 1122; x_wconf 91' lang='lat' dir='ltr'>more</span> <span class='ocrx_word' id='word_1_50' title='bbox 2293 1054 2606 1140; x_wconf 85' lang='lat' dir='ltr'>Gregorio</span> 
     </span>
     <span class='ocr_line' id='line_1_8' title="bbox 290 1148 2607 1237; baseline 0 -23"><span class='ocrx_word' id='word_1_51' title='bbox 290 1171 520 1214; x_wconf 87' lang='lat' dir='ltr'>novem</span> <span class='ocrx_word' id='word_1_52' title='bbox 570 1148 816 1213; x_wconf 89' lang='lat' dir='ltr'>dierum</span> <span class='ocrx_word' id='word_1_53' title='bbox 874 1150 1324 1232; x_wconf 75' lang='lat' dir='ltr'>persolverunt</span> <span class='ocrx_word' id='word_1_54' title='bbox 1384 1153 1687 1236; x_wconf 89' lang='lat' dir='ltr'>exequia,</span> <span class='ocrx_word' id='word_1_55' title='bbox 1749 1152 1852 1216; x_wconf 92' lang='lat' dir='ltr'>die</span> <span class='ocrx_word' id='word_1_56' title='bbox 1912 1150 1982 1215; x_wconf 88' lang='lat'>7⁰</span> <span class='ocrx_word' id='word_1_57' title='bbox 2035 1151 2279 1236; x_wconf 85' lang='lat' dir='ltr'>Aprilis</span> <span class='ocrx_word' id='word_1_58' title='bbox 2333 1153 2607 1237; x_wconf 89' lang='lat' dir='ltr'>ingressi</span> 
     </span>
     <span class='ocr_line' id='line_1_9' title="bbox 283 1244 2608 1333; baseline 0.001 -24"><span class='ocrx_word' id='word_1_59' title='bbox 283 1251 442 1312; x_wconf 86' lang='lat' dir='ltr'>sunt</span> <span class='ocrx_word' id='word_1_60' title='bbox 489 1244 807 1310; x_wconf 86' lang='lat' dir='ltr'>Conclave</span> <span class='ocrx_word' id='word_1_61' title='bbox 860 1246 929 1310; x_wconf 91' lang='lat' dir='ltr'>in</span> <span class='ocrx_word' id='word_1_62' title='bbox 985 1246 1226 1330; x_wconf 87' lang='lat' dir='ltr'>palatio</span> <span class='ocrx_word' id='word_1_63' title='bbox 1261 1246 1608 1331; x_wconf 84' lang='lat' dir='ltr'>Vaticano,</span> <span class='ocrx_word' id='word_1_64' title='bbox 1667 1253 1733 1313; x_wconf 93' lang='lat' dir='ltr'>et</span> <span class='ocrx_word' id='word_1_65' title='bbox 1782 1249 1921 1332; x_wconf 87' lang='lat' dir='ltr'>jam</span> <span class='ocrx_word' id='word_1_66' title='bbox 1977 1251 2273 1333; x_wconf 87' lang='lat' dir='ltr'>sequenti</span> <span class='ocrx_word' id='word_1_67' title='bbox 2298 1319 2301 1323; x_wconf 11' lang='grc' dir='ltr'><strong>Α</strong></span> <span class='ocrx_word' id='word_1_68' title='bbox 2328 1249 2431 1314; x_wconf 92' lang='lat' dir='ltr'>die</span> <span class='ocrx_word' id='word_1_69' title='bbox 2478 1249 2608 1313; x_wconf 92' lang='lat' dir='ltr'>ele-</span> 
     </span>
     <span class='ocr_line' id='line_1_10' title="bbox 285 1340 2608 1430; baseline 0.001 -23"><span class='ocrx_word' id='word_1_70' title='bbox 285 1347 529 1426; x_wconf 85' lang='lat' dir='ltr'>gerunt</span> <span class='ocrx_word' id='word_1_71' title='bbox 588 1341 657 1405; x_wconf 88' lang='lat' dir='ltr'>in</span> <span class='ocrx_word' id='word_1_72' title='bbox 731 1340 1107 1408; x_wconf 87' lang='lat' dir='ltr'>Pontificem</span> <span class='ocrx_word' id='word_1_73' title='bbox 1172 1343 1743 1424; x_wconf 61' lang='lat' dir='ltr'>Bartholomaeqm</span> <span class='ocrx_word' id='word_1_74' title='bbox 1805 1367 1854 1426; x_wconf 22' lang='lat' dir='ltr'>*a</span> <span class='ocrx_word' id='word_1_75' title='bbox 1919 1343 2250 1429; x_wconf 87' lang='lat' dir='ltr'>Prignano</span> <span class='ocrx_word' id='word_1_76' title='bbox 2321 1344 2608 1430; x_wconf 88' lang='lat' dir='ltr'>(Neapo-</span> 
     </span>
     <span class='ocr_line' id='line_1_11' title="bbox 289 1437 2606 1530; baseline 0.002 -27"><span class='ocrx_word' id='word_1_77' title='bbox 289 1438 618 1518; x_wconf 87' lang='lat' dir='ltr'>litanum),</span> <span class='ocrx_word' id='word_1_78' title='bbox 700 1437 1246 1523; x_wconf 84' lang='lat' dir='ltr'>archiepiscopum</span> <span class='ocrx_word' id='word_1_79' title='bbox 1316 1438 1666 1505; x_wconf 87' lang='lat' dir='ltr'>Barensem</span> <span class='ocrx_word' id='word_1_80' title='bbox 1687 1490 1701 1517; x_wconf 93' lang='lat'>,</span> <span class='ocrx_word' id='word_1_81' title='bbox 1771 1441 1885 1525; x_wconf 91' lang='lat' dir='ltr'>qui</span> <span class='ocrx_word' id='word_1_82' title='bbox 1968 1439 2270 1530; x_wconf 77' lang='lat' dir='ltr'>Urbanus</span> <span class='ocrx_word' id='word_1_83' title='bbox 2322 1440 2428 1505; x_wconf 87' lang='lat' dir='ltr'>VI.</span> <span class='ocrx_word' id='word_1_84' title='bbox 2493 1463 2606 1507; x_wconf 83' lang='lat' dir='ltr'>vo·</span> 
     </span>
     <span class='ocr_line' id='line_1_12' title="bbox 288 1527 2606 1622; baseline 0 -22"><span class='ocrx_word' id='word_1_85' title='bbox 288 1536 414 1601; x_wconf 90' lang='lat' dir='ltr'>luit</span> <span class='ocrx_word' id='word_1_86' title='bbox 454 1534 793 1619; x_wconf 89' lang='lat' dir='ltr'>appellari;</span> <span class='ocrx_word' id='word_1_87' title='bbox 853 1535 992 1617; x_wconf 90' lang='lat' dir='ltr'>ejus</span> <span class='ocrx_word' id='word_1_88' title='bbox 1047 1541 1266 1600; x_wconf 88' lang='lat' dir='ltr'>tamen</span> <span class='ocrx_word' id='word_1_89' title='bbox 1326 1537 1706 1602; x_wconf 85' lang='lat' dir='ltr'>electionem</span> <span class='ocrx_word' id='word_1_90' title='bbox 1765 1529 2029 1601; x_wconf 76' lang='lat' dir='ltr'>nonnisi</span> <span class='ocrx_word' id='word_1_91' title='bbox 2085 1527 2606 1622; x_wconf 63' lang='lat' dir='ltr'>die‘9ff‘Ap1-ilis</span> 
     </span>
     <span class='ocr_line' id='line_1_13' title="bbox 287 1629 2603 1717; baseline 0 -20"><span class='ocrx_word' id='word_1_92' title='bbox 287 1633 795 1717; x_wconf 86' lang='lat' dir='ltr'>publicaverunt.</span> <span class='ocrx_word' id='word_1_93' title='bbox 905 1629 1214 1710; x_wconf 88' lang='lat' dir='ltr'>Romani,</span> <span class='ocrx_word' id='word_1_94' title='bbox 1280 1634 1392 1717; x_wconf 89' lang='lat' dir='ltr'>qui</span> <span class='ocrx_word' id='word_1_95' title='bbox 1453 1634 1873 1710; x_wconf 83' lang='lat' dir='ltr'>verebantur,</span> <span class='ocrx_word' id='word_1_96' title='bbox 1948 1655 2029 1698; x_wconf 91' lang='lat' dir='ltr'>ne</span> <span class='ocrx_word' id='word_1_97' title='bbox 2088 1635 2141 1699; x_wconf 90' lang='lat' dir='ltr'>si</span> <span class='ocrx_word' id='word_1_98' title='bbox 2200 1634 2393 1700; x_wconf 90' lang='lat' dir='ltr'>homo</span> <span class='ocrx_word' id='word_1_99' title='bbox 2452 1633 2603 1699; x_wconf 84' lang='lat' dir='ltr'>Gal—</span> 
     </span>
     <span class='ocr_line' id='line_1_14' title="bbox 286 1728 2605 1814; baseline -0 -21"><span class='ocrx_word' id='word_1_100' title='bbox 286 1730 391 1794; x_wconf 88' lang='lat' dir='ltr'>lus</span> <span class='ocrx_word' id='word_1_101' title='bbox 450 1729 827 1814; x_wconf 84' lang='lat' dir='ltr'>eligeretur,</span> <span class='ocrx_word' id='word_1_102' title='bbox 892 1728 1130 1802; x_wconf 76' lang='lat' dir='ltr'>iterum</span> <span class='ocrx_word' id='word_1_103' title='bbox 1191 1731 1405 1795; x_wconf 90' lang='lat' dir='ltr'>sedem</span> <span class='ocrx_word' id='word_1_104' title='bbox 1466 1730 1534 1793; x_wconf 86' lang='lat' dir='ltr'>in</span> <span class='ocrx_word' id='word_1_105' title='bbox 1598 1728 1876 1794; x_wconf 83' lang='lat' dir='ltr'>Galliam</span> <span class='ocrx_word' id='word_1_106' title='bbox 1940 1729 2246 1807; x_wconf 85' lang='lat' dir='ltr'>deferret,</span> <span class='ocrx_word' id='word_1_107' title='bbox 2311 1730 2605 1795; x_wconf 87' lang='lat' dir='ltr'>clamori-</span> 
     </span>
     <span class='ocr_line' id='line_1_15' title="bbox 226 1823 2606 1911; baseline 0.002 -25"><span class='ocrx_word' id='word_1_108' title='bbox 226 1878 233 1886; x_wconf 90' lang='lat'>.</span> <span class='ocrx_word' id='word_1_109' title='bbox 289 1827 410 1892; x_wconf 87' lang='lat' dir='ltr'>bus</span> <span class='ocrx_word' id='word_1_110' title='bbox 469 1834 535 1891; x_wconf 93' lang='lat' dir='ltr'>et</span> <span class='ocrx_word' id='word_1_111' title='bbox 590 1826 781 1890; x_wconf 91' lang='lat' dir='ltr'>minis</span> <span class='ocrx_word' id='word_1_112' title='bbox 836 1845 873 1886; x_wconf 88' lang='lat' dir='ltr'>a</span> <span class='ocrx_word' id='word_1_113' title='bbox 935 1823 1384 1891; x_wconf 87' lang='lat' dir='ltr'>Cardinalibus</span> <span class='ocrx_word' id='word_1_114' title='bbox 1447 1825 1813 1891; x_wconf 87' lang='lat' dir='ltr'>Romanum</span> <span class='ocrx_word' id='word_1_115' title='bbox 1874 1824 2252 1891; x_wconf 87' lang='lat' dir='ltr'>Pontificem</span> <span class='ocrx_word' id='word_1_116' title='bbox 2309 1847 2606 1911; x_wconf 86' lang='lat' dir='ltr'>poposce-</span> 
     </span>
     <span class='ocr_line' id='line_1_16' title="bbox 284 1920 2607 2007; baseline -0.001 -18"><span class='ocrx_word' id='word_1_117' title='bbox 284 1933 467 2000; x_wconf 84' lang='lat' dir='ltr'>rant,</span> <span class='ocrx_word' id='word_1_118' title='bbox 517 1923 618 1987; x_wconf 87' lang='lat' dir='ltr'>vel</span> <span class='ocrx_word' id='word_1_119' title='bbox 660 1922 892 1986; x_wconf 88' lang='lat' dir='ltr'>saltem</span> <span class='ocrx_word' id='word_1_120' title='bbox 937 1920 1208 2007; x_wconf 82' lang='lat' dir='ltr'>Italum3</span> <span class='ocrx_word' id='word_1_121' title='bbox 1265 1922 1634 1988; x_wconf 88' lang='lat' dir='ltr'>Cardinales</span> <span class='ocrx_word' id='word_1_122' title='bbox 1680 1921 1899 2000; x_wconf 87' lang='lat' dir='ltr'>veriti,</span> <span class='ocrx_word' id='word_1_123' title='bbox 1957 1944 2039 1987; x_wconf 88' lang='lat' dir='ltr'>ne</span> <span class='ocrx_word' id='word_1_124' title='bbox 2081 1924 2178 1987; x_wconf 83' lang='lat' dir='ltr'>vis</span> <span class='ocrx_word' id='word_1_125' title='bbox 2221 1923 2405 1987; x_wconf 84' lang='lat' dir='ltr'>illata</span> <span class='ocrx_word' id='word_1_126' title='bbox 2453 1923 2607 2006; x_wconf 89' lang='lat' dir='ltr'>ipsis</span> 
     </span>
    </p>
   </div>
   <div class='ocr_carea' id='block_1_3' title="bbox 287 2016 2660 2104">
    <p class='ocr_par' dir='ltr' id='par_1_3' title="bbox 287 2016 2660 2104">
     <span class='ocr_line' id='line_1_17' title="bbox 287 2016 2660 2104; baseline 0.001 -22"><span class='ocrx_word' id='word_1_127' title='bbox 287 2022 633 2097; x_wconf 81' lang='lat' dir='ltr'>videretur,</span> <span class='ocrx_word' id='word_1_128' title='bbox 680 2039 815 2082; x_wconf 89' lang='lat' dir='ltr'>non</span> <span class='ocrx_word' id='word_1_129' title='bbox 863 2016 1248 2099; x_wconf 87' lang='lat' dir='ltr'>Romanum,</span> <span class='ocrx_word' id='word_1_130' title='bbox 1296 2019 1532 2084; x_wconf 87' lang='lat' dir='ltr'>Italum</span> <span class='ocrx_word' id='word_1_131' title='bbox 1580 2029 1805 2084; x_wconf 90' lang='lat' dir='ltr'>tamen</span> <span class='ocrx_word' id='word_1_132' title='bbox 1849 2018 2022 2084; x_wconf 89' lang='lat' dir='ltr'>hunc</span> <span class='ocrx_word' id='word_1_133' title='bbox 2069 2020 2420 2104; x_wconf 86' lang='lat' dir='ltr'>elegerunt.</span> <span class='ocrx_word' id='word_1_134' title='bbox 2507 2017 2606 2084; x_wconf 89' lang='lat' dir='ltr'>Ac</span> <span class='ocrx_word' id='word_1_135' title='bbox 2659 2079 2660 2084; x_wconf 73' lang='grc'>,</span> 
     </span>
    </p>
   </div>
   <div class='ocr_carea' id='block_1_4' title="bbox 286 2114 2605 2280">
    <p class='ocr_par' dir='ltr' id='par_1_4' title="bbox 286 2114 2605 2280">
     <span class='ocr_line' id='line_1_18' title="bbox 286 2114 2605 2201; baseline -0 -19"><span class='ocrx_word' id='word_1_136' title='bbox 286 2117 455 2183; x_wconf 87' lang='lat' dir='ltr'>festo</span> <span class='ocrx_word' id='word_1_137' title='bbox 511 2114 843 2181; x_wconf 84' lang='lat' dir='ltr'>Paschatis</span> <span class='ocrx_word' id='word_1_138' title='bbox 907 2115 1008 2179; x_wconf 91' lang='lat' dir='ltr'>die</span> <span class='ocrx_word' id='word_1_139' title='bbox 1079 2114 1190 2180; x_wconf 87' lang='lat'>18⁰</span> <span class='ocrx_word' id='word_1_140' title='bbox 1244 2117 1483 2201; x_wconf 90' lang='lat' dir='ltr'>Aprilis</span> <span class='ocrx_word' id='word_1_141' title='bbox 1541 2116 1919 2182; x_wconf 87' lang='lat' dir='ltr'>Pontificem</span> <span class='ocrx_word' id='word_1_142' title='bbox 1987 2116 2261 2181; x_wconf 87' lang='lat' dir='ltr'>solemni</span> <span class='ocrx_word' id='word_1_143' title='bbox 2321 2118 2451 2181; x_wconf 88' lang='lat' dir='ltr'>ritu</span> <span class='ocrx_word' id='word_1_144' title='bbox 2508 2118 2605 2181; x_wconf 89' lang='lat' dir='ltr'>in-</span> 
     </span>
     <span class='ocr_line' id='line_1_19' title="bbox 286 2214 763 2280; baseline -0.002 -2"><span class='ocrx_word' id='word_1_145' title='bbox 286 2214 763 2280; x_wconf 85' lang='lat' dir='ltr'>thronizarunt.</span> 
     </span>
    </p>
   </div>
   <div class='ocr_carea' id='block_1_5' title="bbox 283 2361 2607 3133">
    <p class='ocr_par' dir='ltr' id='par_1_5' title="bbox 283 2361 2607 3133">
     <span class='ocr_line' id='line_1_20' title="bbox 468 2361 2605 2431; baseline -0.001 -2"><span class='ocrx_word' id='word_1_146' title='bbox 468 2368 527 2430; x_wconf 86' lang='lat'>5.</span> <span class='ocrx_word' id='word_1_147' title='bbox 607 2366 705 2431; x_wconf 92' lang='lat' dir='ltr'>De</span> <span class='ocrx_word' id='word_1_148' title='bbox 778 2365 1045 2430; x_wconf 86' lang='lat' dir='ltr'>Urbano</span> <span class='ocrx_word' id='word_1_149' title='bbox 1113 2365 1288 2430; x_wconf 91' lang='lat' dir='ltr'>inter</span> <span class='ocrx_word' id='word_1_150' title='bbox 1356 2362 1483 2427; x_wconf 88' lang='lat' dir='ltr'>alia</span> <span class='ocrx_word' id='word_1_151' title='bbox 1550 2362 1710 2427; x_wconf 86' lang='lat' dir='ltr'>haec</span> <span class='ocrx_word' id='word_1_152' title='bbox 1773 2361 1971 2427; x_wconf 91' lang='lat' dir='ltr'>habet</span> <span class='ocrx_word' id='word_1_153' title='bbox 2027 2361 2459 2428; x_wconf 87' lang='lat' dir='ltr'>Theodoricus</span> <span class='ocrx_word' id='word_1_154' title='bbox 2527 2363 2605 2427; x_wconf 90' lang='lat' dir='ltr'>de</span> 
     </span>
     <span class='ocr_line' id='line_1_21' title="bbox 288 2458 2605 2548; baseline -0.001 -21"><span class='ocrx_word' id='word_1_155' title='bbox 288 2460 509 2528; x_wconf 85' lang='lat' dir='ltr'>Niem:</span> <span class='ocrx_word' id='word_1_156' title='bbox 571 2462 762 2545; x_wconf 81' lang='lat' dir='ltr'>„Fuit</span> <span class='ocrx_word' id='word_1_157' title='bbox 808 2461 1104 2548; x_wconf 89' lang='lat' dir='ltr'>egregius</span> <span class='ocrx_word' id='word_1_158' title='bbox 1149 2459 1547 2525; x_wconf 89' lang='lat' dir='ltr'>decretorum</span> <span class='ocrx_word' id='word_1_159' title='bbox 1596 2458 1849 2535; x_wconf 84' lang='lat' dir='ltr'>doctor,</span> <span class='ocrx_word' id='word_1_160' title='bbox 1906 2479 2161 2524; x_wconf 88' lang='lat' dir='ltr'>necnon</span> <span class='ocrx_word' id='word_1_161' title='bbox 2209 2463 2363 2525; x_wconf 88' lang='lat' dir='ltr'>ante</span> <span class='ocrx_word' id='word_1_162' title='bbox 2409 2481 2605 2545; x_wconf 87' lang='lat' dir='ltr'>papa·</span> 
     </span>
     <span class='ocr_line' id='line_1_22' title="bbox 284 2554 2607 2627; baseline -0.002 -3"><span class='ocrx_word' id='word_1_163' title='bbox 284 2565 429 2625; x_wconf 81' lang='lat' dir='ltr'>tum</span> <span class='ocrx_word' id='word_1_164' title='bbox 491 2561 683 2627; x_wconf 89' lang='lat' dir='ltr'>homo</span> <span class='ocrx_word' id='word_1_165' title='bbox 743 2559 1004 2624; x_wconf 86' lang='lat' dir='ltr'>humilis</span> <span class='ocrx_word' id='word_1_166' title='bbox 1064 2562 1129 2623; x_wconf 92' lang='lat' dir='ltr'>et</span> <span class='ocrx_word' id='word_1_167' title='bbox 1184 2556 1449 2623; x_wconf 88' lang='lat' dir='ltr'>devotus</span> <span class='ocrx_word' id='word_1_168' title='bbox 1507 2562 1574 2621; x_wconf 92' lang='lat' dir='ltr'>et</span> <span class='ocrx_word' id='word_1_169' title='bbox 1630 2554 1968 2621; x_wconf 88' lang='lat' dir='ltr'>retrahens</span> <span class='ocrx_word' id='word_1_170' title='bbox 2027 2577 2257 2620; x_wconf 87' lang='lat' dir='ltr'>manus</span> <span class='ocrx_word' id='word_1_171' title='bbox 2318 2579 2464 2622; x_wconf 87' lang='lat' dir='ltr'>suas</span> <span class='ocrx_word' id='word_1_172' title='bbox 2525 2558 2607 2623; x_wconf 90' lang='lat' dir='ltr'>ab</span> 
     </span>
     <span class='ocr_line' id='line_1_23' title="bbox 283 2654 2607 2737; baseline -0.002 -15"><span class='ocrx_word' id='word_1_173' title='bbox 283 2658 467 2722; x_wconf 89' lang='lat' dir='ltr'>omni</span> <span class='ocrx_word' id='word_1_174' title='bbox 531 2678 822 2730; x_wconf 90' lang='lat' dir='ltr'>munere,</span> <span class='ocrx_word' id='word_1_175' title='bbox 897 2657 1200 2720; x_wconf 87' lang='lat' dir='ltr'>inimicus</span> <span class='ocrx_word' id='word_1_176' title='bbox 1269 2660 1336 2719; x_wconf 90' lang='lat' dir='ltr'>et</span> <span class='ocrx_word' id='word_1_177' title='bbox 1401 2658 1770 2737; x_wconf 87' lang='lat' dir='ltr'>persecutor</span> <span class='ocrx_word' id='word_1_178' title='bbox 1836 2654 2285 2726; x_wconf 86' lang='lat' dir='ltr'>simoniarum,</span> <span class='ocrx_word' id='word_1_179' title='bbox 2367 2655 2607 2718; x_wconf 86' lang='lat' dir='ltr'>zelator</span> 
     </span>
     <span class='ocr_line' id='line_1_24' title="bbox 283 2748 2606 2838; baseline -0.002 -21"><span class='ocrx_word' id='word_1_180' title='bbox 283 2753 606 2818; x_wconf 87' lang='lat' dir='ltr'>castitatis</span> <span class='ocrx_word' id='word_1_181' title='bbox 666 2759 731 2818; x_wconf 90' lang='lat' dir='ltr'>et</span> <span class='ocrx_word' id='word_1_182' title='bbox 779 2753 1106 2838; x_wconf 89' lang='lat' dir='ltr'>justitiae,</span> <span class='ocrx_word' id='word_1_183' title='bbox 1174 2749 1287 2815; x_wconf 89' lang='lat' dir='ltr'>sed</span> <span class='ocrx_word' id='word_1_184' title='bbox 1340 2750 1535 2816; x_wconf 89' lang='lat' dir='ltr'>nimis</span> <span class='ocrx_word' id='word_1_185' title='bbox 1601 2771 1757 2814; x_wconf 89' lang='lat' dir='ltr'>suae</span> <span class='ocrx_word' id='word_1_186' title='bbox 1823 2748 2206 2833; x_wconf 87' lang='lat' dir='ltr'>prudentiae</span> <span class='ocrx_word' id='word_1_187' title='bbox 2264 2748 2606 2817; x_wconf 88' lang='lat' dir='ltr'>innitendo</span> 
     </span>
     <span class='ocr_line' id='line_1_25' title="bbox 291 2845 2605 2930; baseline -0.002 -16"><span class='ocrx_word' id='word_1_188' title='bbox 291 2854 358 2915; x_wconf 88' lang='lat' dir='ltr'>et</span> <span class='ocrx_word' id='word_1_189' title='bbox 424 2851 687 2915; x_wconf 89' lang='lat' dir='ltr'>credens</span> <span class='ocrx_word' id='word_1_190' title='bbox 754 2849 1196 2915; x_wconf 88' lang='lat' dir='ltr'>adulatoribus</span> <span class='ocrx_word' id='word_1_191' title='bbox 1258 2847 1541 2913; x_wconf 87' lang='lat' dir='ltr'>libenter</span> <span class='ocrx_word' id='word_1_192' title='bbox 1603 2869 1789 2912; x_wconf 90' lang='lat' dir='ltr'>aures</span> <span class='ocrx_word' id='word_1_193' title='bbox 1853 2846 2159 2930; x_wconf 88' lang='lat' dir='ltr'>praebuit</span> <span class='ocrx_word' id='word_1_194' title='bbox 2218 2845 2402 2928; x_wconf 89' lang='lat' dir='ltr'>ipsis,</span> <span class='ocrx_word' id='word_1_195' title='bbox 2476 2845 2605 2910; x_wconf 88' lang='lat' dir='ltr'>fre-</span> 
     </span>
     <span class='ocr_line' id='line_1_26' title="bbox 286 2941 2606 3031; baseline -0.002 -21"><span class='ocrx_word' id='word_1_196' title='bbox 286 2952 568 3031; x_wconf 88' lang='lat' dir='ltr'>quenter</span> <span class='ocrx_word' id='word_1_197' title='bbox 617 2951 683 3011; x_wconf 88' lang='lat' dir='ltr'>et</span> <span class='ocrx_word' id='word_1_198' title='bbox 738 2945 1007 3010; x_wconf 86' lang='lat' dir='ltr'>sollicite</span> <span class='ocrx_word' id='word_1_199' title='bbox 1054 2945 1124 3009; x_wconf 91' lang='lat' dir='ltr'>in</span> <span class='ocrx_word' id='word_1_200' title='bbox 1172 2943 1390 3009; x_wconf 89' lang='lat' dir='ltr'>eodem</span> <span class='ocrx_word' id='word_1_201' title='bbox 1438 2944 1598 3010; x_wconf 87' lang='lat' dir='ltr'>Jure</span> <span class='ocrx_word' id='word_1_202' title='bbox 1656 2950 1722 3009; x_wconf 90' lang='lat' dir='ltr'>et</span> <span class='ocrx_word' id='word_1_203' title='bbox 1768 2943 1839 3008; x_wconf 85' lang='lat' dir='ltr'>in</span> <span class='ocrx_word' id='word_1_204' title='bbox 1895 2964 2078 3008; x_wconf 90' lang='lat' dir='ltr'>sacra</span> <span class='ocrx_word' id='word_1_205' title='bbox 2124 2941 2362 3027; x_wconf 87' lang='lat' dir='ltr'>pagina</span> <span class='ocrx_word' id='word_1_206' title='bbox 2408 2942 2606 3006; x_wconf 86' lang='lat' dir='ltr'>etiam</span> 
     </span>
     <span class='ocr_line' id='line_1_27' title="bbox 284 3038 2602 3133; baseline -0.002 -26"><span class='ocrx_word' id='word_1_207' title='bbox 284 3042 577 3107; x_wconf 85' lang='lat' dir='ltr'>studens.</span> <span class='ocrx_word' id='word_1_208' title='bbox 687 3043 1031 3133; x_wconf 80' lang='lat' dir='ltr'>Ingenium</span> <span class='ocrx_word' id='word_1_209' title='bbox 1097 3090 1111 3104; x_wconf 94' lang='lat'>.</span> <span class='ocrx_word' id='word_1_210' title='bbox 1184 3091 1200 3107; x_wconf 92' lang='lat'>.</span> <span class='ocrx_word' id='word_1_211' title='bbox 1264 3091 1280 3107; x_wconf 88' lang='lat'>.</span> <span class='ocrx_word' id='word_1_212' title='bbox 1344 3041 1632 3106; x_wconf 73' lang='lat' dir='ltr'>socordia</span> <span class='ocrx_word' id='word_1_213' title='bbox 1700 3045 2060 3123; x_wconf 88' lang='lat' dir='ltr'>torpescere</span> <span class='ocrx_word' id='word_1_214' title='bbox 2127 3061 2261 3105; x_wconf 90' lang='lat' dir='ltr'>non</span> <span class='ocrx_word' id='word_1_215' title='bbox 2328 3038 2602 3115; x_wconf 87' lang='lat' dir='ltr'>sinebat,</span> 
     </span>
    </p>
   </div>
   <div class='ocr_carea' id='block_1_6' title="bbox 288 3135 2609 3221">
    <p class='ocr_par' dir='ltr' id='par_1_6' title="bbox 288 3135 2609 3221">
     <span class='ocr_line' id='line_1_28' title="bbox 288 3135 2609 3221; baseline -0.001 -20"><span class='ocrx_word' id='word_1_216' title='bbox 288 3140 457 3204; x_wconf 83' lang='lat' dir='ltr'>viros</span> <span class='ocrx_word' id='word_1_217' title='bbox 502 3140 821 3204; x_wconf 83' lang='lat' dir='ltr'>litteratos</span> <span class='ocrx_word' id='word_1_218' title='bbox 860 3145 925 3202; x_wconf 90' lang='lat' dir='ltr'>et</span> <span class='ocrx_word' id='word_1_219' title='bbox 975 3139 1177 3202; x_wconf 88' lang='lat' dir='ltr'>bonos</span> <span class='ocrx_word' id='word_1_220' title='bbox 1225 3138 1471 3203; x_wconf 86' lang='lat' dir='ltr'>sincere</span> <span class='ocrx_word' id='word_1_221' title='bbox 1517 3138 1771 3214; x_wconf 87' lang='lat' dir='ltr'>dilexit,</span> <span class='ocrx_word' id='word_1_222' title='bbox 1832 3142 1899 3202; x_wconf 86' lang='lat' dir='ltr'>et</span> <span class='ocrx_word' id='word_1_223' title='bbox 1943 3159 2057 3221; x_wconf 90' lang='lat' dir='ltr'>pro</span> <span class='ocrx_word' id='word_1_224' title='bbox 2113 3157 2296 3221; x_wconf 90' lang='lat' dir='ltr'>posse</span> <span class='ocrx_word' id='word_1_225' title='bbox 2342 3135 2609 3221; x_wconf 85' lang='lat' dir='ltr'>adjuvit,</span> 
     </span>
    </p>
   </div>
   <div class='ocr_carea' id='block_1_7' title="bbox 285 3233 2606 3996">
    <p class='ocr_par' dir='ltr' id='par_1_7' title="bbox 285 3233 2606 3996">
     <span class='ocr_line' id='line_1_29' title="bbox 290 3233 2604 3319; baseline -0.002 -19"><span class='ocrx_word' id='word_1_226' title='bbox 290 3257 424 3301; x_wconf 88' lang='lat' dir='ltr'>non</span> <span class='ocrx_word' id='word_1_227' title='bbox 480 3234 836 3319; x_wconf 88' lang='lat' dir='ltr'>impediens</span> <span class='ocrx_word' id='word_1_228' title='bbox 894 3256 963 3299; x_wconf 90' lang='lat' dir='ltr'>se</span> <span class='ocrx_word' id='word_1_229' title='bbox 1031 3235 1109 3299; x_wconf 90' lang='lat' dir='ltr'>de</span> <span class='ocrx_word' id='word_1_230' title='bbox 1172 3235 1450 3319; x_wconf 85' lang='lat' dir='ltr'>negotiis</span> <span class='ocrx_word' id='word_1_231' title='bbox 1519 3235 1768 3299; x_wconf 87' lang='lat' dir='ltr'>alienis.</span> <span class='ocrx_word' id='word_1_232' title='bbox 1814 3300 1819 3306; x_wconf 66' lang='grc'><strong>,</strong></span> <span class='ocrx_word' id='word_1_233' title='bbox 1886 3233 1973 3298; x_wconf 83' lang='lat' dir='ltr'>Et</span> <span class='ocrx_word' id='word_1_234' title='bbox 2041 3233 2313 3318; x_wconf 90' lang='lat' dir='ltr'>singulis</span> <span class='ocrx_word' id='word_1_235' title='bbox 2380 3233 2604 3297; x_wconf 88' lang='lat' dir='ltr'>diebus</span> 
     </span>
     <span class='ocr_line' id='line_1_30' title="bbox 289 3330 2606 3417; baseline -0.001 -21"><span class='ocrx_word' id='word_1_236' title='bbox 289 3331 440 3396; x_wconf 88' lang='lat' dir='ltr'>dum</span> <span class='ocrx_word' id='word_1_237' title='bbox 487 3332 766 3416; x_wconf 89' lang='lat' dir='ltr'>corporis</span> <span class='ocrx_word' id='word_1_238' title='bbox 806 3333 1121 3416; x_wconf 89' lang='lat' dir='ltr'>sospitate</span> <span class='ocrx_word' id='word_1_239' title='bbox 1174 3331 1500 3417; x_wconf 88' lang='lat' dir='ltr'>gaudebat</span> <span class='ocrx_word' id='word_1_240' title='bbox 1541 3332 1798 3396; x_wconf 87' lang='lat' dir='ltr'>missam</span> <span class='ocrx_word' id='word_1_241' title='bbox 1844 3331 2024 3415; x_wconf 88' lang='lat' dir='ltr'>legit,</span> <span class='ocrx_word' id='word_1_242' title='bbox 2072 3336 2137 3395; x_wconf 91' lang='lat' dir='ltr'>et</span> <span class='ocrx_word' id='word_1_243' title='bbox 2179 3332 2374 3394; x_wconf 87' lang='lat' dir='ltr'>etiam</span> <span class='ocrx_word' id='word_1_244' title='bbox 2422 3330 2606 3414; x_wconf 87' lang='lat' dir='ltr'>plura</span> 
     </span>
     <span class='ocr_line' id='line_1_31' title="bbox 287 3427 2605 3512; baseline -0.002 -17"><span class='ocrx_word' id='word_1_245' title='bbox 287 3428 500 3495; x_wconf 87' lang='lat' dir='ltr'>officia</span> <span class='ocrx_word' id='word_1_246' title='bbox 529 3430 600 3494; x_wconf 91' lang='lat' dir='ltr'>in</span> <span class='ocrx_word' id='word_1_247' title='bbox 629 3429 818 3494; x_wconf 88' lang='lat' dir='ltr'>Curia</span> <span class='ocrx_word' id='word_1_248' title='bbox 846 3430 1154 3504; x_wconf 85' lang='lat' dir='ltr'>exercuit,</span> <span class='ocrx_word' id='word_1_249' title='bbox 1188 3479 1204 3495; x_wconf 94' lang='lat'>.</span> <span class='ocrx_word' id='word_1_250' title='bbox 1235 3475 1252 3493; x_wconf 91' lang='lat'>.</span> <span class='ocrx_word' id='word_1_251' title='bbox 1282 3478 1298 3494; x_wconf 90' lang='lat'>.</span> <span class='ocrx_word' id='word_1_252' title='bbox 1331 3433 1681 3512; x_wconf 88' lang='lat' dir='ltr'>antequam</span> <span class='ocrx_word' id='word_1_253' title='bbox 1713 3428 1793 3492; x_wconf 89' lang='lat' dir='ltr'>ad</span> <span class='ocrx_word' id='word_1_254' title='bbox 1824 3427 2105 3492; x_wconf 89' lang='lat' dir='ltr'>officium</span> <span class='ocrx_word' id='word_1_255' title='bbox 2139 3427 2347 3492; x_wconf 91' lang='lat' dir='ltr'>locum</span> <span class='ocrx_word' id='word_1_256' title='bbox 2380 3434 2605 3490; x_wconf 88' lang='lat' dir='ltr'>tenen·</span> 
     </span>
     <span class='ocr_line' id='line_1_32' title="bbox 289 3522 2605 3607; baseline -0.001 -19"><span class='ocrx_word' id='word_1_257' title='bbox 289 3526 375 3590; x_wconf 87' lang='lat' dir='ltr'>tis</span> <span class='ocrx_word' id='word_1_258' title='bbox 401 3525 836 3590; x_wconf 76' lang='lat' dir='ltr'>cancellariae</span> <span class='ocrx_word' id='word_1_259' title='bbox 862 3527 931 3589; x_wconf 90' lang='lat' dir='ltr'>in</span> <span class='ocrx_word' id='word_1_260' title='bbox 963 3524 1135 3590; x_wconf 89' lang='lat' dir='ltr'>Urbe</span> <span class='ocrx_word' id='word_1_261' title='bbox 1166 3527 1336 3591; x_wconf 87' lang='lat' dir='ltr'>foret</span> <span class='ocrx_word' id='word_1_262' title='bbox 1365 3528 1751 3607; x_wconf 79' lang='lat' dir='ltr'>assumptus,</span> <span class='ocrx_word' id='word_1_263' title='bbox 1799 3522 1961 3588; x_wconf 89' lang='lat' dir='ltr'>Erat</span> <span class='ocrx_word' id='word_1_264' title='bbox 1983 3523 2195 3587; x_wconf 85' lang='lat' dir='ltr'>brevis</span> <span class='ocrx_word' id='word_1_265' title='bbox 2219 3528 2507 3588; x_wconf 85' lang='lat' dir='ltr'>staturae</span> <span class='ocrx_word' id='word_1_266' title='bbox 2539 3528 2605 3586; x_wconf 91' lang='lat' dir='ltr'>et</span> 
     </span>
     <span class='ocr_line' id='line_1_33' title="bbox 288 3618 2602 3705; baseline -0.002 -20"><span class='ocrx_word' id='word_1_267' title='bbox 288 3622 549 3705; x_wconf 77' lang='lat' dir='ltr'>spissuS,</span> <span class='ocrx_word' id='word_1_268' title='bbox 578 3623 805 3688; x_wconf 88' lang='lat' dir='ltr'>coloris</span> <span class='ocrx_word' id='word_1_269' title='bbox 839 3622 1014 3686; x_wconf 83' lang='lat' dir='ltr'>lividi</span> <span class='ocrx_word' id='word_1_270' title='bbox 1042 3622 1175 3686; x_wconf 86' lang='lat' dir='ltr'>sive</span> <span class='ocrx_word' id='word_1_271' title='bbox 1206 3621 1388 3696; x_wconf 89' lang='lat' dir='ltr'>fusci,</span> <span class='ocrx_word' id='word_1_272' title='bbox 1419 3627 1486 3685; x_wconf 92' lang='lat' dir='ltr'>et</span> <span class='ocrx_word' id='word_1_273' title='bbox 1507 3620 1967 3704; x_wconf 86' lang='lat' dir='ltr'>sexagenarius</span> <span class='ocrx_word' id='word_1_274' title='bbox 2000 3619 2100 3684; x_wconf 86' lang='lat' dir='ltr'>vel</span> <span class='ocrx_word' id='word_1_275' title='bbox 2125 3621 2291 3684; x_wconf 87' lang='lat' dir='ltr'>circa</span> <span class='ocrx_word' id='word_1_276' title='bbox 2313 3618 2463 3683; x_wconf 89' lang='lat' dir='ltr'>dum</span> <span class='ocrx_word' id='word_1_277' title='bbox 2491 3618 2602 3682; x_wconf 88' lang='lat' dir='ltr'>eli·</span> 
     </span>
     <span class='ocr_line' id='line_1_34' title="bbox 285 3714 2605 3802; baseline -0.001 -21"><span class='ocrx_word' id='word_1_278' title='bbox 285 3718 566 3801; x_wconf 88' lang='lat' dir='ltr'>gebatur</span> <span class='ocrx_word' id='word_1_279' title='bbox 598 3720 666 3783; x_wconf 88' lang='lat' dir='ltr'>in</span> <span class='ocrx_word' id='word_1_280' title='bbox 698 3717 958 3802; x_wconf 88' lang='lat' dir='ltr'>Papam.</span> <span class='ocrx_word' id='word_1_281' title='bbox 1034 3717 1388 3802; x_wconf 88' lang='lat' dir='ltr'>Nunquam</span> <span class='ocrx_word' id='word_1_282' title='bbox 1431 3716 1560 3780; x_wconf 87' lang='lat' dir='ltr'>fuit</span> <span class='ocrx_word' id='word_1_283' title='bbox 1603 3717 1753 3781; x_wconf 85' lang='lat' dir='ltr'>talis</span> <span class='ocrx_word' id='word_1_284' title='bbox 1799 3721 1915 3781; x_wconf 89' lang='lat' dir='ltr'>aut</span> <span class='ocrx_word' id='word_1_285' title='bbox 1960 3720 2203 3792; x_wconf 89' lang='lat' dir='ltr'>tantus,</span> <span class='ocrx_word' id='word_1_286' title='bbox 2252 3714 2424 3800; x_wconf 92' lang='lat' dir='ltr'>quod</span> <span class='ocrx_word' id='word_1_287' title='bbox 2468 3714 2605 3799; x_wconf 88' lang='lat' dir='ltr'>ipse</span> 
     </span>
     <span class='ocr_line' id='line_1_35' title="bbox 290 3812 2602 3898; baseline -0.001 -19"><span class='ocrx_word' id='word_1_288' title='bbox 290 3836 406 3897; x_wconf 89' lang='lat' dir='ltr'>per</span> <span class='ocrx_word' id='word_1_289' title='bbox 448 3836 514 3878; x_wconf 88' lang='lat' dir='ltr'>se</span> <span class='ocrx_word' id='word_1_290' title='bbox 562 3815 664 3880; x_wconf 87' lang='lat' dir='ltr'>vel</span> <span class='ocrx_word' id='word_1_291' title='bbox 719 3837 831 3898; x_wconf 93' lang='lat' dir='ltr'>per</span> <span class='ocrx_word' id='word_1_292' title='bbox 874 3815 1067 3879; x_wconf 89' lang='lat' dir='ltr'>alium</span> <span class='ocrx_word' id='word_1_293' title='bbox 1129 3836 1243 3898; x_wconf 90' lang='lat' dir='ltr'>pro</span> <span class='ocrx_word' id='word_1_294' title='bbox 1296 3814 1513 3898; x_wconf 87' lang='lat' dir='ltr'>aliqua</span> <span class='ocrx_word' id='word_1_295' title='bbox 1568 3813 2021 3897; x_wconf 83' lang='lat' dir='ltr'>consequenda</span> <span class='ocrx_word' id='word_1_296' title='bbox 2077 3813 2395 3897; x_wconf 86' lang='lat' dir='ltr'>dignitate</span> <span class='ocrx_word' id='word_1_297' title='bbox 2447 3812 2602 3877; x_wconf 88' lang='lat' dir='ltr'>item</span> 
     </span>
     <span class='ocr_line' id='line_1_36' title="bbox 287 3909 2604 3996; baseline -0.001 -22"><span class='ocrx_word' id='word_1_298' title='bbox 287 3932 758 3996; x_wconf 86' lang='lat' dir='ltr'>quamcumque</span> <span class='ocrx_word' id='word_1_299' title='bbox 821 3912 1096 3979; x_wconf 87' lang='lat' dir='ltr'>notabili</span> <span class='ocrx_word' id='word_1_300' title='bbox 1157 3911 1536 3995; x_wconf 90' lang='lat' dir='ltr'>praesertim</span> <span class='ocrx_word' id='word_1_301' title='bbox 1597 3917 1839 3993; x_wconf 89' lang='lat' dir='ltr'>papatu</span> <span class='ocrx_word' id='word_1_302' title='bbox 1886 3909 2263 3974; x_wconf 88' lang='lat' dir='ltr'>seditionem</span> <span class='ocrx_word' id='word_1_303' title='bbox 2320 3931 2434 3974; x_wconf 87' lang='lat' dir='ltr'>seu</span> <span class='ocrx_word' id='word_1_304' title='bbox 2479 3910 2604 3973; x_wconf 91' lang='lat' dir='ltr'>im-</span> 
     </span>
    </p>
   </div>
   <div class='ocr_carea' id='block_1_8' title="bbox 288 4078 714 4088">
    <p class='ocr_par' dir='ltr' id='par_1_8' title="bbox 288 4078 714 4088">
     <span class='ocr_line' id='line_1_37' title="bbox 288 4078 714 4088; baseline 0 926"><span class='ocrx_word' id='word_1_305' title='bbox 288 4078 714 4088; x_wconf 95' lang='lat' dir='ltr'> </span> 
     </span>
    </p>
   </div>
   <div class='ocr_carea' id='block_1_9' title="bbox 396 4161 2393 4307">
    <p class='ocr_par' dir='ltr' id='par_1_9' title="bbox 396 4161 2393 4307">
     <span class='ocr_line' id='line_1_38' title="bbox 473 4161 1280 4230; baseline 0.002 -16"><span class='ocrx_word' id='word_1_306' title='bbox 473 4161 514 4228; x_wconf 81' lang='grc' dir='ltr'>ι)</span> <span class='ocrx_word' id='word_1_307' title='bbox 552 4161 821 4230; x_wconf 85' lang='lat' dir='ltr'>Raynald.</span> <span class='ocrx_word' id='word_1_308' title='bbox 858 4179 907 4218; x_wconf 88' lang='lat' dir='ltr'>a.</span> <span class='ocrx_word' id='word_1_309' title='bbox 947 4165 1098 4217; x_wconf 88' lang='lat'>1378.</span> <span class='ocrx_word' id='word_1_310' title='bbox 1137 4180 1190 4217; x_wconf 90' lang='lat' dir='ltr'>n.</span> <span class='ocrx_word' id='word_1_311' title='bbox 1230 4166 1280 4216; x_wconf 80' lang='lat'>2.</span> 
     </span>
     <span class='ocr_line' id='line_1_39' title="bbox 396 4248 2393 4307; baseline 0.001 -9"><span class='ocrx_word' id='word_1_312' title='bbox 396 4256 658 4307; x_wconf 74' lang='lat' dir='ltr'>Jungmann,</span> <span class='ocrx_word' id='word_1_313' title='bbox 692 4260 1047 4301; x_wconf 84' lang='lat' dir='ltr'>Dissertationes.</span> <span class='ocrx_word' id='word_1_314' title='bbox 1076 4259 1197 4300; x_wconf 86' lang='lat' dir='ltr'>Tom.</span> <span class='ocrx_word' id='word_1_315' title='bbox 1228 4258 1308 4300; x_wconf 86' lang='lat' dir='ltr'>VI.</span> <span class='ocrx_word' id='word_1_316' title='bbox 2328 4248 2393 4300; x_wconf 83' lang='lat'>16</span> 
     </span>
    </p>
   </div>
   <div class='ocr_carea' id='block_1_10' title="bbox 2645 2366 2914 2471">
    <p class='ocr_par' dir='ltr' id='par_1_10' title="bbox 2645 2366 2914 2471">
     <span class='ocr_line' id='line_1_40' title="bbox 2645 2366 2914 2409; baseline 0 0"><span class='ocrx_word' id='word_1_317' title='bbox 2645 2366 2811 2409; x_wconf 87' lang='lat' dir='ltr'>Urbani</span> <span class='ocrx_word' id='word_1_318' title='bbox 2831 2367 2914 2409; x_wconf 86' lang='lat' dir='ltr'>VI.</span> 
     </span>
     <span class='ocr_line' id='line_1_41' title="bbox 2686 2428 2868 2471; baseline 0.011 -2"><span class='ocrx_word' id='word_1_319' title='bbox 2686 2428 2868 2471; x_wconf 84' lang='lat' dir='ltr'>indoles.</span> 
     </span>
    </p>
   </div>
   <div class='ocr_carea' id='block_1_11' title="bbox 2720 2476 2881 2494">
    <p class='ocr_par' dir='ltr' id='par_1_11' title="bbox 2720 2476 2881 2494">
     <span class='ocr_line' id='line_1_42' title="bbox 2720 2476 2881 2494; baseline 0.006 -1"><span class='ocrx_word' id='word_1_320' title='bbox 2720 2476 2881 2494; x_wconf 55' lang='lat' dir='ltr'>——d</span> 
     </span>
    </p>
   </div>
  </div>
 </body>
</html>
