3281 5014
1267 449 1456 503 Sixtus
1494 450 1590 504 lV.
2476 453 2578 503 431

272 595 411 666 tus,
470 589 575 673 qui
635 590 702 653 in
766 588 937 654 Hist.
1002 589 1290 654 Florent.
1353 592 1395 655 l.
1447 590 1523 655 V.
1593 593 1842 657 scribit:
1902 590 2061 655 Erat
2124 592 2193 654 in
2257 592 2395 673 ipso
2456 590 2582 655 cal-

272 683 498 750 liditas
564 689 625 748 et
678 684 1086 768 perspicacia
1149 689 1369 765 tauta,
1441 692 1512 751 ut
1580 708 1797 767 nemo,
1867 685 2062 751 etiam
2132 685 2308 750 omni
2376 690 2585 751 aetate

271 780 531 863 mayuis
595 781 961 846 tractandis
1016 780 1443 865 yerendisque
1504 783 1696 850 rebus
1756 787 1931 862 acta,
1994 781 2198 865 plura
2261 787 2380 847 aut
2426 804 2582 866 pro-

270 876 517 942 videret
563 877 812 957 anime,
878 883 999 944 aut
1046 883 1419 961 praestaret
1479 879 1590 945 ubi
1635 879 1906 963 provisa
1954 882 2415 962 perspectaque
2462 879 2582 945 ha-

274 973 461 1038 beret.
568 975 804 1040 Merito
875 981 1090 1041 autem
1153 976 1274 1060 ipsi
1348 977 1651 1062 objicitur
1715 978 1975 1061 profusa
2037 977 2452 1060 prodigalitas
2519 982 2585 1042 et

270 1073 504 1156 ingens
582 1073 828 1150 fastus,
905 1073 1015 1157 qui
1090 1074 1226 1137 fe‘re
1300 1073 1636 1140 Pontificis
1706 1076 2111 1157 majestatem
2180 1073 2585 1151 obscurabat,

274 1190 477 1252 eoque
524 1169 736 1233 minus
786 1169 1107 1235 Cardinali
1148 1171 1372 1253 juveni
1422 1169 1732 1252 (XXVII.
1779 1172 1864 1248 a.)
1913 1171 2361 1247 conveniebat,
2416 1171 2585 1253 quod
2671 1178 2675 1182 ’

273 1287 349 1328 ex
422 1263 664 1330 Ordine
734 1271 875 1330 erat
952 1264 1016 1330 S.
1088 1265 1430 1332 Francisci.
1558 1266 1911 1330 Panvinius
1974 1266 2199 1330 scribit
2273 1265 2348 1329 de
2414 1267 2584 1350 ipso:

273 1359 513 1425 Petrus
565 1361 701 1444 ipse
747 1359 1169 1444 amplissimis
1228 1361 1733 1426 sacerdotiorum
1793 1360 2155 1426 redditibus
2211 1365 2442 1426 auctus
2486 1360 2585 1426 ita

272 1456 647 1540 splendidus
712 1462 882 1537 erat,
949 1461 1025 1522 ut
1075 1458 1397 1541 pecuniae
1446 1457 1814 1541 perdendae
1880 1461 2080 1521 natus
2146 1477 2278 1522 esse
2342 1457 2585 1522 videre-

274 1559 421 1635 tur,·
491 1575 647 1620 uam
715 1576 785 1619 eo
854 1553 1113 1620 biennio
1189 1575 1312 1636 quo
1380 1559 1640 1619 tantum
1707 1558 1935 1637 postea
2003 1552 2396 1636 supervixit,
2468 1554 2583 1618 du-

278 1656 461 1717 ce‘nta
520 1671 869 1717 aureorum
929 1650 1207 1716 millium
1258 1649 1719 1733 absumpsisse,
1776 1649 1909 1714 LX
1955 1670 2104 1714 vero
2161 1648 2372 1714 millia
2416 1650 2590 1715 aeris

274 1746 502 1829 alieni,
561 1747 821 1830 arqenti
875 1753 1092 1813 autem
1148 1746 1336 1811 celati
1395 1745 1560 1812 000
1616 1746 1827 1828 pondo
1881 1745 2220 1828 reliquisse
2277 1746 2584 1827 traditur,

274 1846 454 1922 Quod
524 1868 673 1911 vero
743 1846 922 1912 addit
988 1845 1091 1909 hic
1164 1852 1416 1909 auctor:
1497 1842 1674 1908 Obiit
1739 1842 2181 1925 voluptatibus
2244 1844 2585 1931 confectuS,

274 1942 453 2007 nullo
499 1942 883 2007 documento
929 1941 1235 2006 historico
1280 1943 1607 2025 probatur.
1680 1940 2039 2005 Cardinalis
2067 1939 2403 2024 Papiensis
2450 1942 2585 2025 qui·

274 2039 415 2103 dem
480 2039 610 2104 acri
673 2041 844 2122 stylo
912 2038 1325 2123 prosequitur
1387 2040 1607 2103 luxum
1674 2037 1908 2120 Riarii,
1975 2036 2305 2102 libidinem
2366 2043 2586 2102 tamen

276 2136 334 2199 ei
379 2158 512 2199 non
558 2135 801 2218 objicit,
848 2157 966 2200 nec
1015 2135 1122 2200 alii
1155 2136 1500 2218 scriptores
1547 2134 1786 2200 coaevi.
1857 2132 2302 2199 Voliterranus
2349 2140 2588 2211 autem,

276 2254 355 2294 ex
424 2253 551 2314 quo
621 2231 977 2295 Panvinius
1045 2232 1204 2295 haec
1272 2231 1654 2315 desumpsit,
1727 2231 1982 2314 scripsit
2049 2230 2325 2314 triginta
2399 2229 2589 2294 annis

273 2331 421 2411 post
467 2331 736 2391 mortem
785 2326 1168 2392 Cardinalis.

451 2469 557 2533 37.
632 2469 808 2546 Quae
882 2468 1159 2534 diximus
1234 2468 1603 2546 sufficiunt,
1682 2474 1758 2533 ut
1832 2468 1909 2533 de
1984 2469 2345 2553 nepotismo
2420 2468 2588 2536 Sixti

274 2588 550 2650 aequum
597 2566 839 2630 feratur
889 2567 1231 2651 judicium;
1295 2566 1571 2631 excessit
1630 2587 1787 2630 sane
1843 2567 1912 2629 in
1971 2566 2188 2629 favore
2243 2586 2395 2650 erga
2446 2588 2590 2651 ,pro-

274 2662 579 2747 pinquOS,
656 2685 729 2727 ac
804 2663 1004 2728 nimia
1079 2666 1274 2727 etiam
1351 2663 1664 2727 beneficia
1733 2662 2164 2727 ecclesiastica
2232 2663 2300 2727 in
2373 2662 2585 2727 Cardi-

277 2761 490 2824 nalem
562 2759 830 2824 Petrum
911 2760 1204 2825 Riarium
1277 2760 1649 2826 cumulavit.
1786 2748 2128 2823 Caeterum
2202 2781 2352 2824 vero
2427 2759 2591 2824 indi-

275 2858 420 2940 gnis
489 2879 632 2921 eum
702 2858 1055 2922 contulisse
1120 2858 1264 2924 illos
1334 2858 1606 2922 honores
1679 2860 1746 2921 et
1813 2878 2083 2920 munera
2150 2856 2269 2921 dici
2347 2856 2592 2940 nequit,

278 2974 395 3016 nec
444 2954 614 3017 mala
673 2975 787 3036 pro
835 2952 1120 3019 Ecclesia
1177 2954 1483 3018 ulteriora
1538 2953 1688 3017 inde
1747 2957 1967 3017 secuta
2027 2974 2163 3017 esse
2210 2950 2632 3034 videntur.²)ae

456 3159 498 3229 ¹)
541 3161 795 3216 Severius
834 3161 1048 3228 quidem
1088 3162 1155 3215 de
1197 3161 1337 3216 Sixti
1374 3161 1472 3216 IV.
1511 3162 1819 3230 nepotismo
1858 3162 2077 3231 judicat
2112 3161 2402 3228 Kniipfier,
2451 3177 2593 3215 eum·

278 3257 406 3308 que,
454 3240 535 3293 uti
574 3251 633 3295 et
669 3240 966 3294 Alexandri
994 3240 1094 3294 VI.
1133 3240 1494 3308 nepotismum
1544 3241 1746 3294 Italiae
1793 3241 2094 3295 conditioni
2137 3240 2396 3307 politicae
2435 3240 2596 3295 valde

276 3319 532 3373 nocivum
558 3319 728 3373 fuisse
766 3325 970 3374 censet.
1020 3319 1685 3387 (Rohrbacher-Knopfler
1710 3321 1779 3374 Κ.
1811 3320 1875 3373 G.
1915 3320 1976 3373 T.
2001 3318 2210 3372 XXIII.
2249 3336 2301 3387 p.
2338 3322 2442 3372 240
2481 3334 2595 3386 sqq.

277 3401 382 3452 263
418 3398 557 3465 sqq.)
629 3398 708 3452 Ut
749 3405 903 3453 certa
937 3400 1040 3452 hac
1078 3398 1137 3451 in
1184 3398 1501 3466 quaestione
1545 3398 1789 3452 ferretur
1825 3398 2128 3463 sententia,
2175 3413 2403 3452 examen
2441 3414 2595 3450 accu-

276 3483 454 3531 ratum
500 3493 679 3531 rerum
726 3478 1074 3546 politicarum
1122 3477 1322 3532 Italiae
1369 3477 1755 3544 requireretur.
1840 3477 2124 3531 Caeterum
2176 3481 2426 3531 auctores
2464 3476 2595 3530 Itali

277 3571 478 3625 graves
516 3556 845 3622 expositioni
884 3573 1041 3623 quam
1088 3557 1333 3610 dedimus
1380 3556 1743 3609 consentiunt.
1817 3556 2047 3610 Praeter
2089 3556 2409 3623 scriptorem
2460 3554 2594 3608 cita·

277 3640 396 3689 tum
433 3634 664 3702 (Civilta
703 3636 894 3690 cattol.
935 3635 1091 3704 1868)
1136 3634 1235 3688 cfr.
1308 3635 1484 3688 Balan
1525 3633 1722 3691 Storia
1747 3633 1967 3687 d’Italia
2005 3634 2065 3687 L.
2105 3633 2387 3687 XXXVII.
2440 3635 2594 3686 Inter

279 3714 412 3767 alia:
459 3713 607 3767 Sisto
645 3714 743 3780 IV,
793 3713 1009 3781 scribit,
1062 3717 1213 3783 „amo
1263 3719 1462 3781 troppo
1510 3713 1529 3765 i
1574 3715 1792 3782 nepoti,
1838 3713 2265 3782 singolarmente
2313 3712 2592 3766 Girolamo

279 3792 493 3859 Riari03
541 3808 630 3845 ma
665 3809 775 3846 non
813 3795 842 3847 e
879 3809 1009 3847 vero
1050 3794 1150 3847 che
1193 3798 1342 3846 tutte
1381 3792 1431 3845 le
1471 3807 1567 3847 sue
1604 3793 1839 3860 imprese
1884 3792 2098 3847 fossero
2146 3792 2346 3845 dirette
2387 3807 2420 3844 a
2454 3790 2593 3845 farlo

279 3871 513 3940 grande,
562 3871 708 3924 assai
755 3872 979 3940 miglior
1023 3871 1130 3926 fine
1182 3871 1344 3938 ebbe3
1397 3869 1730 3925 incontrossi
1785 3872 1842 3923 in
1888 3871 2039 3924 tristi
2078 3870 2277 3938 tempi,
2323 3870 2538 3937 quando
2577 3870 2592 3922 i

281 3950 505 4005 vassalli
553 3950 699 4004 della
749 3950 949 4005 Chiesa
1000 3966 1165 4005 erano
1216 3966 1405 4018 spesso
1451 3949 1658 4016 ribelli,
1716 3950 1869 4017 quasi
1926 3965 2136 4018 sempre
2185 3947 2595 4013 disubbidienti‚

281 4030 494 4096 quando
531 4029 586 4082 la
608 4030 853 4096 politica,
892 4031 1198 4098 calpestata
1222 4030 1364 4099 ⁵sede
1402 4044 1431 4082 e
1468 4028 1755 4097 religione,
1793 4045 1932 4083 avea
1968 4045 2001 4082 a
2040 4028 2157 4082 sola
2184 4029 2354 4097 guida
2389 4026 2588 4100 l’utile3

280 4109 420 4178 egli,
471 4124 620 4163 come
666 4110 822 4163 molti
869 4111 936 4165 de
983 4110 1099 4164 suoi
1147 4107 1450 4163 successori
1500 4108 1724 4162 dovette
1769 4112 2004 4161 trattare
2059 4124 2162 4161 con
2201 4111 2369 4175 gente
2409 4105 2594 4171 sleale‚

281 4188 623 4242 combattuto
674 4189 764 4241 dai
812 4189 1001 4242 baroni
1050 4194 1246 4256 troppo
1298 4186 1514 4253 potenti
1563 4187 1616 4239 di
1669 4186 1873 4251 Roma,
1923 4190 2189 4240 costretto
2236 4187 2305 4239 ad
2350 4184 2594 4238 inalzare

388 4283 651 4333 Jungmann,
685 4283 1039 4324 Dissertationes.
1067 4284 1187 4324 Tom.
1217 4282 1298 4324 VI.
2173 4274 2242 4324 28
