3281 5014
1068 484 1151 539 De
1186 484 1564 539 Minoritarum
1600 484 1793 539 turbis.
2485 488 2585 539 177

449 623 673 690 Mense
733 624 1068 690 Decembri
1124 649 1180 690 a.
1240 627 1408 690 1322
1458 626 1805 710 publicavit
1857 626 2146 692 Joannes
2192 626 2398 691 XXII.
2453 625 2585 691 De-

270 723 601 807 cretalem,
649 716 813 805 quae
856 722 1083 806 incipit
1129 721 1236 787 Ad
1283 720 1770 805 Conditorem,¹)
1816 724 2000 809 cujus
2043 724 2290 787 occasio
2336 729 2400 788 et
2444 745 2581 788 sco-

272 840 390 901 pus
437 819 708 883 fuerunt
765 819 1095 903 ejusmodi.
1195 819 1435 886 Multae
1491 821 1568 885 de
1615 817 1942 884 Minoritis
2001 820 2295 904 querelae
2352 819 2430 883 ad
2477 820 2583 883 Se·

272 915 417 978 dem
462 914 903 999 Apostolicam
949 917 1472 998 perferebantur‚
1518 918 1688 1000 ipsos
1737 916 1944 999 specie
1990 918 2387 1000 paupertatis
2434 939 2582 1000 apo-

273 1011 561 1089 stolicae,
609 1032 738 1095 qua
767 1013 1037 1077 caeteris
1082 1014 1397 1097 religiosis
1431 1011 1778 1077 Ordinibus
1809 1012 2191 1078 antecellere
2228 1012 2584 1096 jactabant,

272 1107 628 1172 consectari
689 1127 875 1189 opes,
942 1111 1009 1172 et
1071 1108 1217 1174 lites
1277 1109 1536 1193 iniquas
1597 1106 1778 1174 Sedis
1835 1108 2248 1193 Apostolicae
2304 1111 2587 1191 nomine,

273 1203 354 1268 ad
416 1226 608 1288 quam
665 1202 922 1267 verbale
987 1208 1054 1269 et
1112 1207 1639 1290 aenigmaticum,
1706 1211 1780 1269 ut
1842 1207 1935 1270 ait
1992 1207 2304 1285 JoanneS‚
2370 1227 2583 1271 rerum

273 1322 435 1387 quas
493 1298 905 1385 possidebant
959 1299 1310 1366 dominium
1363 1324 1441 1367 ex
1498 1300 1750 1368 Nicolai
1809 1301 2291 1369 Constitutione
2348 1308 2587 1387 specta·

273 1398 417 1478 bat,
476 1395 833 1462 intendere.
933 1395 1137 1462 Simul
1194 1420 1344 1463 vero
1395 1399 1697 1464 Pontifex
1743 1401 1877 1484 jam
1939 1400 2302 1465 adverterat
2348 1401 2586 1484 pericu-

271 1489 431 1567 lum,
492 1494 836 1578 quominus
892 1494 1091 1559 falsae
1139 1494 1218 1559 de
1275 1501 1657 1579 paupertate
1702 1497 2040 1579 opiniones
2084 1497 2154 1560 in
2203 1494 2445 1560 Ordine
2490 1519 2586 1561 ra-

269 1591 441 1657 dices
489 1594 778 1673 agerent.
867 1590 1042 1656 Hinc
1086 1591 1442 1656 dominium
1495 1614 1707 1656 rerum
1755 1592 1966 1657 noluit
2012 1591 2332 1657 Ecclesiae
2388 1614 2585 1656 reser-

271 1711 453 1773 vare3
531 1685 644 1751 sed
708 1687 868 1752 illud
936 1711 1049 1774 per
1119 1690 1313 1754 istam
1379 1688 1921 1753 constitutionem
1991 1689 2282 1753 restituit
2359 1687 2583 1753 Ordini

269 1787 420 1872 ipsi,
468 1788 724 1872 praeter
769 1803 871 1867 ea,
920 1809 1082 1872 quae
1126 1786 1207 1851 ad
1252 1807 1433 1852 sacra
1478 1791 1804 1870 spectant,
1850 1785 2170 1870 simulque
2212 1787 2420 1851 vetuit
2467 1785 2582 1850 Mi-

269 1884 524 1948 noritas
572 1885 903 1968 pontificio
947 1883 1205 1948 nomine
1262 1903 1648 1967 quemquam
1691 1883 1756 1945 in
1811 1882 1992 1946 litem
2037 1882 2366 1948 adducere.
2450 1881 2585 1947 Ini-

269 1980 365 2044 tio
436 1979 632 2064 hujus
707 1981 934 2047 Bullae
1004 1978 1292 2044 Joannes
1357 1979 1540 2042 dicit:
1610 1975 1718 2041 Ad
1788 1975 2195 2043 Conditorem
2264 1999 2587 2043 canonum

270 2095 405 2140 non
452 2076 549 2139 est
595 2075 870 2143 dubium
903 2074 1254 2159 pertinere,
1303 2094 1448 2138 cum
1494 2077 1746 2139 statuta
1787 2093 1829 2138 a
1874 2093 1939 2137 se
1980 2073 2078 2138 vel
2120 2093 2162 2138 a
2213 2073 2586 2141 Praedeces-

269 2170 531 2237 soribus
588 2171 729 2238 suis
781 2171 956 2237 edita
1001 2169 1209 2235 obesse
1257 2169 1544 2256 percipit
1589 2169 1817 2253 potius
1870 2189 2069 2252 quam
2115 2170 2444 2255 prodesse,
2505 2192 2586 2236 ne

270 2266 554 2333 ulterius
614 2268 822 2334 obesse
882 2266 1144 2333 valeant
1188 2264 1546 2351 providere.
1651 2266 1819 2331 Dein
1879 2268 2098 2331 multis
2158 2270 2585 2353 prosequitur,

270 2364 355 2428 ob
413 2365 676 2430 modum
731 2365 965 2449 agendi
1021 2363 1474 2429 Minoritarum
1525 2362 1816 2450 Qtice
1875 2364 2223 2429 utilitatem
2282 2387 2396 2448 pro
2451 2365 2586 2428 vita

268 2461 656 2547 perfectiore
704 2484 781 2529 ex
828 2462 941 2527 illa
982 2457 1387 2528 abdicatione
1442 2459 1711 2527 dominii
1766 2482 1895 2525 non
1942 2460 2335 2545 provenisse3
2395 2461 2584 2527 simul

269 2559 679 2643 argumentis
733 2558 1023 2643 juridicis
1083 2557 1418 2624 ostendere
1472 2557 1735 2637 nititur,
1804 2578 1923 2622 nec
1979 2558 2185 2641 ipsum
2247 2556 2581 2623 Nicolaum

267 2654 666 2733 intendisse,
725 2659 799 2720 ut
845 2656 1041 2720 etiam
1087 2654 1296 2740 quoad
1352 2676 1453 2718 res
1497 2675 1614 2718 usu
1667 2655 2217 2738 consumptibiles‚
2278 2660 2354 2718 ut
2412 2676 2586 2719 escu-

267 2753 492 2829 lenta,
556 2750 901 2816 Minoritas
959 2773 1166 2816 meros
1232 2752 1521 2815 usuarios
1581 2749 2034 2829 constitueret,
2105 2756 2173 2816 et
2230 2750 2581 2816 dominium

266 2847 350 2911 ad
408 2847 773 2912 Romanam
841 2847 1186 2913 Ecclesiam
1249 2846 1660 2912 transferret.
1776 2846 1856 2911 In
1920 2848 2112 2912 rebus
2181 2848 2352 2911 enim
2420 2870 2584 2932 quae

266 2964 390 3008 usu
439 2948 942 3026 consumuntur,
986 2949 1232 3022 censet,
1286 2943 1636 3025 simplicem
1685 2964 1867 3008 usum
1912 2943 2069 3008 facti
2114 2946 2257 3008 sine
2302 2942 2585 3008 dominio

265 3039 492 3123 aliquo
539 3061 676 3104 non
727 3039 968 3104 haberi.
1064 3037 1252 3117 Quis,
1311 3039 1556 3123 inquit,
1612 3055 1814 3102 sanae
1863 3036 2097 3103 mentis
2153 3037 2404 3104 credere
2437 3042 2584 3122 pot-

264 3133 427 3215 erit,
485 3132 658 3217 quod
707 3133 988 3199 intentio
1037 3132 1248 3216 fuerit
1300 3131 1473 3198 tanti
1518 3131 1773 3213 Patris,
1829 3133 2033 3199 unius
2084 3134 2187 3199 ovi
2241 3155 2354 3200 seu
2416 3133 2585 3200 casei

265 3231 390 3295 aut
431 3229 647 3313 frusti
681 3230 888 3312 panis
932 3233 994 3295 et
1037 3228 1317 3294 aliorum
1372 3249 1501 3294 usu
1548 3228 2171 3312 consumptibilium,
2227 3251 2392 3314 quae
2440 3230 2581 3313 fra·

265 3326 489 3392 tribus
554 3324 643 3391 ad
704 3325 1208 3391 consumendum
1274 3345 1306 3388 e
1363 3323 1631 3407 vestiqio
1700 3325 2154 3407 conferuntur,
2222 3327 2584 3393 dominium

264 3422 620 3489 Romanae
660 3420 990 3487 Ecclesiae
1034 3425 1095 3486 et
1139 3440 1332 3486 usum
1376 3418 1736 3485 Fratribus
1778 3420 2108 3486 retinere?
2171 3460 2245 3470 —
2307 3424 2581 3489 Demum

261 3519 308 3585 J
311 3540 594 3586 oannes:
650 3517 754 3582 De
799 3516 1568 3595 Fratrumnostrorum,
1616 3518 1866 3596 scribit,
1913 3517 2181 3583 consilio
2225 3518 2341 3584 hoc
2382 3518 2583 3583 edicto

260 3616 341 3682 in
372 3618 776 3699 perpetuum
821 3613 1107 3679 valituro
1150 3611 1509 3691 sancimus,
1568 3611 1741 3693 quod
1789 3611 1865 3677 in
1910 3611 2093 3678 bonis
2148 3634 2313 3696 quae
2355 3613 2431 3679 in
2473 3634 2582 3696 po-

262 3716 521 3778 sterum
584 3710 1018 3793 conferuntur
1069 3712 1189 3774 aut
1242 3706 1412 3771 alias
1465 3707 1930 3788 quomodolibet
1983 3708 2279 3776 obvenire
2333 3710 2584 3775 contin-

255 3812 382 3893 ‚qat
427 3805 795 3873 Fratribus
838 3825 954 3870 seu
1002 3803 1237 3869 Ordini
1281 3801 1697 3885 supradictis,
1744 3804 2054 3887 (exceptis
2098 3804 2392 3885 ecclesiis,
2440 3825 2583 3870 ora·

261 3903 481 3985 toriis,
531 3901 819 3985 officinis
863 3904 924 3966 et
968 3897 1497 3977 habitationibus,
1553 3916 1629 3963 ac
1672 3898 1867 3979 vasis,
1915 3898 2104 3966 libris
2148 3906 2209 3967 et
2251 3901 2583 3966 vestimen-

263 4001 353 4066 tis
419 3998 675 4065 divinis
740 3996 993 4080 Officiis
1055 3992 1366 4061 dedicatis
1418 3993 1518 4058 vel
1576 3993 1982 4078 dedicandis,
2048 4018 2212 4080 quae
2270 3997 2357 4061 ad
2411 3995 2586 4079 ipsos

452 4208 497 4275 ¹)
537 4207 854 4275 Extravag.
891 4203 928 4257 J
932 4203 1125 4259 oannis
1161 4200 1339 4254 XXII.
1378 4200 1488 4254 Tit.
1526 4200 1677 4254 XIV.
1716 4201 1772 4255 C.
1811 4202 1914 4256 ΠΙ.

2282 4286 2375 4338 12*

2634 620 2876 665 Decretalis

2615 690 2681 727 Ad
2708 687 2891 726 Condito—

2710 759 2806 788 rem.
