3281 5014
338 3203 528 3276 Praelati
546 3200 649 3244 Gal·

675 438 744 489 68
1252 437 1423 491 XXX.
1460 438 1544 491 De
1579 437 1915 493 Pontificatu
1951 437 2218 493 Bonifatii
2245 439 2402 494 VIII.

675 578 871 643 etiam
931 579 1237 664 quosdam
1282 578 1654 644 cardinales
1709 580 1893 665 culpa
1950 603 2066 645 sua
2122 581 2220 645 vel
2281 580 2717 664 imprudentia
2776 580 2855 645 ad
2915 581 2979 645 id

674 675 1097 739 contribuisse
1142 675 1415 740 inferius
1459 676 1834 741 videbimus.

854 814 955 880 72.
1017 814 1210 880 Hisce
1266 815 1610 900 propositis
1665 821 2061 881 contestatus
2120 820 2218 880 est
2273 815 2658 894 Plessiacus‚
2720 837 2787 881 se
2847 838 2981 881 non

673 933 971 977 accusare
1018 910 1414 976 Bonifatium
1472 934 1552 977 ex
1599 912 1773 990 odit),
1822 912 1934 978 sed
1991 913 2127 977 zelo
2181 913 2329 978 fidei
2384 915 2450 977 et
2503 934 2582 977 ex
2637 913 2979 979 devotione

674 1028 827 1092 erga
878 1007 1228 1073 Ecclesiam
1289 1019 1373 1072 et.
1412 1006 1634 1073 Sedem
1693 1008 2073 1074 Romanam.
2175 1008 2525 1093 Propterea
2576 1009 2979 1075 adhaerendo

674 1105 1095 1189 appellationi
1149 1111 1215 1171 et
1276 1106 1594 1189 processui
1658 1127 1853 1190 super
1911 1106 2013 1171 his
2069 1106 2205 1193 jam
2270 1111 2463 1171 antea
2523 1127 2637 1189 per
2697 1106 2979 1179 nobilem

672 1202 880 1266 virum
935 1201 1350 1269 Guillelmum
1418 1200 1496 1265 de
1556 1201 1889 1287 Nogareto
1946 1203 2169 1278 factiS,
2230 1203 2515 1287 appellat
2572 1200 2659 1266 ad
2719 1221 2980 1268 sacrum

674 1297 1153 1363 convocandum
1191 1298 1493 1382 yenerale
1534 1296 1916 1379 Concilium,
1963 1303 2024 1364 et
2068 1297 2156 1362 ad
2198 1302 2492 1364 sanctam
2535 1296 2759 1363 Sedem
2807 1297 2979 1381 Apo-

672 1393 983 1473 stolicam,
1030 1398 1092 1459 et
1133 1394 1220 1459 ad
1261 1394 1446 1459 illam
1492 1399 1552 1459 et
1597 1394 1686 1459 ad
1727 1394 1875 1459 illos
1922 1394 2009 1460 ad
2048 1415 2233 1476 quem
2278 1399 2339 1459 et
2383 1393 2470 1459 ad
2512 1414 2670 1475 quos
2713 1394 2789 1460 de
2819 1395 2981 1478 jure

673 1490 904 1556 melius
953 1495 1167 1575 potest
1227 1495 1288 1555 et
1342 1490 1544 1569 debet,
1590 1492 1778 1574 jure,
1839 1493 2079 1557 honore
2133 1495 2193 1555 et
2244 1495 2425 1556 statu
2476 1493 2739 1556 sanctae
2794 1490 2981 1557 Sedis

674 1586 1078 1670 Apostolicae
1119 1587 1194 1652 in
1225 1587 1525 1653 omnibus
1554 1609 1805 1675 semper
1848 1588 2081 1655 salvis:
2124 1610 2359 1673 rogans
2398 1608 2635 1672 regem,
2681 1587 2769 1652 ad
2794 1609 2978 1670 quem

672 1689 915 1767 spectat
958 1689 1220 1750 sanctae
1262 1685 1508 1750 Matris
1551 1684 1880 1751 Ecclesiae
1934 1685 2207 1768 fideique
2267 1683 2615 1750 catholicae
2675 1684 2978 1766 defensiO,

672 1786 739 1846 et
785 1783 1101 1864 praelatos
1158 1781 1274 1863 qui
1317 1781 1392 1846 in
1441 1779 1726 1847 Concilio
1777 1781 2073 1865 qenerali
2117 1782 2341 1846 debent
2384 1800 2518 1844 esse
2560 1780 2847 1863 judices,
2907 1787 2980 1847 ut

668 1878 843 1942 illins
918 1881 1439 1945 convocationem
1516 1886 1582 1943 et
1657 1880 2151 1944 celebrationem
2218 1880 2375 1944 totis
2440 1879 2684 1944 viribus
2757 1901 2982 1964 procu·

670 1979 837 2039 rent.
894 2011 982 2018 —-
1039 1975 1177 2038 Rex
1225 1977 1467 2059 pariter
1507 1974 1661 2054 fidei
1703 1973 1959 2059 neqotio
2000 1978 2062 2038 et
2106 1972 2433 2039 Ecclesiae
2485 1973 2692 2039 statui
2733 1975 2980 2041 consuli

669 2071 964 2154 cupiens,
1010 2092 1139 2154 pro
1196 2071 1461 2138 vitando
1510 2070 1846 2154 dispendio
1898 2069 2194 2137 scandali
2240 2069 2598 2154 qeneralis,
2656 2070 2858 2136 salvis
2902 2070 2976 2135 in

672 2165 972 2233 omnibus
1018 2166 1083 2233 S.
1126 2167 1211 2233 R.
1243 2166 1570 2234 Ecclesiae
1614 2167 1854 2234 honore
1899 2171 1961 2232 et
2003 2163 2366 2232 reverentia
2410 2165 2657 2247 debitis,
2705 2171 2980 2233 assenti-

668 2269 777 2329 tur
832 2267 1275 2331 convocationi
1335 2271 1401 2330 et
1453 2267 1941 2351 congregationi
1991 2265 2146 2330 dicti
2191 2263 2488 2345 Concilii,
2546 2285 2860 2349 opemque
2912 2270 2981 2330 et

670 2382 930 2442 operam
995 2361 1074 2427 ad
1129 2362 1192 2425 id
1247 2363 1590 2446 pollicetur
1644 2363 1991 2429 efficacem:
2061 2361 2589 2444 archiepiscopos,
2654 2362 2979 2444 episcopos

669 2462 735 2523 et
781 2464 1065 2524 caeteros
1112 2460 1433 2544 praelatos
1477 2464 1685 2546 rogat,
1739 2463 1813 2525 ut
1857 2457 2220 2545 hujusmodi
2267 2456 2539 2523 Concilii
2582 2458 2979 2524 convocatio-

668 2577 820 2620 nem
867 2561 933 2621 et
978 2558 1542 2642 congregationem
1589 2562 1891 2641 urgeant,
1935 2556 2043 2622 cui
2077 2558 2517 2639 personaliter
2550 2554 2833 2622 intendit
2875 2553 2978 2620 in-

671 2655 917 2715 teresse.
1010 2652 1230 2737 thue
1278 2656 1685 2739 majestatem
1729 2675 1939 2730 suam,
1994 2675 2294 2738 regnum,
2352 2656 2677 2731 ecclesias,
2732 2652 2979 2735 praela·

669 2754 804 2830 tos,
873 2749 1177 2828 barones,
1246 2751 1530 2835 aliosque
1593 2749 1884 2815 subditos
1949 2758 2177 2816 contra
2235 2751 2553 2818 Bonifatii
2617 2750 2980 2815 molitiones

668 2849 950 2921 tueatur,
999 2846 1077 2909 ad
1125 2847 1518 2930 praedictum
1560 2849 1867 2932 generale
1900 2847 2278 2928 Concilium,
2318 2854 2384 2914 et
2426 2849 2505 2913 ad
2550 2869 2770 2912 verum
2819 2846 2981 2929 legi-

670 2943 896 3006 timum
942 2943 1233 3008 futurum
1280 2965 1594 3008 summum
1647 2943 2055 3021 Pontificem,
2111 2946 2215 3010 vel
2262 2946 2453 3024 alios,
2513 2945 2592 3010 ad
2641 2966 2832 3028 quem
2877 2942 2978 3006 vel

670 3039 751 3103 ad
797 3060 957 3123 quos
1002 3039 1201 3104 fuerit
1246 3040 1731 3124 appellandum,
1785 3046 2088 3124 provocat
2133 3046 2200 3106 et
2254 3041 2538 3127 appellat
2582 3044 2652 3106 in
2699 3039 2976 3124 scriptis.

847 3188 948 3252 73.
1011 3188 1283 3253 Demum
1328 3189 1597 3272 praelati
1644 3188 1713 3253 in
1755 3187 2025 3253 comitiis
2072 3193 2476 3270 praesentes,
2531 3187 2815 3271 quinque
2857 3187 2978 3251 sci-

668 3286 818 3351 licet
863 3285 1348 3369 archiepiscopi,
1407 3286 1645 3368 viginti
1690 3289 1758 3348 et
1805 3305 1971 3349 unus
2017 3286 2327 3368 episcopi,
2382 3286 2647 3350 abbates
2693 3283 2978 3367 insignes

668 3383 967 3448 undecim
980 3432 997 3464 ,
1053 3379 1565 3446 convocationem
1624 3384 1686 3444 et
1729 3380 2285 3462 conqreqationem
2332 3378 2614 3448 Concilii
2651 3378 2978 3462 yeneralis

668 3499 749 3544 ex
794 3477 1180 3562 praemissis
1234 3481 1295 3542 et
1353 3476 1507 3543 aliis
1563 3476 1781 3542 causis
1832 3475 2056 3541 utilem
2111 3481 2171 3540 et
2225 3476 2488 3541 omnino
2541 3472 2977 3540 necessarium

668 3579 1071 3659 reputantes,
1140 3579 1216 3640 ut
1280 3573 1492 3658 ipsius
1555 3570 1805 3637 domini
1868 3571 2206 3654 Bonifatii
2271 3571 2643 3639 innocentia
2713 3570 2975 3648 clareat,

668 3672 837 3738 sicut
879 3676 1216 3755 exoptant,
1272 3675 1391 3737 aut
1434 3670 1512 3735 de
1554 3669 1880 3752 impositis
1922 3667 2050 3733 sibi
2084 3690 2209 3752 per
2257 3666 2617 3735 Concilium
2662 3666 2975 3732 discutia-

667 3772 805 3848 tur,
869 3772 1210 3834 statuatur
1262 3771 1324 3831 et
1365 3768 1486 3848 fiat
1545 3766 1716 3848 quod
1772 3764 2125 3830 decernunt
2184 3764 2532 3830 canonicae
2593 3762 2973 3842 sanctiones,

665 3867 835 3951 regis
900 3871 967 3930 et
1025 3867 1329 3930 comitum
1393 3864 1735 3948 postulatis
1795 3884 1986 3946 super
2039 3863 2237 3946 ipsius
2293 3862 2750 3927 convocatione
2804 3860 2975 3925 Con—

667 3964 799 4028 cilii
856 3983 1205 4048 assensum⁴
1252 3962 1592 4044 praebent,
1659 3957 1859 4024 salvis
1917 3957 1992 4023 in
2046 3956 2343 4024 omnibus
2399 3957 2464 4023 S.
2511 3956 2593 4022 R.
2648 3954 2977 4021 Ecclesiae

667 4058 906 4126 honore
952 4061 1014 4122 et
1059 4056 1422 4123 reverentia
1480 4053 1727 4121 debitis.
1819 4054 2042 4139 Seque¹
2083 4062 2348 4142 paratos
2389 4055 2777 4138 profitentur
2822 4074 2976 4118 con-

668 4157 986 4221 vocationi
1067 4161 1133 4219 et
1201 4153 1690 4239 congregationi
1765 4151 1920 4216 dicti
1994 4150 2263 4218 Concilii
2329 4150 2527 4233 juxta
2600 4153 2976 4215 sanctorum
