<?xml version="1.0" encoding="UTF-8"?>
<!DOCTYPE html PUBLIC "-//W3C//DTD XHTML 1.0 Transitional//EN"
    "http://www.w3.org/TR/xhtml1/DTD/xhtml1-transitional.dtd">
<html xmlns="http://www.w3.org/1999/xhtml" xml:lang="en" lang="en">
 <head>
  <title>
</title>
<meta http-equiv="Content-Type" content="text/html;charset=utf-8" />
  <meta name='ocr-system' content='tesseract 3.04.00' />
  <meta name='ocr-capabilities' content='ocr_page ocr_carea ocr_par ocr_line ocrx_word'/>
</head>
<body>
  <div class='ocr_page' id='page_1' title='image "./dissertationess05junggoog_0131.png"; bbox 0 0 3281 5014; ppageno 0'>
   <div class='ocr_carea' id='block_1_1' title="bbox 1042 427 2633 495">
    <p class='ocr_par' dir='ltr' id='par_1_1' title="bbox 1042 427 2633 495">
     <span class='ocr_line' id='line_1_1' title="bbox 1042 427 2633 495; baseline 0 -15"><span class='ocrx_word' id='word_1_1' title='bbox 1042 427 1426 495; x_wconf 81' lang='lat' dir='ltr'>Depositiones</span> <span class='ocrx_word' id='word_1_2' title='bbox 1468 427 1915 494; x_wconf 82' lang='lat' dir='ltr'>Templariorum.</span> <span class='ocrx_word' id='word_1_3' title='bbox 2533 429 2633 482; x_wconf 79' lang='lat'>125</span> 
     </span>
    </p>
   </div>
   <div class='ocr_carea' id='block_1_2' title="bbox 296 568 2640 2295">
    <p class='ocr_par' dir='ltr' id='par_1_2' title="bbox 296 568 2640 2295">
     <span class='ocr_line' id='line_1_2' title="bbox 313 568 2634 653; baseline 0 -21"><span class='ocrx_word' id='word_1_4' title='bbox 313 570 544 635; x_wconf 70' lang='lat' dir='ltr'>iateris</span> <span class='ocrx_word' id='word_1_5' title='bbox 584 568 900 634; x_wconf 78' lang='lat' dir='ltr'>chlamide</span> <span class='ocrx_word' id='word_1_6' title='bbox 952 573 1017 633; x_wconf 90' lang='lat' dir='ltr'>et</span> <span class='ocrx_word' id='word_1_7' title='bbox 1058 573 1311 634; x_wconf 86' lang='lat' dir='ltr'>corseto</span> <span class='ocrx_word' id='word_1_8' title='bbox 1359 569 1735 646; x_wconf 80' lang='lat' dir='ltr'>reversatiS,</span> <span class='ocrx_word' id='word_1_9' title='bbox 1793 574 1859 632; x_wconf 91' lang='lat' dir='ltr'>et</span> <span class='ocrx_word' id='word_1_10' title='bbox 1904 568 2069 633; x_wconf 85' lang='lat' dir='ltr'>dixit</span> <span class='ocrx_word' id='word_1_11' title='bbox 2117 569 2285 633; x_wconf 89' lang='lat' dir='ltr'>idem</span> <span class='ocrx_word' id='word_1_12' title='bbox 2323 573 2634 653; x_wconf 86' lang='lat' dir='ltr'>receptor,</span> 
     </span>
     <span class='ocr_line' id='line_1_3' title="bbox 316 665 2636 751; baseline -0.001 -20"><span class='ocrx_word' id='word_1_13' title='bbox 316 666 717 751; x_wconf 76' lang='lat' dir='ltr'>praedictum</span> <span class='ocrx_word' id='word_1_14' title='bbox 774 666 1060 731; x_wconf 88' lang='lat' dir='ltr'>osculum</span> <span class='ocrx_word' id='word_1_15' title='bbox 1123 665 1481 730; x_wconf 85' lang='lat' dir='ltr'>faciendum</span> <span class='ocrx_word' id='word_1_16' title='bbox 1551 687 1688 730; x_wconf 89' lang='lat' dir='ltr'>esse</span> <span class='ocrx_word' id='word_1_17' title='bbox 1748 665 2096 730; x_wconf 88' lang='lat' dir='ltr'>secundum</span> <span class='ocrx_word' id='word_1_18' title='bbox 2156 672 2408 731; x_wconf 85' lang='lat' dir='ltr'>statuta</span> <span class='ocrx_word' id='word_1_19' title='bbox 2464 666 2636 731; x_wconf 90' lang='lat' dir='ltr'>ordi·</span> 
     </span>
     <span class='ocr_line' id='line_1_4' title="bbox 310 760 2637 846; baseline -0.001 -18"><span class='ocrx_word' id='word_1_20' title='bbox 310 764 445 828; x_wconf 68' lang='lat' dir='ltr'>nis.</span> <span class='ocrx_word' id='word_1_21' title='bbox 482 811 497 827; x_wconf 91' lang='lat'><strong>.</strong></span> <span class='ocrx_word' id='word_1_22' title='bbox 534 810 548 826; x_wconf 92' lang='lat'><strong>.</strong></span> <span class='ocrx_word' id='word_1_23' title='bbox 584 812 600 829; x_wconf 88' lang='lat'><strong>.</strong></span> <span class='ocrx_word' id='word_1_24' title='bbox 640 762 862 840; x_wconf 88' lang='lat' dir='ltr'>Dixit,</span> <span class='ocrx_word' id='word_1_25' title='bbox 918 761 1088 845; x_wconf 85' lang='lat' dir='ltr'>quod</span> <span class='ocrx_word' id='word_1_26' title='bbox 1145 783 1390 827; x_wconf 87' lang='lat' dir='ltr'>errores</span> <span class='ocrx_word' id='word_1_27' title='bbox 1435 784 1631 846; x_wconf 85' lang='lat' dir='ltr'>supra</span> <span class='ocrx_word' id='word_1_28' title='bbox 1679 762 2073 826; x_wconf 83' lang='lat' dir='ltr'>confessatos</span> <span class='ocrx_word' id='word_1_29' title='bbox 2122 762 2338 827; x_wconf 87' lang='lat' dir='ltr'>fuerat</span> <span class='ocrx_word' id='word_1_30' title='bbox 2381 761 2546 826; x_wconf 87' lang='lat' dir='ltr'>circa</span> <span class='ocrx_word' id='word_1_31' title='bbox 2575 760 2637 825; x_wconf 92' lang='lat' dir='ltr'><strong>V</strong></span> 
     </span>
     <span class='ocr_line' id='line_1_5' title="bbox 308 857 2637 944; baseline -0.001 -20"><span class='ocrx_word' id='word_1_32' title='bbox 308 861 715 944; x_wconf 73' lang='lat' dir='ltr'>:septimanas</span> <span class='ocrx_word' id='word_1_33' title='bbox 768 862 915 941; x_wconf 89' lang='lat' dir='ltr'>post</span> <span class='ocrx_word' id='word_1_34' title='bbox 965 858 1395 941; x_wconf 76' lang='lat' dir='ltr'>receptionem</span> <span class='ocrx_word' id='word_1_35' title='bbox 1459 880 1639 923; x_wconf 87' lang='lat' dir='ltr'>suam</span> <span class='ocrx_word' id='word_1_36' title='bbox 1698 858 2024 922; x_wconf 87' lang='lat' dir='ltr'>confessus</span> <span class='ocrx_word' id='word_1_37' title='bbox 2082 858 2149 922; x_wconf 92' lang='lat' dir='ltr'>in</span> <span class='ocrx_word' id='word_1_38' title='bbox 2198 859 2459 923; x_wconf 84' lang='lat' dir='ltr'>ecclesia</span> <span class='ocrx_word' id='word_1_39' title='bbox 2505 857 2637 921; x_wconf 87' lang='lat' dir='ltr'>fra·</span> 
     </span>
     <span class='ocr_line' id='line_1_6' title="bbox 307 953 2636 1039; baseline -0 -20"><span class='ocrx_word' id='word_1_40' title='bbox 307 961 499 1019; x_wconf 80' lang='lat' dir='ltr'>trum</span> <span class='ocrx_word' id='word_1_41' title='bbox 546 954 870 1020; x_wconf 90' lang='lat' dir='ltr'>Minorum</span> <span class='ocrx_word' id='word_1_42' title='bbox 924 954 1001 1018; x_wconf 90' lang='lat' dir='ltr'>de</span> <span class='ocrx_word' id='word_1_43' title='bbox 1047 953 1265 1018; x_wconf 85' lang='lat' dir='ltr'>Trecis</span> <span class='ocrx_word' id='word_1_44' title='bbox 1322 954 1574 1019; x_wconf 83' lang='lat' dir='ltr'>cuidam</span> <span class='ocrx_word' id='word_1_45' title='bbox 1632 955 1821 1018; x_wconf 88' lang='lat' dir='ltr'>fratri</span> <span class='ocrx_word' id='word_1_46' title='bbox 1876 954 2223 1029; x_wconf 77' lang='lat' dir='ltr'>Minorum‚</span> <span class='ocrx_word' id='word_1_47' title='bbox 2281 955 2394 1039; x_wconf 90' lang='lat' dir='ltr'>qui</span> <span class='ocrx_word' id='word_1_48' title='bbox 2450 975 2636 1019; x_wconf 83' lang='lat' dir='ltr'>voca·</span> 
     </span>
     <span class='ocr_line' id='line_1_7' title="bbox 310 1051 2638 1135; baseline 0 -20"><span class='ocrx_word' id='word_1_49' title='bbox 310 1053 514 1117; x_wconf 71' lang='lat' dir='ltr'>¹batur</span> <span class='ocrx_word' id='word_1_50' title='bbox 559 1054 764 1117; x_wconf 84' lang='lat' dir='ltr'>frater</span> <span class='ocrx_word' id='word_1_51' title='bbox 808 1051 1161 1130; x_wconf 78' lang='lat' dir='ltr'>Johannes‚</span> <span class='ocrx_word' id='word_1_52' title='bbox 1209 1052 1390 1135; x_wconf 87' lang='lat' dir='ltr'>cujus</span> <span class='ocrx_word' id='word_1_53' title='bbox 1436 1072 1790 1134; x_wconf 83' lang='lat' dir='ltr'>cognomen</span> <span class='ocrx_word' id='word_1_54' title='bbox 1837 1051 2118 1135; x_wconf 83' lang='lat' dir='ltr'>ignorat,</span> <span class='ocrx_word' id='word_1_55' title='bbox 2165 1051 2377 1116; x_wconf 85' lang='lat' dir='ltr'>fuerat</span> <span class='ocrx_word' id='word_1_56' title='bbox 2417 1056 2638 1116; x_wconf 80' lang='lat' dir='ltr'>tamen</span> 
     </span>
     <span class='ocr_line' id='line_1_8' title="bbox 308 1145 2640 1225; baseline -0 -12"><span class='ocrx_word' id='word_1_57' title='bbox 308 1151 753 1214; x_wconf 70' lang='lat' dir='ltr'>commoratus</span> <span class='ocrx_word' id='word_1_58' title='bbox 798 1147 866 1211; x_wconf 89' lang='lat' dir='ltr'>in</span> <span class='ocrx_word' id='word_1_59' title='bbox 918 1145 1215 1224; x_wconf 81' lang='lat' dir='ltr'>Graecia,</span> <span class='ocrx_word' id='word_1_60' title='bbox 1271 1157 1346 1212; x_wconf 89' lang='lat' dir='ltr'>ut</span> <span class='ocrx_word' id='word_1_61' title='bbox 1392 1148 1556 1211; x_wconf 87' lang='lat' dir='ltr'>idem</span> <span class='ocrx_word' id='word_1_62' title='bbox 1623 1147 1826 1212; x_wconf 83' lang='lat' dir='ltr'>frater</span> <span class='ocrx_word' id='word_1_63' title='bbox 1872 1145 2037 1211; x_wconf 87' lang='lat' dir='ltr'>dixit</span> <span class='ocrx_word' id='word_1_64' title='bbox 2080 1148 2281 1212; x_wconf 84' lang='lat' dir='ltr'>eidem</span> <span class='ocrx_word' id='word_1_65' title='bbox 2328 1149 2515 1225; x_wconf 85' lang='lat' dir='ltr'>testi,</span> <span class='ocrx_word' id='word_1_66' title='bbox 2573 1153 2640 1212; x_wconf 88' lang='lat' dir='ltr'>et</span> 
     </span>
     <span class='ocr_line' id='line_1_9' title="bbox 307 1242 2638 1328; baseline 0 -19"><span class='ocrx_word' id='word_1_67' title='bbox 307 1251 467 1310; x_wconf 86' lang='lat' dir='ltr'>-erat</span> <span class='ocrx_word' id='word_1_68' title='bbox 511 1265 745 1327; x_wconf 82' lang='lat' dir='ltr'>parvae</span> <span class='ocrx_word' id='word_1_69' title='bbox 790 1249 1080 1307; x_wconf 84' lang='lat' dir='ltr'>staturae</span> <span class='ocrx_word' id='word_1_70' title='bbox 1137 1265 1256 1307; x_wconf 91' lang='lat' dir='ltr'>nec</span> <span class='ocrx_word' id='word_1_71' title='bbox 1303 1244 1689 1328; x_wconf 81' lang='lat' dir='ltr'>loquebatur</span> <span class='ocrx_word' id='word_1_72' title='bbox 1732 1243 1895 1308; x_wconf 89' lang='lat' dir='ltr'>bene</span> <span class='ocrx_word' id='word_1_73' title='bbox 1943 1242 2289 1319; x_wconf 83' lang='lat' dir='ltr'>Gallicum;</span> <span class='ocrx_word' id='word_1_74' title='bbox 2352 1244 2462 1328; x_wconf 91' lang='lat' dir='ltr'>qui</span> <span class='ocrx_word' id='word_1_75' title='bbox 2510 1244 2638 1309; x_wconf 86' lang='lat' dir='ltr'>fra-</span> 
     </span>
     <span class='ocr_line' id='line_1_10' title="bbox 306 1340 2639 1425; baseline -0.001 -19"><span class='ocrx_word' id='word_1_76' title='bbox 306 1348 425 1406; x_wconf 92' lang='lat' dir='ltr'>·ter</span> <span class='ocrx_word' id='word_1_77' title='bbox 470 1341 690 1406; x_wconf 85' lang='lat' dir='ltr'>audita</span> <span class='ocrx_word' id='word_1_78' title='bbox 747 1340 1148 1404; x_wconf 89' lang='lat' dir='ltr'>confessione</span> <span class='ocrx_word' id='word_1_79' title='bbox 1208 1341 1334 1404; x_wconf 88' lang='lat' dir='ltr'>fuit</span> <span class='ocrx_word' id='word_1_80' title='bbox 1386 1340 1815 1423; x_wconf 73' lang='lat' dir='ltr'>stupefactae,</span> <span class='ocrx_word' id='word_1_81' title='bbox 1878 1345 1942 1404; x_wconf 91' lang='lat' dir='ltr'>et</span> <span class='ocrx_word' id='word_1_82' title='bbox 1995 1340 2211 1425; x_wconf 83' lang='lat' dir='ltr'>arguit</span> <span class='ocrx_word' id='word_1_83' title='bbox 2258 1341 2496 1405; x_wconf 87' lang='lat' dir='ltr'>dictum</span> <span class='ocrx_word' id='word_1_84' title='bbox 2542 1348 2639 1406; x_wconf 82' lang='lat' dir='ltr'>te-</span> 
     </span>
     <span class='ocr_line' id='line_1_11' title="bbox 304 1436 2639 1520; baseline -0.001 -18"><span class='ocrx_word' id='word_1_85' title='bbox 304 1442 488 1503; x_wconf 52' lang='lat' dir='ltr'>rstem</span> <span class='ocrx_word' id='word_1_86' title='bbox 533 1437 610 1501; x_wconf 88' lang='lat' dir='ltr'>de</span> <span class='ocrx_word' id='word_1_87' title='bbox 655 1437 733 1501; x_wconf 87' lang='lat' dir='ltr'>iis</span> <span class='ocrx_word' id='word_1_88' title='bbox 780 1458 945 1520; x_wconf 90' lang='lat' dir='ltr'>quae</span> <span class='ocrx_word' id='word_1_89' title='bbox 991 1436 1262 1511; x_wconf 86' lang='lat' dir='ltr'>fecerat,</span> <span class='ocrx_word' id='word_1_90' title='bbox 1319 1440 1385 1499; x_wconf 88' lang='lat' dir='ltr'>et</span> <span class='ocrx_word' id='word_1_91' title='bbox 1444 1436 1834 1501; x_wconf 73' lang='lat' dir='ltr'>confortavit</span> <span class='ocrx_word' id='word_1_92' title='bbox 1877 1458 2021 1500; x_wconf 89' lang='lat' dir='ltr'>eum</span> <span class='ocrx_word' id='word_1_93' title='bbox 2065 1436 2143 1500; x_wconf 88' lang='lat' dir='ltr'>ad</span> <span class='ocrx_word' id='word_1_94' title='bbox 2190 1437 2356 1501; x_wconf 89' lang='lat' dir='ltr'>bene</span> <span class='ocrx_word' id='word_1_95' title='bbox 2402 1437 2639 1501; x_wconf 84' lang='lat' dir='ltr'>facien·</span> 
     </span>
     <span class='ocr_line' id='line_1_12' title="bbox 306 1533 2639 1619; baseline -0.002 -18"><span class='ocrx_word' id='word_1_96' title='bbox 306 1537 508 1619; x_wconf 70' lang='lat' dir='ltr'>dum,</span> <span class='ocrx_word' id='word_1_97' title='bbox 575 1540 641 1599; x_wconf 90' lang='lat' dir='ltr'>et</span> <span class='ocrx_word' id='word_1_98' title='bbox 702 1535 978 1599; x_wconf 86' lang='lat' dir='ltr'>absolvit</span> <span class='ocrx_word' id='word_1_99' title='bbox 1034 1556 1208 1611; x_wconf 90' lang='lat' dir='ltr'>eum,</span> <span class='ocrx_word' id='word_1_100' title='bbox 1274 1534 1573 1617; x_wconf 88' lang='lat' dir='ltr'>imposita</span> <span class='ocrx_word' id='word_1_101' title='bbox 1633 1534 1756 1597; x_wconf 85' lang='lat' dir='ltr'>sibi</span> <span class='ocrx_word' id='word_1_102' title='bbox 1814 1533 2250 1615; x_wconf 87' lang='lat' dir='ltr'>poenitentia,</span> <span class='ocrx_word' id='word_1_103' title='bbox 2312 1533 2484 1619; x_wconf 89' lang='lat' dir='ltr'>quod</span> <span class='ocrx_word' id='word_1_104' title='bbox 2542 1534 2639 1597; x_wconf 86' lang='lat' dir='ltr'>fa-</span> 
     </span>
     <span class='ocr_line' id='line_1_13' title="bbox 307 1627 2640 1713; baseline -0.001 -16"><span class='ocrx_word' id='word_1_105' title='bbox 307 1640 497 1697; x_wconf 87' lang='lat' dir='ltr'>·ceret</span> <span class='ocrx_word' id='word_1_106' title='bbox 542 1632 847 1696; x_wconf 90' lang='lat' dir='ltr'>celebrari</span> <span class='ocrx_word' id='word_1_107' title='bbox 896 1630 1198 1694; x_wconf 84' lang='lat' dir='ltr'>tredecim</span> <span class='ocrx_word' id='word_1_108' title='bbox 1249 1630 1473 1694; x_wconf 85' lang='lat' dir='ltr'>missas</span> <span class='ocrx_word' id='word_1_109' title='bbox 1519 1629 1593 1693; x_wconf 90' lang='lat' dir='ltr'>de</span> <span class='ocrx_word' id='word_1_110' title='bbox 1642 1627 1883 1694; x_wconf 84' lang='lat' dir='ltr'>Sancto</span> <span class='ocrx_word' id='word_1_111' title='bbox 1932 1627 2209 1713; x_wconf 84' lang='lat' dir='ltr'>Spiritu,</span> <span class='ocrx_word' id='word_1_112' title='bbox 2271 1636 2346 1695; x_wconf 91' lang='lat' dir='ltr'>ut</span> <span class='ocrx_word' id='word_1_113' title='bbox 2399 1631 2640 1695; x_wconf 87' lang='lat' dir='ltr'>illumi-</span> 
     </span>
     <span class='ocr_line' id='line_1_14' title="bbox 305 1726 2638 1812; baseline -0.001 -19"><span class='ocrx_word' id='word_1_114' title='bbox 305 1733 514 1793; x_wconf 50' lang='lat' dir='ltr'>·‘naret</span> <span class='ocrx_word' id='word_1_115' title='bbox 575 1751 747 1804; x_wconf 86' lang='lat' dir='ltr'>eum,</span> <span class='ocrx_word' id='word_1_116' title='bbox 820 1731 887 1791; x_wconf 89' lang='lat' dir='ltr'>et</span> <span class='ocrx_word' id='word_1_117' title='bbox 950 1726 1119 1811; x_wconf 91' lang='lat' dir='ltr'>quod</span> <span class='ocrx_word' id='word_1_118' title='bbox 1174 1729 1503 1812; x_wconf 83' lang='lat' dir='ltr'>jejunaret</span> <span class='ocrx_word' id='word_1_119' title='bbox 1566 1748 1681 1809; x_wconf 86' lang='lat' dir='ltr'>per</span> <span class='ocrx_word' id='word_1_120' title='bbox 1744 1747 1943 1790; x_wconf 90' lang='lat' dir='ltr'>unum</span> <span class='ocrx_word' id='word_1_121' title='bbox 1999 1748 2245 1790; x_wconf 85' lang='lat' dir='ltr'>annum</span> <span class='ocrx_word' id='word_1_122' title='bbox 2311 1727 2379 1791; x_wconf 89' lang='lat' dir='ltr'>in</span> <span class='ocrx_word' id='word_1_123' title='bbox 2440 1727 2638 1792; x_wconf 90' lang='lat' dir='ltr'>sextis</span> 
     </span>
     <span class='ocr_line' id='line_1_15' title="bbox 304 1822 2639 1908; baseline -0 -19"><span class='ocrx_word' id='word_1_124' title='bbox 304 1826 498 1890; x_wconf 64' lang='lat' dir='ltr'>⁴feriis</span> <span class='ocrx_word' id='word_1_125' title='bbox 569 1825 639 1888; x_wconf 89' lang='lat' dir='ltr'>in</span> <span class='ocrx_word' id='word_1_126' title='bbox 707 1845 875 1908; x_wconf 88' lang='lat' dir='ltr'>pane</span> <span class='ocrx_word' id='word_1_127' title='bbox 941 1832 1007 1887; x_wconf 91' lang='lat' dir='ltr'>et</span> <span class='ocrx_word' id='word_1_128' title='bbox 1074 1846 1242 1907; x_wconf 86' lang='lat' dir='ltr'>aqua</span> <span class='ocrx_word' id='word_1_129' title='bbox 1304 1824 1358 1886; x_wconf 88' lang='lat' dir='ltr'>si</span> <span class='ocrx_word' id='word_1_130' title='bbox 1406 1826 1650 1905; x_wconf 85' lang='lat' dir='ltr'>posset,</span> <span class='ocrx_word' id='word_1_131' title='bbox 1722 1827 1786 1885; x_wconf 90' lang='lat' dir='ltr'>et</span> <span class='ocrx_word' id='word_1_132' title='bbox 1849 1822 1900 1885; x_wconf 90' lang='lat' dir='ltr'>si</span> <span class='ocrx_word' id='word_1_133' title='bbox 1965 1844 2096 1887; x_wconf 89' lang='lat' dir='ltr'>non</span> <span class='ocrx_word' id='word_1_134' title='bbox 2160 1827 2399 1906; x_wconf 89' lang='lat' dir='ltr'>posset,</span> <span class='ocrx_word' id='word_1_135' title='bbox 2469 1823 2639 1908; x_wconf 86' lang='lat' dir='ltr'>quod</span> 
     </span>
     <span class='ocr_line' id='line_1_16' title="bbox 305 1918 2640 2005; baseline 0 -20"><span class='ocrx_word' id='word_1_136' title='bbox 305 1922 509 1985; x_wconf 55' lang='lat' dir='ltr'>»daret</span> <span class='ocrx_word' id='word_1_137' title='bbox 569 1943 767 1985; x_wconf 90' lang='lat' dir='ltr'>unum</span> <span class='ocrx_word' id='word_1_138' title='bbox 825 1920 1159 1983; x_wconf 85' lang='lat' dir='ltr'>denarium</span> <span class='ocrx_word' id='word_1_139' title='bbox 1218 1942 1334 2003; x_wconf 92' lang='lat' dir='ltr'>pro</span> <span class='ocrx_word' id='word_1_140' title='bbox 1392 1918 1666 2003; x_wconf 85' lang='lat' dir='ltr'>singulis</span> <span class='ocrx_word' id='word_1_141' title='bbox 1723 1919 1922 1984; x_wconf 90' lang='lat' dir='ltr'>sextis</span> <span class='ocrx_word' id='word_1_142' title='bbox 1977 1919 2157 1983; x_wconf 89' lang='lat' dir='ltr'>feriis</span> <span class='ocrx_word' id='word_1_143' title='bbox 2217 1920 2448 2005; x_wconf 88' lang='lat' dir='ltr'>quibus</span> <span class='ocrx_word' id='word_1_144' title='bbox 2507 1943 2640 1986; x_wconf 91' lang='lat' dir='ltr'>non</span> 
     </span>
     <span class='ocr_line' id='line_1_17' title="bbox 296 2015 2640 2104; baseline 0 -22"><span class='ocrx_word' id='word_1_145' title='bbox 296 2019 667 2104; x_wconf 65' lang='lat' dir='ltr'>jejunaret.</span> <span class='ocrx_word' id='word_1_146' title='bbox 778 2016 876 2081; x_wconf 91' lang='lat' dir='ltr'>De</span> <span class='ocrx_word' id='word_1_147' title='bbox 939 2016 1109 2080; x_wconf 89' lang='lat' dir='ltr'>dicto</span> <span class='ocrx_word' id='word_1_148' title='bbox 1173 2020 1387 2081; x_wconf 88' lang='lat' dir='ltr'>autem</span> <span class='ocrx_word' id='word_1_149' title='bbox 1453 2016 1656 2079; x_wconf 85' lang='lat' dir='ltr'>fratre</span> <span class='ocrx_word' id='word_1_150' title='bbox 1714 2015 1969 2080; x_wconf 88' lang='lat' dir='ltr'>Minore</span> <span class='ocrx_word' id='word_1_151' title='bbox 2033 2038 2165 2081; x_wconf 90' lang='lat' dir='ltr'>non</span> <span class='ocrx_word' id='word_1_152' title='bbox 2232 2023 2371 2082; x_wconf 86' lang='lat' dir='ltr'>erat</span> <span class='ocrx_word' id='word_1_153' title='bbox 2426 2026 2640 2083; x_wconf 85' lang='lat' dir='ltr'>certus</span> 
     </span>
     <span class='ocr_line' id='line_1_18' title="bbox 308 2112 2639 2198; baseline 0.001 -22"><span class='ocrx_word' id='word_1_154' title='bbox 308 2116 381 2179; x_wconf 79' lang='lat' dir='ltr'>si</span> <span class='ocrx_word' id='word_1_155' title='bbox 437 2115 598 2178; x_wconf 84' lang='lat' dir='ltr'>vivit</span> <span class='ocrx_word' id='word_1_156' title='bbox 642 2114 743 2177; x_wconf 84' lang='lat' dir='ltr'>vel</span> <span class='ocrx_word' id='word_1_157' title='bbox 798 2136 957 2188; x_wconf 85' lang='lat' dir='ltr'>non;</span> <span class='ocrx_word' id='word_1_158' title='bbox 1024 2112 1269 2177; x_wconf 85' lang='lat' dir='ltr'>viderat</span> <span class='ocrx_word' id='word_1_159' title='bbox 1331 2119 1550 2176; x_wconf 87' lang='lat' dir='ltr'>tamen</span> <span class='ocrx_word' id='word_1_160' title='bbox 1611 2134 1757 2177; x_wconf 85' lang='lat' dir='ltr'>eum</span> <span class='ocrx_word' id='word_1_161' title='bbox 1814 2112 2081 2178; x_wconf 87' lang='lat' dir='ltr'>fuerunt</span> <span class='ocrx_word' id='word_1_162' title='bbox 2140 2113 2394 2179; x_wconf 83' lang='lat' dir='ltr'>circiter</span> <span class='ocrx_word' id='word_1_163' title='bbox 2448 2116 2639 2198; x_wconf 89' lang='lat' dir='ltr'>quin-</span> 
     </span>
     <span class='ocr_line' id='line_1_19' title="bbox 310 2207 794 2295; baseline 0 -20"><span class='ocrx_word' id='word_1_164' title='bbox 310 2233 456 2295; x_wconf 88' lang='lat' dir='ltr'>-que</span> <span class='ocrx_word' id='word_1_165' title='bbox 503 2211 720 2275; x_wconf 84' lang='lat' dir='ltr'>anni.“</span> <span class='ocrx_word' id='word_1_166' title='bbox 748 2207 794 2294; x_wconf 91' lang='lat'>¹)</span> 
     </span>
    </p>
   </div>
   <div class='ocr_carea' id='block_1_3' title="bbox 296 2356 2969 4002">
    <p class='ocr_par' dir='ltr' id='par_1_3' title="bbox 296 2356 2969 3216">
     <span class='ocr_line' id='line_1_20' title="bbox 501 2356 2969 2438; baseline 0 -17"><span class='ocrx_word' id='word_1_167' title='bbox 501 2359 608 2423; x_wconf 86' lang='lat'>43.</span> <span class='ocrx_word' id='word_1_168' title='bbox 655 2356 1061 2421; x_wconf 83' lang='lat' dir='ltr'>Theobaldus</span> <span class='ocrx_word' id='word_1_169' title='bbox 1107 2356 1185 2421; x_wconf 89' lang='lat' dir='ltr'>de</span> <span class='ocrx_word' id='word_1_170' title='bbox 1233 2356 1628 2421; x_wconf 85' lang='lat' dir='ltr'>Taverniaco</span> <span class='ocrx_word' id='word_1_171' title='bbox 1676 2358 1761 2420; x_wconf 76' lang='lat'>40</span> <span class='ocrx_word' id='word_1_172' title='bbox 1808 2378 2121 2420; x_wconf 89' lang='lat' dir='ltr'>annorum</span> <span class='ocrx_word' id='word_1_173' title='bbox 2170 2360 2464 2438; x_wconf 86' lang='lat' dir='ltr'>receptus</span> <span class='ocrx_word' id='word_1_174' title='bbox 2512 2358 2969 2422; x_wconf 65' lang='lat' dir='ltr'>fuitT11⁶³0b⁸¹1d-&lt;ie</span> 
     </span>
     <span class='ocr_line' id='line_1_21' title="bbox 305 2426 2954 2537; baseline -0.001 -16"><span class='ocrx_word' id='word_1_175' title='bbox 305 2461 478 2521; x_wconf 71' lang='lat' dir='ltr'>ante</span> <span class='ocrx_word' id='word_1_176' title='bbox 540 2457 619 2520; x_wconf 88' lang='lat'>10</span> <span class='ocrx_word' id='word_1_177' title='bbox 690 2476 895 2518; x_wconf 86' lang='lat' dir='ltr'>annos</span> <span class='ocrx_word' id='word_1_178' title='bbox 965 2475 1080 2537; x_wconf 88' lang='lat' dir='ltr'>per</span> <span class='ocrx_word' id='word_1_179' title='bbox 1147 2455 1414 2519; x_wconf 87' lang='lat' dir='ltr'>fratrem</span> <span class='ocrx_word' id='word_1_180' title='bbox 1475 2451 1846 2518; x_wconf 85' lang='lat' dir='ltr'>Johannem</span> <span class='ocrx_word' id='word_1_181' title='bbox 1909 2452 2120 2531; x_wconf 91' lang='lat' dir='ltr'>Moet,</span> <span class='ocrx_word' id='word_1_182' title='bbox 2190 2453 2637 2537; x_wconf 86' lang='lat' dir='ltr'>praesentibus</span> <span class='ocrx_word' id='word_1_183' title='bbox 2670 2426 2954 2469; x_wconf 60' lang='lat' dir='ltr'>Tmmm’</span> 
     </span>
     <span class='ocr_line' id='line_1_22' title="bbox 304 2548 2637 2636; baseline -0.001 -18"><span class='ocrx_word' id='word_1_184' title='bbox 304 2553 532 2618; x_wconf 77' lang='lat' dir='ltr'>-solum</span> <span class='ocrx_word' id='word_1_185' title='bbox 593 2552 902 2615; x_wconf 86' lang='lat' dir='ltr'>fratribus</span> <span class='ocrx_word' id='word_1_186' title='bbox 961 2550 1264 2616; x_wconf 86' lang='lat' dir='ltr'>Johanne</span> <span class='ocrx_word' id='word_1_187' title='bbox 1322 2548 1402 2614; x_wconf 91' lang='lat' dir='ltr'>de</span> <span class='ocrx_word' id='word_1_188' title='bbox 1458 2548 1827 2636; x_wconf 82' lang='lat' dir='ltr'>Langivilla</span> <span class='ocrx_word' id='word_1_189' title='bbox 1888 2551 2260 2634; x_wconf 86' lang='lat' dir='ltr'>presbytero</span> <span class='ocrx_word' id='word_1_190' title='bbox 2323 2556 2388 2614; x_wconf 91' lang='lat' dir='ltr'>et</span> <span class='ocrx_word' id='word_1_191' title='bbox 2444 2550 2637 2615; x_wconf 91' lang='lat' dir='ltr'>Petro</span> 
     </span>
     <span class='ocr_line' id='line_1_23' title="bbox 327 2645 2637 2714; baseline -0.001 0"><span class='ocrx_word' id='word_1_192' title='bbox 327 2652 404 2714; x_wconf 84' lang='lat' dir='ltr'>de</span> <span class='ocrx_word' id='word_1_193' title='bbox 453 2647 777 2713; x_wconf 87' lang='lat' dir='ltr'>Cormeles</span> <span class='ocrx_word' id='word_1_194' title='bbox 841 2648 1264 2712; x_wconf 89' lang='lat' dir='ltr'>servientibus</span> <span class='ocrx_word' id='word_1_195' title='bbox 1330 2647 1587 2712; x_wconf 83' lang='lat' dir='ltr'>Ordinis</span> <span class='ocrx_word' id='word_1_196' title='bbox 1646 2647 1990 2711; x_wconf 85' lang='lat' dir='ltr'>defunctis.</span> <span class='ocrx_word' id='word_1_197' title='bbox 2105 2645 2301 2711; x_wconf 82' lang='lat' dir='ltr'>Facto</span> <span class='ocrx_word' id='word_1_198' title='bbox 2362 2654 2513 2712; x_wconf 87' lang='lat' dir='ltr'>voto</span> <span class='ocrx_word' id='word_1_199' title='bbox 2572 2654 2637 2712; x_wconf 88' lang='lat' dir='ltr'>et</span> 
     </span>
     <span class='ocr_line' id='line_1_24' title="bbox 296 2743 2638 2829; baseline -0.001 -19"><span class='ocrx_word' id='word_1_200' title='bbox 296 2817 307 2823; x_wconf 46' lang='grc'><strong>,</strong></span> <span class='ocrx_word' id='word_1_201' title='bbox 319 2749 692 2829; x_wconf 84' lang='lat' dir='ltr'>juramento</span> <span class='ocrx_word' id='word_1_202' title='bbox 738 2743 937 2822; x_wconf 86' lang='lat' dir='ltr'>„dicti</span> <span class='ocrx_word' id='word_1_203' title='bbox 982 2744 1110 2807; x_wconf 87' lang='lat' dir='ltr'>duo</span> <span class='ocrx_word' id='word_1_204' title='bbox 1155 2745 1388 2808; x_wconf 86' lang='lat' dir='ltr'>fratres</span> <span class='ocrx_word' id='word_1_205' title='bbox 1433 2749 1774 2807; x_wconf 80' lang='lat' dir='ltr'>traxerunt</span> <span class='ocrx_word' id='word_1_206' title='bbox 1818 2766 1887 2807; x_wconf 90' lang='lat' dir='ltr'>se</span> <span class='ocrx_word' id='word_1_207' title='bbox 1934 2743 2011 2808; x_wconf 89' lang='lat' dir='ltr'>ad</span> <span class='ocrx_word' id='word_1_208' title='bbox 2057 2750 2335 2827; x_wconf 85' lang='lat' dir='ltr'>partem,</span> <span class='ocrx_word' id='word_1_209' title='bbox 2384 2765 2638 2808; x_wconf 85' lang='lat' dir='ltr'>reman-</span> 
     </span>
     <span class='ocr_line' id='line_1_25' title="bbox 300 2841 2639 2924; baseline -0.001 -18"><span class='ocrx_word' id='word_1_210' title='bbox 300 2848 556 2906; x_wconf 82' lang='lat' dir='ltr'>serunt</span> <span class='ocrx_word' id='word_1_211' title='bbox 609 2848 829 2905; x_wconf 83' lang='lat' dir='ltr'>tamen</span> <span class='ocrx_word' id='word_1_212' title='bbox 884 2841 950 2904; x_wconf 90' lang='lat' dir='ltr'>in</span> <span class='ocrx_word' id='word_1_213' title='bbox 1015 2841 1260 2924; x_wconf 87' lang='lat' dir='ltr'>capella</span> <span class='ocrx_word' id='word_1_214' title='bbox 1320 2846 1385 2904; x_wconf 92' lang='lat' dir='ltr'>et</span> <span class='ocrx_word' id='word_1_215' title='bbox 1438 2841 1620 2905; x_wconf 88' lang='lat' dir='ltr'>testis</span> <span class='ocrx_word' id='word_1_216' title='bbox 1674 2841 1796 2905; x_wconf 87' lang='lat' dir='ltr'>iste</span> <span class='ocrx_word' id='word_1_217' title='bbox 1847 2841 1925 2904; x_wconf 90' lang='lat' dir='ltr'>de</span> <span class='ocrx_word' id='word_1_218' title='bbox 1977 2841 2278 2906; x_wconf 86' lang='lat' dir='ltr'>mandato</span> <span class='ocrx_word' id='word_1_219' title='bbox 2332 2841 2491 2904; x_wconf 87' lang='lat' dir='ltr'>dicti</span> <span class='ocrx_word' id='word_1_220' title='bbox 2543 2862 2639 2904; x_wconf 89' lang='lat' dir='ltr'>re·</span> 
     </span>
     <span class='ocr_line' id='line_1_26' title="bbox 305 2937 2635 3022; baseline -0.002 -19"><span class='ocrx_word' id='word_1_221' title='bbox 305 2939 602 3022; x_wconf 47' lang='lat' dir='ltr'>*ceptoris</span> <span class='ocrx_word' id='word_1_222' title='bbox 643 2938 848 3002; x_wconf 85' lang='lat' dir='ltr'>traxit</span> <span class='ocrx_word' id='word_1_223' title='bbox 900 2959 967 3001; x_wconf 89' lang='lat' dir='ltr'>se</span> <span class='ocrx_word' id='word_1_224' title='bbox 1022 2959 1164 3002; x_wconf 89' lang='lat' dir='ltr'>cum</span> <span class='ocrx_word' id='word_1_225' title='bbox 1209 2937 1347 3020; x_wconf 88' lang='lat' dir='ltr'>ipso</span> <span class='ocrx_word' id='word_1_226' title='bbox 1393 2943 1720 3020; x_wconf 86' lang='lat' dir='ltr'>receptore</span> <span class='ocrx_word' id='word_1_227' title='bbox 1774 2959 1969 3021; x_wconf 88' lang='lat' dir='ltr'>prope</span> <span class='ocrx_word' id='word_1_228' title='bbox 2025 2939 2257 3016; x_wconf 86' lang='lat' dir='ltr'>altare,</span> <span class='ocrx_word' id='word_1_229' title='bbox 2314 2943 2381 3002; x_wconf 90' lang='lat' dir='ltr'>et</span> <span class='ocrx_word' id='word_1_230' title='bbox 2426 2937 2635 3001; x_wconf 91' lang='lat' dir='ltr'>dictus</span> 
     </span>
     <span class='ocr_line' id='line_1_27' title="bbox 312 3033 2639 3118; baseline 0.001 -23"><span class='ocrx_word' id='word_1_231' title='bbox 312 3041 621 3118; x_wconf 86' lang='lat' dir='ltr'>receptor</span> <span class='ocrx_word' id='word_1_232' title='bbox 681 3034 846 3098; x_wconf 86' lang='lat' dir='ltr'>dixit</span> <span class='ocrx_word' id='word_1_233' title='bbox 902 3035 991 3112; x_wconf 93' lang='lat' dir='ltr'>ei,</span> <span class='ocrx_word' id='word_1_234' title='bbox 1056 3033 1450 3099; x_wconf 89' lang='lat' dir='ltr'>ostendendo</span> <span class='ocrx_word' id='word_1_235' title='bbox 1512 3034 1633 3098; x_wconf 89' lang='lat' dir='ltr'>sibi</span> <span class='ocrx_word' id='word_1_236' title='bbox 1693 3054 1941 3098; x_wconf 87' lang='lat' dir='ltr'>crucem</span> <span class='ocrx_word' id='word_1_237' title='bbox 2003 3035 2382 3099; x_wconf 79' lang='lat' dir='ltr'>existentem</span> <span class='ocrx_word' id='word_1_238' title='bbox 2448 3055 2639 3117; x_wconf 88' lang='lat' dir='ltr'>super</span> 
     </span>
     <span class='ocr_line' id='line_1_28' title="bbox 306 3130 2636 3216; baseline -0 -20"><span class='ocrx_word' id='word_1_239' title='bbox 306 3133 534 3196; x_wconf 64' lang='lat' dir='ltr'>altare</span> <span class='ocrx_word' id='word_1_240' title='bbox 594 3132 664 3195; x_wconf 91' lang='lat' dir='ltr'>in</span> <span class='ocrx_word' id='word_1_241' title='bbox 727 3153 853 3215; x_wconf 85' lang='lat' dir='ltr'>qua</span> <span class='ocrx_word' id='word_1_242' title='bbox 914 3134 1055 3196; x_wconf 84' lang='lat' dir='ltr'>erat</span> <span class='ocrx_word' id='word_1_243' title='bbox 1113 3132 1326 3214; x_wconf 87' lang='lat' dir='ltr'>imago</span> <span class='ocrx_word' id='word_1_244' title='bbox 1389 3130 1690 3194; x_wconf 86' lang='lat' dir='ltr'>Crucifixi</span> <span class='ocrx_word' id='word_1_245' title='bbox 1750 3130 2029 3214; x_wconf 87' lang='lat' dir='ltr'>depicta:</span> <span class='ocrx_word' id='word_1_246' title='bbox 2095 3131 2369 3216; x_wconf 85' lang='lat' dir='ltr'>Abnega</span> <span class='ocrx_word' id='word_1_247' title='bbox 2435 3132 2636 3208; x_wconf 90' lang='lat' dir='ltr'>illum,</span> 
     </span>
    </p>

    <p class='ocr_par' dir='ltr' id='par_1_4' title="bbox 306 3226 2640 4002">
     <span class='ocr_line' id='line_1_29' title="bbox 308 3226 2635 3311; baseline 0 -20"><span class='ocrx_word' id='word_1_248' title='bbox 308 3229 443 3311; x_wconf 81' lang='lat' dir='ltr'>-qui</span> <span class='ocrx_word' id='word_1_249' title='bbox 503 3233 1029 3311; x_wconf 84' lang='lat' dir='ltr'>repraesentatur</span> <span class='ocrx_word' id='word_1_250' title='bbox 1090 3250 1204 3311; x_wconf 90' lang='lat' dir='ltr'>per</span> <span class='ocrx_word' id='word_1_251' title='bbox 1264 3226 1543 3310; x_wconf 84' lang='lat' dir='ltr'>effigiem</span> <span class='ocrx_word' id='word_1_252' title='bbox 1608 3228 1785 3291; x_wconf 87' lang='lat' dir='ltr'>illam</span> <span class='ocrx_word' id='word_1_253' title='bbox 1858 3229 2239 3292; x_wconf 82' lang='lat' dir='ltr'>existentem</span> <span class='ocrx_word' id='word_1_254' title='bbox 2300 3229 2370 3293; x_wconf 90' lang='lat' dir='ltr'>in</span> <span class='ocrx_word' id='word_1_255' title='bbox 2434 3250 2635 3294; x_wconf 86' lang='lat' dir='ltr'>cruce.</span> 
     </span>
     <span class='ocr_line' id='line_1_30' title="bbox 308 3323 2639 3409; baseline 0 -20"><span class='ocrx_word' id='word_1_256' title='bbox 308 3323 421 3389; x_wconf 74' lang='lat' dir='ltr'>&#39;Et</span> <span class='ocrx_word' id='word_1_257' title='bbox 493 3325 629 3408; x_wconf 88' lang='lat' dir='ltr'>ipse</span> <span class='ocrx_word' id='word_1_258' title='bbox 706 3324 1062 3407; x_wconf 85' lang='lat' dir='ltr'>respondit:</span> <span class='ocrx_word' id='word_1_259' title='bbox 1152 3323 1481 3400; x_wconf 82' lang='lat' dir='ltr'>Quomodo</span> <span class='ocrx_word' id='word_1_260' title='bbox 1555 3345 1801 3407; x_wconf 89' lang='lat' dir='ltr'>possem</span> <span class='ocrx_word' id='word_1_261' title='bbox 1880 3324 2196 3409; x_wconf 85' lang='lat' dir='ltr'>abnegare</span> <span class='ocrx_word' id='word_1_262' title='bbox 2271 3325 2639 3391; x_wconf 86' lang='lat' dir='ltr'>Creatorem</span> 
     </span>
     <span class='ocr_line' id='line_1_31' title="bbox 307 3419 2640 3504; baseline 0.001 -22"><span class='ocrx_word' id='word_1_263' title='bbox 307 3423 588 3484; x_wconf 82' lang='lat' dir='ltr'>.meu1n?</span> <span class='ocrx_word' id='word_1_264' title='bbox 644 3424 710 3484; x_wconf 88' lang='lat' dir='ltr'>et</span> <span class='ocrx_word' id='word_1_265' title='bbox 754 3430 1048 3503; x_wconf 89' lang='lat' dir='ltr'>receptor</span> <span class='ocrx_word' id='word_1_266' title='bbox 1093 3420 1425 3503; x_wconf 85' lang='lat' dir='ltr'>respondit</span> <span class='ocrx_word' id='word_1_267' title='bbox 1473 3419 1561 3496; x_wconf 86' lang='lat' dir='ltr'>ei,</span> <span class='ocrx_word' id='word_1_268' title='bbox 1617 3419 1780 3502; x_wconf 87' lang='lat' dir='ltr'>quod</span> <span class='ocrx_word' id='word_1_269' title='bbox 1831 3420 2184 3504; x_wconf 85' lang='lat' dir='ltr'>abnegaret</span> <span class='ocrx_word' id='word_1_270' title='bbox 2230 3444 2371 3486; x_wconf 91' lang='lat' dir='ltr'>eum</span> <span class='ocrx_word' id='word_1_271' title='bbox 2419 3444 2527 3487; x_wconf 89' lang='lat' dir='ltr'>ore</span> <span class='ocrx_word' id='word_1_272' title='bbox 2574 3426 2640 3486; x_wconf 90' lang='lat' dir='ltr'>et</span> 
     </span>
     <span class='ocr_line' id='line_1_32' title="bbox 332 3514 2638 3600; baseline 0.001 -20"><span class='ocrx_word' id='word_1_273' title='bbox 332 3539 465 3582; x_wconf 91' lang='lat' dir='ltr'>non</span> <span class='ocrx_word' id='word_1_274' title='bbox 517 3517 731 3594; x_wconf 89' lang='lat' dir='ltr'>corde,</span> <span class='ocrx_word' id='word_1_275' title='bbox 798 3518 949 3600; x_wconf 89' lang='lat' dir='ltr'>quia</span> <span class='ocrx_word' id='word_1_276' title='bbox 1008 3517 1126 3581; x_wconf 89' lang='lat' dir='ltr'>hoc</span> <span class='ocrx_word' id='word_1_277' title='bbox 1184 3521 1326 3580; x_wconf 85' lang='lat' dir='ltr'>erat</span> <span class='ocrx_word' id='word_1_278' title='bbox 1385 3516 1464 3579; x_wconf 85' lang='lat' dir='ltr'>de</span> <span class='ocrx_word' id='word_1_279' title='bbox 1524 3517 1779 3599; x_wconf 86' lang='lat' dir='ltr'>punctis</span> <span class='ocrx_word' id='word_1_280' title='bbox 1842 3514 2135 3595; x_wconf 84' lang='lat' dir='ltr'>Ordinis,</span> <span class='ocrx_word' id='word_1_281' title='bbox 2196 3523 2263 3582; x_wconf 88' lang='lat' dir='ltr'>et</span> <span class='ocrx_word' id='word_1_282' title='bbox 2317 3529 2474 3584; x_wconf 90' lang='lat' dir='ltr'>tunc</span> <span class='ocrx_word' id='word_1_283' title='bbox 2530 3520 2638 3582; x_wconf 89' lang='lat' dir='ltr'>ab·</span> 
     </span>
     <span class='ocr_line' id='line_1_33' title="bbox 334 3612 2639 3698; baseline 0.001 -21"><span class='ocrx_word' id='word_1_284' title='bbox 334 3614 599 3698; x_wconf 85' lang='lat' dir='ltr'>negavit</span> <span class='ocrx_word' id='word_1_285' title='bbox 643 3635 750 3677; x_wconf 90' lang='lat' dir='ltr'>ore</span> <span class='ocrx_word' id='word_1_286' title='bbox 809 3618 873 3678; x_wconf 92' lang='lat' dir='ltr'>et</span> <span class='ocrx_word' id='word_1_287' title='bbox 928 3636 1059 3678; x_wconf 88' lang='lat' dir='ltr'>non</span> <span class='ocrx_word' id='word_1_288' title='bbox 1116 3612 1332 3689; x_wconf 88' lang='lat' dir='ltr'>corde,</span> <span class='ocrx_word' id='word_1_289' title='bbox 1388 3617 1461 3677; x_wconf 90' lang='lat' dir='ltr'>ut</span> <span class='ocrx_word' id='word_1_290' title='bbox 1513 3612 1705 3687; x_wconf 76' lang='lat' dir='ltr'>dixit3</span> <span class='ocrx_word' id='word_1_291' title='bbox 1760 3614 2163 3696; x_wconf 88' lang='lat' dir='ltr'>postmodum</span> <span class='ocrx_word' id='word_1_292' title='bbox 2211 3615 2290 3679; x_wconf 90' lang='lat' dir='ltr'>de</span> <span class='ocrx_word' id='word_1_293' title='bbox 2336 3614 2639 3679; x_wconf 85' lang='lat' dir='ltr'>mandato</span> 
     </span>
     <span class='ocr_line' id='line_1_34' title="bbox 306 3709 2639 3794; baseline -0 -19"><span class='ocrx_word' id='word_1_294' title='bbox 306 3710 534 3793; x_wconf 73' lang='lat' dir='ltr'>ipsius</span> <span class='ocrx_word' id='word_1_295' title='bbox 587 3710 932 3794; x_wconf 86' lang='lat' dir='ltr'>receptoris</span> <span class='ocrx_word' id='word_1_296' title='bbox 988 3709 1311 3773; x_wconf 87' lang='lat' dir='ltr'>osculatus</span> <span class='ocrx_word' id='word_1_297' title='bbox 1366 3709 1494 3773; x_wconf 88' lang='lat' dir='ltr'>fuit</span> <span class='ocrx_word' id='word_1_298' title='bbox 1549 3710 1756 3792; x_wconf 88' lang='lat' dir='ltr'>ipsum</span> <span class='ocrx_word' id='word_1_299' title='bbox 1814 3716 2205 3792; x_wconf 88' lang='lat' dir='ltr'>receptorem</span> <span class='ocrx_word' id='word_1_300' title='bbox 2256 3716 2429 3776; x_wconf 90' lang='lat' dir='ltr'>retro</span> <span class='ocrx_word' id='word_1_301' title='bbox 2474 3712 2639 3776; x_wconf 84' lang='lat' dir='ltr'>circa</span> 
     </span>
     <span class='ocr_line' id='line_1_35' title="bbox 320 3804 2637 3892; baseline 0.004 -27"><span class='ocrx_word' id='word_1_302' title='bbox 320 3828 563 3875; x_wconf 20' lang='lat' dir='ltr'>‘zonam</span> <span class='ocrx_word' id='word_1_303' title='bbox 625 3827 816 3889; x_wconf 91' lang='lat' dir='ltr'>super</span> <span class='ocrx_word' id='word_1_304' title='bbox 881 3827 1138 3870; x_wconf 85' lang='lat' dir='ltr'>carnem</span> <span class='ocrx_word' id='word_1_305' title='bbox 1208 3805 1471 3869; x_wconf 74' lang='lat' dir='ltr'>nudam.</span> <span class='ocrx_word' id='word_1_306' title='bbox 1578 3804 1912 3889; x_wconf 80' lang='lat' dir='ltr'>Praecepit</span> <span class='ocrx_word' id='word_1_307' title='bbox 1983 3809 2039 3871; x_wconf 88' lang='lat' dir='ltr'>ei</span> <span class='ocrx_word' id='word_1_308' title='bbox 2104 3808 2366 3892; x_wconf 89' lang='lat' dir='ltr'>insuper</span> <span class='ocrx_word' id='word_1_309' title='bbox 2429 3808 2637 3874; x_wconf 88' lang='lat' dir='ltr'>dictus</span> 
     </span>
     <span class='ocr_line' id='line_1_36' title="bbox 308 3902 2640 4002; baseline 0.003 -39"><span class='ocrx_word' id='word_1_310' title='bbox 308 3909 653 4002; x_wconf 47' lang='lat' dir='ltr'>inceptor,</span> <span class='ocrx_word' id='word_1_311' title='bbox 715 3908 789 3967; x_wconf 88' lang='lat' dir='ltr'>ut</span> <span class='ocrx_word' id='word_1_312' title='bbox 850 3902 1043 3980; x_wconf 85' lang='lat' dir='ltr'>dixit,</span> <span class='ocrx_word' id='word_1_313' title='bbox 1112 3902 1280 3986; x_wconf 91' lang='lat' dir='ltr'>quod</span> <span class='ocrx_word' id='word_1_314' title='bbox 1339 3906 1599 3985; x_wconf 86' lang='lat' dir='ltr'>spueret</span> <span class='ocrx_word' id='word_1_315' title='bbox 1658 3909 1882 3966; x_wconf 84' lang='lat' dir='ltr'>contra</span> <span class='ocrx_word' id='word_1_316' title='bbox 1936 3903 2168 3968; x_wconf 85' lang='lat' dir='ltr'>dictam</span> <span class='ocrx_word' id='word_1_317' title='bbox 2232 3927 2509 3984; x_wconf 90' lang='lat' dir='ltr'>crucem,</span> <span class='ocrx_word' id='word_1_318' title='bbox 2576 3911 2640 3971; x_wconf 90' lang='lat' dir='ltr'>et</span> 
     </span>
    </p>
   </div>
   <div class='ocr_carea' id='block_1_4' title="bbox 342 4074 513 4079">
    <p class='ocr_par' dir='ltr' id='par_1_5' title="bbox 342 4074 513 4079">
     <span class='ocr_line' id='line_1_37' title="bbox 342 4074 513 4079; baseline 0 0"><span class='ocrx_word' id='word_1_319' title='bbox 342 4074 513 4079; x_wconf 95' lang='lat' dir='ltr'> </span> 
     </span>
    </p>
   </div>
   <div class='ocr_carea' id='block_1_5' title="bbox 519 4156 1409 4223">
    <p class='ocr_par' dir='ltr' id='par_1_6' title="bbox 519 4156 1409 4223">
     <span class='ocr_line' id='line_1_38' title="bbox 519 4156 1409 4223; baseline -0.004 -13"><span class='ocrx_word' id='word_1_320' title='bbox 519 4157 559 4221; x_wconf 94' lang='lat'>¹)</span> <span class='ocrx_word' id='word_1_321' title='bbox 599 4157 797 4210; x_wconf 78' lang='lat' dir='ltr'>Proces</span> <span class='ocrx_word' id='word_1_322' title='bbox 835 4161 937 4210; x_wconf 89' lang='lat' dir='ltr'>etc.</span> <span class='ocrx_word' id='word_1_323' title='bbox 977 4156 1020 4209; x_wconf 89' lang='lat' dir='ltr'>I.</span> <span class='ocrx_word' id='word_1_324' title='bbox 1062 4172 1112 4223; x_wconf 87' lang='lat' dir='ltr'>p.</span> <span class='ocrx_word' id='word_1_325' title='bbox 1151 4158 1252 4207; x_wconf 88' lang='lat'>311</span> <span class='ocrx_word' id='word_1_326' title='bbox 1295 4171 1409 4222; x_wconf 88' lang='lat' dir='ltr'>sqq.</span> 
     </span>
    </p>
   </div>
  </div>
 </body>
</html>
