3281 5014
635 429 743 481 430
1040 425 1293 479 XXXVI.
1330 426 1413 479 De
1451 429 1601 479 statu
1636 425 1921 481 Ecclesiae
1956 433 2226 495 vergente
2263 443 2404 482 saec.
2442 426 2561 481 XV.

639 568 825 632 bilire
873 572 1134 651 possent
1180 568 1505 642 firmitate,
1549 589 1679 651 qua
1725 589 1840 650 per
1885 569 2072 651 plura
2112 569 2364 633 saecula
2408 570 2708 653 splendor
2753 574 2817 634 et
2861 570 2956 634 vis

640 663 953 747 quaedam
1017 667 1288 728 externa
1360 661 1507 727 Sedi
1577 663 2019 746 Apostolicae‚
2093 666 2162 729 in
2233 662 2629 730 difficillimis
2696 667 2957 730 circum·

639 760 899 824 stantiis
943 759 1219 823 maxime
1265 760 1653 836 necessaria,
1701 760 1920 825 addita
1966 766 2085 827 est.
2180 761 2455 827 Facilius
2501 785 2756 846 quoque
2802 785 2957 828 con-

638 862 744 921 tra
789 856 1005 922 hostes
1048 855 1391 920 Pontifices
1447 877 1515 920 se
1560 855 1905 921 defendere
1949 861 2286 941 poterant,
2336 860 2485 924 dum
2530 859 2739 923 varios
2781 861 2955 943 prin·

640 953 811 1036 cipes
871 953 1141 1018 vinculis
1202 952 1612 1037 cognationis
1676 953 1799 1017 sibi
1863 954 2099 1018 amicos
2160 955 2508 1021 habebant.
2610 955 2709 1019 Ex
2767 957 2957 1021 factis

644 1072 719 1113 ea
764 1071 930 1134 quae
977 1049 1254 1115 diximus
1301 1048 1631 1132 perspicue
1676 1050 2197 1133 comprobantur.

358 1193 580 1311 ῗζῇᾆῖ·
822 1201 927 1263 36.
1009 1198 1189 1275 Quod
1260 1199 1463 1281 igitur
1533 1199 1603 1262 in
1676 1200 2035 1283 nepotismo
2110 1201 2605 1285 reprehensione
2689 1201 2956 1287 dignum

641 1296 1010 1372 invenitur,
1095 1300 1192 1358 est
1263 1316 1590 1371 excessuS,
1679 1307 2001 1379 quatenus
2076 1299 2178 1362 vel
2255 1298 2457 1362 nimia
2532 1298 2957 1382 amplitudine

643 1394 744 1457 vel
788 1392 1075 1476 indignis
1125 1382 1966 1468 favomncedebantur.
2057 1396 2275 1478 Atque
2330 1402 2591 1479 propter
2645 1396 2801 1461 haec
2854 1418 2959 1478 pe-

641 1490 880 1570 ricula,
953 1490 1024 1552 in
1092 1488 1217 1553 ista
1284 1509 1353 1552 re
1424 1488 1505 1553 ob
1571 1489 1830 1552 vincula
1897 1491 2231 1575 sanguinis
2301 1492 2485 1556 valde
2555 1493 2770 1570 obvia,
2847 1515 2957 1557 va-

643 1587 897 1670 riosque
961 1585 1225 1661 abusuS‚
1302 1585 1534 1651 merito
1621 1586 1934 1668 paulatim
1999 1588 2395 1670 nepotismus
2466 1588 2711 1653 Romae
2777 1590 2959 1674 peni-

644 1689 752 1747 tus
802 1682 1157 1747 exstinctus
1206 1681 1353 1745 fuit.
1446 1680 1808 1746 Excessisse
1857 1680 2111 1748 Sixtum
2159 1682 2276 1749 IV.
2330 1685 2399 1749 in
2455 1686 2957 1770 propinquorum

642 1779 860 1844 favore
921 1780 1058 1861 jam
1130 1778 1427 1841 diximuS.
1545 1777 1752 1841 Erant
1824 1769 2246 1844 feimefiffl'fdie
2307 1803 2559 1859 omneS,
2633 1804 2794 1866 quos
2852 1782 2963 1848 ho-

645 1874 912 1942 noribus
988 1878 1054 1938 et
1128 1873 1498 1938 muneribus
1573 1875 1790 1951 auxit,
1868 1875 1985 1938 viri
2063 1872 2265 1971 digffiss
2302 1870 2321 1877 ⁶
2362 1868 2660 1943 =Maxime
2736 1877 2961 1943 Sixtus

651 1971 964 2055 vituperia
1039 1971 1384 2035 multorum
1460 1970 1736 2034 incurrit
1811 1975 2075 2055 propter
2151 1974 2611 2038 exaltationem
2685 1975 2959 2039 fratrum

647 2069 1011 2134 Riariorum
1079 2066 1259 2131 Petri
1325 2071 1520 2153 atque
1584 2066 1989 2152 Hieronymi.
2098 2068 2250 2134 Non
2325 2071 2673 2136 defuerunt
2739 2072 2963 2135 videli-

646 2171 747 2231 cet
819 2165 928 2250 qui
1005 2168 1229 2248 turpes
1302 2165 1605 2248 quasdam
1688 2166 2042 2229 calumnias
2117 2168 2184 2230 in
2254 2166 2636 2232 Pontificem
2712 2190 2965 2251 sparse-

648 2267 835 2339 runt,
913 2263 1014 2326 vel
1084 2262 1255 2346 quod
1330 2262 1530 2346 ipsius
1606 2262 1722 2326 filii
1786 2261 1852 2325 hi
1923 2269 2165 2341 essent,
2241 2285 2399 2347 quos
2469 2270 2619 2328 ante
2687 2263 2964 2329 Pontifi-

649 2367 858 2427 catum
922 2360 1281 2445 genuisset,
1349 2359 1450 2423 vel
1512 2359 1683 2442 quod
1748 2381 1962 2423 amore
2030 2359 2352 2443 impudico
2419 2383 2527 2426 eos
2589 2365 2964 2445 prosecutus

651 2464 836 2540 esset.
958 2454 1085 2521 Sed
1151 2455 1410 2539 putidae
1483 2450 1649 2521 istae
1725 2460 1875 2521 sunt
1949 2457 2342 2540 calumniae,
2417 2479 2616 2542 quum
2688 2457 2765 2521 de
2833 2458 2969 2522 vita

650 2557 927 2620 honesta
988 2552 1158 2618 Sixti
1218 2558 1357 2617 tum
1421 2557 1574 2617 ante
1645 2553 2091 2636 pontificatum
2152 2559 2290 2618 tum
2353 2560 2643 2638 tempore
2701 2554 2968 2638 pontifi-

652 2658 834 2717 catus
916 2672 1139 2715 omnes
1225 2655 1517 2714 auctores
1589 2671 1816 2733 graves
1901 2651 2310 2716 conveniant.
2438 2650 2970 2716 Praedilectionis

655 2772 848 2834 quam
910 2749 980 2811 iu
1047 2746 1304 2811 Riarios
1370 2748 1656 2812 ostendit
1716 2747 1888 2812 ratio
1953 2747 2141 2811 obvia
2201 2753 2320 2812 est.
2432 2748 2641 2813 Erant
2702 2748 2799 2812 illi
2858 2769 2970 2812 ne-

655 2855 837 2930 potes
899 2845 1036 2929 ejus
1100 2865 1177 2907 ex
1246 2842 1483 2907 Blanca
1539 2842 1876 2907 Pontificis
1941 2866 2158 2909 sorore
2219 2848 2285 2908 et
2339 2843 2565 2908 Riario
2622 2850 2805 2929 patre
2864 2865 2974 2929 ge-

655 2944 807 3027 niti3
872 2945 1088 3024 pater*
1121 2944 1337 3003 autem
1398 2939 1467 3004 in
1538 2962 1758 3004 eorum
1821 2940 2106 3004 infantia
2169 2946 2457 3006 mortuus
2519 2940 2696 3019 est.¹)
2796 2940 2971 3005 Hinc

658 3039 881 3105 Sixtus
944 3038 1020 3101 de
1079 3058 1294 3101 eorum
1361 3036 1740 3101 educat-ione
1811 3036 1990 3101 valde
2048 3036 2358 3102 sollicitus
2419 3038 2661 3115 fuerat,
2728 3059 2802 3101 ac
2854 3035 2972 3101 Pe-

658 3144 800 3201 trus
847 3134 1208 3217 exemplum
1256 3133 1552 3197 avunculi
1600 3137 1874 3209 secutum,
1923 3135 2291 3199 adolescens
2325 3133 2633 3199 Ordinem
2681 3132 2743 3198 S.
2776 3132 2975 3197 Fran-

660 3233 809 3297 cisci
881 3232 1243 3315 ingressus,
1321 3229 1442 3318 ipsi
1513 3229 1833 3293 avunculo
1902 3251 2100 3313 quum
2170 3231 2249 3294 ad
2322 3231 2677 3315 dignitates
2732 3253 2974 3315 perve-

664 3331 872 3403 niret,
942 3317 1168 3392 comes‘
1220 3327 1345 3390 fuit
1411 3326 1783 3416 individuus
1853 3335 1919 3391 et
1984 3327 2166 3392 valde
2230 3329 2431 3393 utilis.
2543 3327 2711 3393 Nam
2778 3330 2971 3394 etiam

664 3426 734 3490 in
793 3424 1108 3489 electione
1164 3422 1499 3488 Pontificis
1556 3425 1835 3506 plurium
1898 3423 2329 3489 Cardinalium
2392 3429 2541 3489 vota
2595 3426 2663 3490 in
2723 3421 2976 3490 Sixtum

665 3524 872 3587 fertur
915 3521 1278 3585 inclinasse.
1372 3519 1607 3584 Mirum
1664 3521 1865 3605 igitur
1924 3521 2299 3586 nullatenus
2344 3529 2469 3600 est,
2524 3521 2777 3588 Sixtum
2822 3543 2975 3605 prae

668 3619 883 3685 indole
931 3622 1202 3682 naturae
1245 3639 1395 3682 suae
1436 3618 1554 3682 hos
1600 3622 1865 3701 nepotes
1911 3617 2103 3682 etiam
2151 3618 2291 3682 aliis
2339 3620 2737 3702 praetulisse.
2830 3618 2976 3682 Car·

333 3717 946 3792 P0t1118‚0⁸rd·dinalem
1031 3713 1104 3777 P.
1187 3712 1479 3777 Riarium
1554 3714 1833 3797 negotiis
1910 3714 2207 3797 gerendis
2278 3716 2682 3798 aptissimum
2755 3715 2974 3792 fuisse,

401 3783 590 3825 marm*
671 3816 961 3877 auctores
1017 3810 1229 3875 coaevi
1292 3809 1485 3874 etiam
1547 3811 1605 3873 ei
1667 3810 2080 3875 adversantes
2144 3815 2502 3891 testantur,
2571 3812 2758 3877 sicuti
2810 3810 2978 3875 Bru·

850 4080 889 4149 ¹)
943 4077 1300 4147 Argumentis
1360 4077 1551 4131 solidis
1609 4075 1668 4130 id
1723 4078 2135 4133 demonstratur
2191 4076 2397 4132 Civilta
2450 4079 2640 4135 cattol.
2694 4079 2732 4134 l.
2784 4095 2828 4133 c.
2876 4078 2980 4133 III.

668 4180 722 4231 p.
754 4163 864 4229 415
902 4175 1016 4227 sqq.
2949 4195 2953 4200 -
