3281 5014
1260 443 1455 497 Modus
1492 440 1825 496 abolitionis.
2595 443 2704 496 135

387 585 465 649 de
506 586 654 668 jure
710 588 850 648 tum
895 584 975 648 de
1032 586 1202 650 facto
1244 583 1598 649 diffamatio
1647 583 1908 649 Ordinis
1962 584 2213 649 adesset
2258 605 2524 668 magna3
2580 604 2698 648 ne-

387 704 491 746 mo
546 681 781 765 probus
843 686 1017 746 certe
1079 682 1276 746 talem
1339 681 1721 765 religionem
1775 682 1913 765 jam
1977 681 2304 765 ingressus
2367 686 2566 761 esset,
2632 684 2697 744 et

387 777 561 843 Ordo
624 776 965 842 videbatur
1038 777 1358 842 Ecclesiae
1427 776 1679 840 inutilis
1748 798 1823 840 ac
1890 776 2173 841 nocivus.
2288 777 2461 842 Hinc
2525 776 2704 860 parti

388 874 647 940 Ordinis
689 875 1023 939 innocenti
1069 878 1383 958 quantum
1430 873 1570 937 fieri
1616 874 1832 955 potuit
1876 894 1951 937 eo
1991 874 2316 956 provisum
2364 878 2483 950 est,
2528 871 2699 957 quod

385 976 562 1036 totus
610 968 784 1034 Ordo
829 991 958 1053 qua
998 970 1148 1034 talis
1197 990 1329 1034 non
1379 969 1795 1033 damnaretur
1838 976 1912 1034 ut
1957 992 2124 1050 reus,
2170 970 2335 1034 bono
2380 990 2532 1034 vero
2580 968 2698 1032 Ec·

386 1068 616 1132 clesiae
676 1069 743 1130 et
795 1066 998 1130 totius
1056 1066 1378 1131 societatis
1433 1086 1536 1143 ec,
1603 1066 1776 1150 quod
1838 1090 1951 1151 per.
2009 1067 2261 1132 modum
2318 1066 2701 1150 provisionis

385 1164 490 1229 hic
535 1163 707 1229 Ordo
753 1163 1275 1246 supprimeretur.
1366 1164 1582 1247 Atque
1625 1164 1923 1228 omnibus
1971 1164 2298 1247 perpensis
2344 1162 2512 1229 hanc
2557 1185 2698 1245 sup·

387 1260 783 1343 pressionem
830 1258 1021 1342 plane
1069 1259 1491 1323 necessariam
1536 1259 1735 1323 fuisse
1783 1260 2237 1325 existimamus.

562 1407 665 1472 51.
727 1406 924 1472 Varia
986 1407 1238 1492 quidem
1300 1408 1370 1472 in
1435 1408 1695 1493 negotio
1757 1403 2265 1493 Templariorum
2333 1431 2467 1474 non
2540 1415 2703 1473 sunt

385 1507 647 1571 omnino
691 1505 893 1581 clara3
939 1503 1048 1568 sed
1105 1511 1485 1587 argumenta
1543 1505 1778 1589 quibus
1824 1505 2247 1588 ostendimuS‚
2301 1507 2531 1571 merito
2572 1506 2695 1572 Or-

383 1603 598 1667 dinem
670 1602 863 1665 fuisse
932 1622 1377 1685 suppressum,
1453 1602 1873 1685 prompsimus
1944 1625 2023 1667 ex
2093 1603 2169 1666 iis
2237 1623 2400 1687 quae
2469 1602 2700 1667 validis

384 1698 872 1784 probationibus
938 1698 1266 1779 nituntur,
1333 1719 1546 1781 neque
1617 1698 1699 1763 ob
1768 1721 1842 1763 ea
1910 1721 2076 1784 quae
2140 1699 2504 1764 obscuriora
2563 1722 2694 1763 ma·

386 1801 577 1874 nent,
633 1796 850 1859 omnia
895 1799 1052 1862 sunt
1097 1793 1396 1877 neganda
1441 1796 1539 1858 vel
1585 1796 1655 1860 in
1702 1795 1967 1859 dubium
2014 1796 2385 1860 revocanda.
2433 1832 2518 1840 --
2567 1795 2694 1859 Ex·

382 1892 698 1977 positione
729 1896 951 1956 nostra
996 1892 1596 1974 praeoccupavimus
1646 1914 1719 1956 ea
1756 1914 1921 1975 quae
1952 1893 2316 1957 afferuntur
2344 1893 2426 1957 ab
2473 1899 2695 1958 aucto·-

383 1989 559 2053 ribus
637 1989 749 2072 qui
818 1991 1117 2071 censent,
1187 1986 1582 2071 Templarios
1657 2011 1797 2053 reos
1875 2011 2006 2053 non
2077 1990 2273 2054 fuisse
2348 2012 2695 2075 eorumque

383 2086 899 2170 suppressionem
940 2084 1236 2169 ignaviae
1283 2084 1634 2149 Clementis
1691 2090 1756 2151 et
1801 2087 2133 2170 iniquitati
2179 2086 2463 2171 Philippi
2506 2087 2693 2151 attri-

382 2182 700 2246 buendam
756 2204 908 2247 esse.
1004 2180 1324 2261 Vidimus,
1378 2180 1771 2247 Clementem
1827 2182 1946 2247 hac
1988 2184 2059 2248 in
2117 2205 2186 2247 re
2237 2184 2522 2268 vigorem
2577 2206 2693 2248 ne·

382 2279 729 2343 cessarium
773 2278 1158 2353 ostendisse,
1221 2276 1657 2363 Ordinemque
1710 2281 1790 2344 ab
1839 2302 1913 2345 eo
1968 2303 2098 2344 non
2157 2281 2350 2345 fuisse
2399 2303 2693 2365 suppres-

381 2397 520 2440 sum
565 2382 641 2440 ut
687 2374 942 2439 cederet
982 2374 1300 2457 Philippo,
1362 2375 1475 2438 sed
1522 2376 1675 2459 quia
1718 2378 2133 2461 gravissimae
2178 2377 2450 2442 aderant
2493 2378 2692 2443 ratio-

384 2493 521 2538 nes.
581 2509 669 2517 —-
730 2470 1178 2537 confessiones
1235 2470 1738 2556 Templariorum
1802 2472 1990 2538 unice
2049 2479 2311 2558 propter
2369 2478 2694 2539 tormenta

385 2575 452 2633 et
497 2578 740 2633 metum
796 2569 999 2633 factas
1056 2590 1224 2643 esse,
1289 2571 1495 2653 iisque
1541 2569 1704 2633 nihil
1753 2571 2036 2653 probari,
2103 2570 2224 2635 dici
2273 2572 2527 2656 nequit,
2593 2573 2692 2636 uti

383 2687 462 2729 ex
507 2665 692 2730 dictis
736 2665 1078 2748 colligitur.
1165 2664 1358 2730 Multi
1406 2666 1680 2733 confessi
1728 2671 1884 2731 sunt
1928 2668 2067 2731 sine
2113 2670 2470 2732 tormentis·
2542 2668 2694 2734 Cae·

381 2768 593 2829 terum
651 2761 1120 2826 admittendum
1180 2768 1308 2837 est,
1368 2784 1502 2826 non
1558 2784 1782 2827 omnes
1828 2762 2225 2847 Templarios
2282 2765 2476 2829 fuisse
2529 2788 2693 2845 reos,
2737 2769 2810 2841 A‚¹¹
2836 2769 3014 2823 dePOffl'*

385 2864 450 2922 et
505 2859 613 2942 qui
658 2862 1067 2942 negaverunt
1119 2859 1390 2923 crimina
1435 2859 1534 2922 vel
1589 2858 1711 2922 sub
1767 2861 2104 2925 tormentis
2159 2861 2393 2926 factam
2443 2863 2691 2928 confes·
2745 2835 2981 2936 affixo-

385 2955 628 3020 sionem
678 2960 1092 3033 revocarunt,
1155 2960 1507 3039 potuerunt
1566 2977 1706 3020 esse
1765 2957 2145 3022 innocentes
2202 2959 2301 3021 vel
2362 2959 2693 3024 obstinati.

385 3051 482 3115 Ex
545 3052 921 3116 testimonio
979 3053 1257 3116 auctoris
1315 3052 1560 3134 coaevi,
1614 3052 1891 3117 Joannis
1949 3052 2256 3118 Canonici
2313 3055 2377 3121 S.
2410 3055 2694 3122 Victoris
2769 3110 2776 3113 ,

389 3148 793 3225 Parisiensis‚
857 3147 1178 3233 Magister
1222 3170 1494 3234 magnus
1555 3150 1752 3214 nullis
1810 3152 2151 3216 tormentis
2211 3152 2474 3217 affectus
2536 3154 2693 3228 fuit3

383 3250 603 3310 tamen
660 3246 897 3328 pluries
949 3245 1279 3310 confessus
1334 3251 1432 3310 est
1491 3247 1752 3323 abusae,
1822 3254 1888 3312 et
1941 3255 2165 3330 postea
2218 3251 2435 3314 omnia
2493 3271 2693 3335 nega-

383 3342 494 3406 vit.
599 3339 835 3406 Scribit
896 3340 1182 3406 Joannes
1245 3343 1519 3426 loquens
1584 3343 1663 3407 de
1732 3344 2236 3428 depositionibus
2298 3346 2690 3430 Templario-

383 3460 557 3503 rum:
628 3436 887 3517 „Tertii
936 3436 1158 3520 primo
1216 3436 1492 3520 confessi
1550 3443 1708 3504 sunt
1721 3490 1739 3523 ‚
1796 3439 1906 3504 sed
1955 3438 2269 3506 diverunt
2320 3447 2567 3524 postea,
2628 3464 2694 3508 se

383 3532 686 3598 mentitos
728 3537 992 3616 propter
1035 3533 1503 3600 vehementiam
1551 3539 2037 3602 tormentorum.
2130 3536 2235 3602 De
2280 3538 2515 3620 quibus
2557 3561 2691 3606 non

379 3629 518 3712 fuit
586 3631 910 3712 Maqister
965 3630 1323 3713 qeneraZiS,
1392 3630 1548 3713 quia
1610 3631 1753 3697 sine
1821 3633 1998 3698 omni
2063 3638 2378 3701 tormento
2440 3657 2694 3702 errores

375 3726 675 3810 plenarie
727 3726 1110 3810 recoynovit.
1214 3727 1349 3793 Nee
1404 3735 1498 3792 est
1552 3727 1930 3808 verisimile,
1991 3731 2161 3812 quod
2211 3732 2345 3797 viri
2389 3737 2523 3798 tam
2578 3755 2690 3800 no-

385 3822 568 3904 biles,
625 3822 794 3888 sicat
839 3823 1030 3888 multi
1074 3823 1249 3890 inter
1294 3846 1396 3891 eos
1449 3830 1669 3906 erant,
1726 3847 2019 3908 unquam
2076 3832 2331 3896 tantam
2374 3830 2691 3897 vilitatem

383 3923 856 4004 coqnoscerent,
917 3919 1052 3986 nisi
1105 3921 1423 3988 veraciter
1480 3921 1578 3988 ita
1638 3924 1869 4004 esset.¹)
1963 3926 2438 4012 Denegationes
2497 3929 2688 3994 Tem-

563 4096 604 4162 ι)
641 4095 828 4149 Prima
850 4097 985 4149 Vita
1022 4096 1319 4152 Clementis
1347 4098 1414 4152 V.
1487 4100 1593 4165 Ap.
1631 4098 1815 4153 Balut.
1864 4109 1906 4153 t.
1942 4099 1987 4154 Ι.
2032 4115 2081 4166 p.
2121 4102 2205 4153 22.
2255 4128 2321 4137 —
2370 4101 2558 4167 Quoad
2593 4103 2689 4157 Ja-

382 4176 570 4229 cobum
611 4176 678 4230 de
714 4174 899 4241 Molay
936 4175 1061 4231 vide
1097 4192 1234 4244 quae
1272 4177 1436 4233 habet
1474 4178 1799 4246 christophe
1838 4179 1873 4232 l.
1912 4196 1953 4232 c.
1992 4180 2052 4231 Τ.
2093 4179 2135 4233 Ι.
2192 4180 2361 4235 Notes
2400 4187 2458 4236 et
2494 4181 2690 4237 Pisces
