3281 5014
893 437 1064 507 Origo
1103 437 1318 492 dissidii
1355 455 1475 492 cum
1511 439 1768 508 Philippo
1804 439 2059 494 Pulchro.
2561 441 2628 491 21

497 580 602 644 23.
664 578 873 643 Causa
930 584 1151 644 tamen
1211 581 1583 645 immediata
1640 581 1977 646 conflictus
2035 581 2202 665 regis
2259 602 2399 645 cum
2457 579 2629 644 Pon·
2664 577 2727 618 ¹3¹¹
2709 576 2945 681 ζωῖξζῑΠ·

316 676 491 740 tifice
537 676 662 741 fuit
705 675 899 760 hujus
934 675 1124 741 Bulla
1162 674 1438 763 Clericis
1479 675 1696 755 ZaicOS,
1743 698 1934 761 quam
1968 677 2169 741 edidit
2212 677 2267 741 d.
2302 673 2418 738 25⁰
2441 674 2630 741 Febr.

319 795 377 837 a.
431 769 672 850 1296.1)
763 773 974 848 Quum
1017 772 1313 838 videlicet
1368 754 1579 858 Υεὲςῖἶ
1596 758 1877 857 ἈῃςῙίαθ
1933 777 2000 837 et
2044 771 2294 837 Galliae
2349 773 2431 836 ob
2485 793 2631 856 gra·

317 869 612 933 vissimos
650 874 943 952 sumptos
988 870 1099 953 qui
1130 871 1200 934 in
1232 871 1402 935 bello
1449 867 1881 953 profundendi
1915 874 2123 951 erant,
2172 869 2409 951 aliique
2454 871 2633 952 prin·

318 968 488 1048 cipes
554 964 855 1048 (ardebat
914 988 1193 1050 namque
1256 966 1584 1032 discordiis
1644 964 1977 1045 Occidens)
2041 965 2113 1029 in
2176 965 2633 1030 ecclesiasticos

318 1066 791 1145 grassarentur,
841 1063 1010 1129 bona
1052 1064 1459 1128 ecclesiarum
1497 1062 1869 1145 diriperent,
1918 1084 2084 1126 nova
2130 1061 2416 1146 quotidie
2442 1063 2633 1126 vecti-

317 1159 492 1242 galia
538 1160 619 1224 ab
666 1159 1114 1224 ecclesiasticis
1160 1159 1447 1244 personis
1491 1159 1848 1243 exigerent,
1897 1162 1963 1223 et
2008 1157 2324 1223 arbitratu
2370 1181 2485 1224 suo
2530 1158 2633 1223 de·

318 1256 548 1319 cimam
595 1255 692 1319 vel
741 1256 1111 1340 vigesimam
1144 1256 1713 1322 ecclesiasticorum
1752 1254 2075 1320 redituum
2120 1261 2366 1339 partem
2400 1257 2633 1321 tributi

321 1352 587 1417 nomine
646 1352 1067 1435 imperarent,
1132 1352 1232 1417 his
1291 1352 1581 1417 obviavit
1640 1351 2006 1416 Bonifatius
2037 1352 2221 1416 VIII.
2283 1375 2395 1436 per
2453 1353 2629 1417 illam

321 1447 909 1526 Constitutionem,
974 1472 1166 1533 quam
1213 1450 1481 1514 consilio
1538 1472 1682 1513 cum
1727 1446 2172 1516 cardinalibus
2219 1449 2443 1514 habito
2491 1472 2636 1514 con-

318 1544 498 1608 didit.
551 1580 634 1590 —
684 1545 933 1610 Notatu
979 1567 1132 1610 vero
1178 1546 1456 1609 maxime
1500 1546 1771 1630 dignum
1818 1552 1940 1623 est,
1986 1547 2425 1611 interventum
2472 1546 2634 1612 Pon·

318 1643 510 1705 tificis
554 1649 970 1725 provocatum
1018 1642 1219 1706 fuisse
1261 1665 1298 1705 a
1345 1642 1496 1706 viris
1544 1643 1986 1707 ecclesiasticis
2020 1641 2271 1707 Galliae
2318 1666 2354 1706 a
2401 1643 2634 1727 quibus

317 1738 398 1801 ad
457 1737 861 1802 Bonifatium
921 1740 1071 1803 data
1133 1744 1231 1802 est
1292 1738 1589 1821 epistola,
1659 1761 1791 1823 qua
1850 1738 2264 1804 vehementer
2324 1741 2401 1803 de
2462 1741 2634 1823 regis

320 1835 765 1900 exactionibus
826 1840 1333 1919 conqueruntur.
1463 1835 1626 1900 Eum
1692 1842 2070 1919 comparant
2129 1837 2232 1900 vel
2286 1837 2411 1921 ipsi
2472 1834 2635 1900 Pha-

320 1931 508 1995 raoni
553 1932 752 2014 impio
799 1931 1268 2014 Aegyptiorum
1316 1933 1608 2016 principi,
1659 1938 1726 1996 et
1770 1931 1953 1997 Sedis
1996 1933 2407 2015 Apostolicae
2451 1955 2632 2016 prae·

317 2026 553 2090 sidium
607 2036 834 2091 contra
878 2029 1257 2093 vexationes
1314 2029 1462 2093 illas
1516 2029 1888 2111 implorant.
1979 2027 2270 2112 Epistola
2323 2029 2632 2112 inscripta

319 2128 445 2188 est:
497 2121 925 2188 Sanctissimo
960 2122 1152 2206 patri
1196 2144 1272 2188 ac
1311 2123 1570 2189 domino
1601 2122 1971 2207 Bonifatio,
2017 2123 2148 2187 Dei
2187 2123 2411 2206 qratia
2459 2145 2631 2190 sum-

314 2239 419 2282 mo
464 2217 798 2300 Pontifici,
844 2219 1131 2299 abbates',
1193 2220 1582 2300 abbatissae,
1640 2225 2015 2299 conventuS,
2074 2220 2395 2299 canonici,
2444 2242 2628 2303 pres-

312 2314 526 2398 byteri
586 2335 662 2381 ac
725 2321 899 2383 totus
959 2316 1167 2382 clerus
1225 2318 1413 2400 reyni
1465 2316 1796 2383 Franciae
1838 2317 2080 2400 pedum
2141 2317 2358 2383 oscula
2421 2317 2628 2383 beato-

309 2432 464 2476 rum
478 2460 495 2491 ,
554 2417 617 2477 et
667 2412 950 2495 feliciter
1001 2413 1214 2478 sancti
1259 2412 1446 2478 Petri
1499 2412 1874 2478 naviculam
1929 2413 2003 2478 in
2064 2413 2272 2479 maris
2322 2413 2628 2494 fluctibus

305 2509 694 2592 ⁴qwber‘nare
701 2509 751 2590 2)
870 2512 1357 2596 Conquerentes
1422 2513 1500 2577 de
1566 2514 1926 2595 principum
1997 2513 2384 2588 actionibuS,
2452 2516 2628 2578 inter

313 2607 442 2671 alia
504 2609 825 2673 scribunt:
891 2606 1234 2690 Principes
1296 2627 1494 2672 onera
1550 2628 1675 2673 saa
1734 2609 1872 2689 fere
1938 2608 2285 2691 imponunt
2351 2608 2626 2673 ecclesiis
2708 2606 2909 2659 F1⁸¹⁵⁰¹²²

312 2701 647 2786 universa,
695 2707 756 2767 et
799 2707 892 2768 tot
937 2702 1239 2787 anqariis
1284 2704 1544 2769 clericos
1588 2704 1922 2788 affliqunt,
1972 2710 2048 2769 ut
2092 2705 2184 2770 eis
2230 2706 2399 2788 qaod
2442 2706 2623 2770 Jere-
2645 2669 2728 2709 ὼ
2727 2667 2960 2712 'Galba‘'

492 2970 532 3035 1)
569 2971 842 3038 Raynald.
890 2972 957 3025 ad
1007 2990 1056 3028 a.
1097 2976 1234 3027 1296
1271 2979 1330 3029 et
1365 2975 1719 3030 Rohrbacher
1756 2977 1817 3029 T.
1859 2978 1940 3031 19.
1986 2977 2022 3030 l.
2064 2980 2130 3030 77
2177 2977 2378 3046 aliique
2426 2979 2627 3033 editam

312 3050 561 3104 scribunt
594 3051 813 3104 Bullam
850 3051 900 3105 d.
940 3050 1032 3104 16⁰
1069 3053 1325 3121 Augusti.
1390 3054 1454 3107 In
1482 3054 1639 3122 Corp.
1678 3054 1830 3109 Juris
1868 3071 1985 3109 can.
2023 3057 2303 3111 invenitur
2340 3058 2456 3112 sine
2492 3061 2628 3112 tem-

310 3129 464 3197 poris
517 3129 884 3197 expressione.
959 3129 1065 3184 Sed
1100 3134 1241 3183 25¹²*m
1281 3131 1437 3186 Febr.
1490 3147 1612 3186 esse
1664 3133 1805 3188 diem
1858 3134 2142 3201 editionis,
2193 3141 2341 3190 certo
2378 3136 2535 3190 modo
2572 3135 2629 3188 in

313 3209 432 3262 cod.
470 3208 731 3262 Moenofr.
769 3208 812 3261 I.
851 3211 956 3262 328
991 3208 1206 3265 invenit
1243 3211 1306 3264 cl.
1346 3211 1629 3266 Boehmer.
1704 3213 1841 3267 Inde
1890 3214 2047 3281 plura
2082 3214 2261 3283 magis
2304 3216 2628 3269 clarescunt.

311 3286 425 3342 Cfr.
461 3286 657 3342 Hefele
696 3287 856 3342 Cone.
897 3284 1099 3343 Gesch.
1129 3289 1225 3343 VI.
1250 3288 1314 3357 ἓ.
1353 3292 1471 3343 685.

495 3365 538 3432 ²)
577 3366 643 3420 V.
669 3366 862 3421 Lettre
899 3367 970 3420 du
1010 3368 1196 3437 clerge
1231 3368 1472 3437 francais
1511 3375 1635 3433 etc.,
1673 3370 1812 3425 tiree
1849 3371 1921 3424 du
1954 3373 2253 3426 manuscrit
2290 3374 2386 3428 des
2415 3374 2628 3443 Dunes3

313 3445 378 3501 T.
406 3445 580 3499 XXV.
619 3446 714 3499 des
740 3445 1034 3501 Memoires
1071 3448 1137 3500 de
1173 3447 1509 3502 l’Academie
1547 3449 1736 3515 royale
1775 3450 1871 3504 des
1910 3450 2169 3517 sciences,
2208 3452 2303 3505 des
2339 3453 2534 3508 lettres
2572 3458 2629 3508 et

313 3527 413 3579 des
450 3525 770 3578 beaux·arts
817 3525 883 3579 de
920 3525 1206 3595 Belgique.
1282 3527 1384 3595 Ap.
1424 3527 1750 3595 christophe
1789 3529 1852 3582 Τ.
1888 3530 1933 3582 Ι.
1970 3529 2164 3584 Pieces
2205 3530 2434 3599 justific.
2472 3532 2535 3585 N.
2576 3535 2626 3586 3.

313 3605 506 3658 Annus
545 3609 603 3659 et
640 3603 757 3658 dies
794 3620 898 3672 quo
936 3605 1066 3659 data
1100 3605 1273 3661 fuerit
1297 3605 1535 3673 epistola
1572 3622 1681 3660 non
1717 3606 2042 3662 indicantur.
2108 3608 2252 3662 Satis
2288 3610 2483 3663 mirum
2523 3616 2627 3678 est,

314 3683 603 3750 episcopos
650 3682 864 3737 Galliae
917 3681 977 3737 in
1031 3684 1389 3752 inscriptione
1444 3684 1712 3753 epistolae
1768 3702 1878 3740 non
1923 3688 2212 3742 recenseri.
2285 3688 2519 3743 Videtur
2572 3690 2626 3744 id

312 3761 516 3830 partim
552 3761 679 3816 inde
718 3763 1093 3831 explicandum
1130 3779 1268 3831 esse,
1308 3765 1449 3831 quod
1485 3781 1519 3818 a
1554 3780 1690 3834 rege
1727 3766 2051 3833 praesertim
2088 3768 2340 3835 abbateS,
2380 3769 2624 3823 canonici

314 3840 518 3908 aliique
564 3840 896 3896 beneficiarii
947 3842 1321 3897 exactionibus
1356 3853 1763 3911 premerentur,
1809 3860 1872 3899 ac
1908 3846 2087 3900 minus
2124 3846 2268 3902 forte
2317 3848 2625 3916 praesules3

314 3920 459 3973 unde
496 3919 664 3974 etiam
703 3920 909 3977 directe
947 3921 1030 3975 illi
1066 3922 1137 3976 ad
1173 3922 1364 3978 Sedem
1388 3923 1769 3989 Apostolicam
1806 3940 2080 3980 recursum
2119 3927 2371 3982 habuere.
2425 3927 2626 3982 Viden-

314 4001 408 4051 tur
444 3998 614 4053 etiam
663 3997 928 4068 episcopi,
978 4002 1062 4055 uti
1112 4017 1180 4055 ex
1229 4000 1464 4069 epistola
1514 4002 1821 4071 colligitur,
1868 4004 2058 4060 favore
2104 4006 2194 4061 vel
2240 4006 2437 4060 timore
2475 4006 2625 4075 regis

313 4075 636 4145 ignaviores
675 4077 788 4132 ista
823 4077 882 4131 in
919 4094 978 4133 re
1014 4080 1209 4146 fuisse,
1256 4079 1489 4148 indeque
1525 4080 1729 4135 factum
1770 4098 1911 4150 esse,
1950 4089 2012 4137 ut
2049 4084 2276 4139 abbates
2314 4102 2431 4138 cum
2470 4090 2628 4153 parte

316 4155 500 4223 aliqua
537 4156 670 4211 cleri
708 4156 913 4211 Gallici
949 4158 1233 4227 negotium
1272 4160 1407 4213 illud
1447 4160 1803 4228 susciperent.
