<?xml version="1.0" encoding="UTF-8"?>
<!DOCTYPE html PUBLIC "-//W3C//DTD XHTML 1.0 Transitional//EN"
    "http://www.w3.org/TR/xhtml1/DTD/xhtml1-transitional.dtd">
<html xmlns="http://www.w3.org/1999/xhtml" xml:lang="en" lang="en">
 <head>
  <title>
</title>
<meta http-equiv="Content-Type" content="text/html;charset=utf-8" />
  <meta name='ocr-system' content='tesseract 3.04.00' />
  <meta name='ocr-capabilities' content='ocr_page ocr_carea ocr_par ocr_line ocrx_word'/>
</head>
<body>
  <div class='ocr_page' id='page_1' title='image "./dissertationess05junggoog_0474.png"; bbox 0 0 3281 5014; ppageno 0'>
   <div class='ocr_carea' id='block_1_1' title="bbox 354 1387 629 1552">
    <p class='ocr_par' dir='ltr' id='par_1_1' title="bbox 354 1387 629 1552">
     <span class='ocr_line' id='line_1_1' title="bbox 354 1387 617 1440; baseline 0.004 -12"><span class='ocrx_word' id='word_1_1' title='bbox 354 1387 617 1440; x_wconf 84' lang='lat' dir='ltr'><strong>Antagonis-</strong></span> 
     </span>
     <span class='ocr_line' id='line_1_2' title="bbox 354 1451 629 1490; baseline -0.004 0"><span class='ocrx_word' id='word_1_2' title='bbox 354 1461 451 1490; x_wconf 89' lang='lat' dir='ltr'><strong>mus</strong></span> <span class='ocrx_word' id='word_1_3' title='bbox 478 1451 629 1490; x_wconf 87' lang='lat' dir='ltr'><strong>contra</strong></span> 
     </span>
     <span class='ocr_line' id='line_1_3' title="bbox 396 1509 581 1552; baseline 0.005 -1"><span class='ocrx_word' id='word_1_4' title='bbox 396 1509 581 1552; x_wconf 86' lang='lat' dir='ltr'><strong>Clerum.</strong></span> 
     </span>
    </p>
   </div>
   <div class='ocr_carea' id='block_1_2' title="bbox 342 2908 623 3133">
    <p class='ocr_par' dir='ltr' id='par_1_2' title="bbox 362 2908 612 2948">
     <span class='ocr_line' id='line_1_4' title="bbox 362 2908 612 2948; baseline -0.008 0"><span class='ocrx_word' id='word_1_5' title='bbox 362 2908 612 2948; x_wconf 87' lang='lat' dir='ltr'><strong>Praecurso-</strong></span> 
     </span>
    </p>

    <p class='ocr_par' dir='ltr' id='par_1_3' title="bbox 342 2966 622 3020">
     <span class='ocr_line' id='line_1_5' title="bbox 342 2966 622 3020; baseline -0.011 -11"><span class='ocrx_word' id='word_1_6' title='bbox 342 2981 412 3010; x_wconf 85' lang='lat' dir='ltr'><strong>res</strong></span> <span class='ocrx_word' id='word_1_7' title='bbox 440 2966 622 3020; x_wconf 88' lang='lat' dir='ltr'><strong>pseudo-</strong></span> 
     </span>
    </p>

    <p class='ocr_par' dir='ltr' id='par_1_4' title="bbox 355 3029 623 3133">
     <span class='ocr_line' id='line_1_6' title="bbox 355 3029 623 3072; baseline -0.007 -1"><span class='ocrx_word' id='word_1_8' title='bbox 355 3029 623 3072; x_wconf 80' lang='lat' dir='ltr'><strong>reformatio-</strong></span> 
     </span>
     <span class='ocr_line' id='line_1_7' title="bbox 445 3092 526 3133; baseline 0 0"><span class='ocrx_word' id='word_1_9' title='bbox 445 3092 526 3133; x_wconf 84' lang='lat' dir='ltr'><strong>nis.</strong></span> 
     </span>
    </p>
   </div>
   <div class='ocr_carea' id='block_1_3' title="bbox 658 418 2543 477">
    <p class='ocr_par' dir='ltr' id='par_1_5' title="bbox 658 418 2543 477">
     <span class='ocr_line' id='line_1_8' title="bbox 658 418 2543 477; baseline 0 -1"><span class='ocrx_word' id='word_1_10' title='bbox 658 424 762 476; x_wconf 83' lang='lat'><strong>468</strong></span> <span class='ocrx_word' id='word_1_11' title='bbox 1099 420 1353 475; x_wconf 89' lang='lat' dir='ltr'>XXXVI.</span> <span class='ocrx_word' id='word_1_12' title='bbox 1389 420 1472 476; x_wconf 93' lang='lat' dir='ltr'><strong>De</strong></span> <span class='ocrx_word' id='word_1_13' title='bbox 1510 425 1664 474; x_wconf 87' lang='lat' dir='ltr'><strong>statu</strong></span> <span class='ocrx_word' id='word_1_14' title='bbox 1699 419 1982 475; x_wconf 80' lang='lat' dir='ltr'>Ecclesiae</span> <span class='ocrx_word' id='word_1_15' title='bbox 2018 418 2176 474; x_wconf 88' lang='lat' dir='ltr'><strong>initio</strong></span> <span class='ocrx_word' id='word_1_16' title='bbox 2212 435 2354 475; x_wconf 87' lang='lat' dir='ltr'><strong>saec.</strong></span> <span class='ocrx_word' id='word_1_17' title='bbox 2391 421 2543 477; x_wconf 88' lang='lat' dir='ltr'>XVI.</span> 
     </span>
    </p>
   </div>
   <div class='ocr_carea' id='block_1_4' title="bbox 657 555 2973 1302">
    <p class='ocr_par' dir='ltr' id='par_1_6' title="bbox 657 555 2973 1302">
     <span class='ocr_line' id='line_1_9' title="bbox 837 555 2972 637; baseline 0.001 -12"><span class='ocrx_word' id='word_1_18' title='bbox 837 555 1149 626; x_wconf 84' lang='lat' dir='ltr'><strong>Attamen</strong></span> <span class='ocrx_word' id='word_1_19' title='bbox 1209 562 1477 628; x_wconf 91' lang='lat' dir='ltr'><strong>omnino</strong></span> <span class='ocrx_word' id='word_1_20' title='bbox 1538 563 1773 626; x_wconf 88' lang='lat' dir='ltr'><strong>falsum</strong></span> <span class='ocrx_word' id='word_1_21' title='bbox 1837 566 1960 637; x_wconf 89' lang='lat' dir='ltr'><strong>est,</strong></span> <span class='ocrx_word' id='word_1_22' title='bbox 2030 563 2377 626; x_wconf 84' lang='lat' dir='ltr'><strong>universim</strong></span> <span class='ocrx_word' id='word_1_23' title='bbox 2441 562 2814 627; x_wconf 90' lang='lat' dir='ltr'><strong>societatem</strong></span> <span class='ocrx_word' id='word_1_24' title='bbox 2876 584 2972 627; x_wconf 89' lang='lat' dir='ltr'><strong>ca·</strong></span> 
     </span>
     <span class='ocr_line' id='line_1_10' title="bbox 658 656 2970 744; baseline 0.001 -22"><span class='ocrx_word' id='word_1_25' title='bbox 658 658 962 723; x_wconf 90' lang='lat' dir='ltr'><strong>tholicam</strong></span> <span class='ocrx_word' id='word_1_26' title='bbox 1027 663 1393 744; x_wconf 78' lang='lat' dir='ltr'><strong>corruptam</strong></span> <span class='ocrx_word' id='word_1_27' title='bbox 1453 659 1679 734; x_wconf 81' lang='lat' dir='ltr'><strong>fuisse3</strong></span> <span class='ocrx_word' id='word_1_28' title='bbox 1744 656 1982 722; x_wconf 89' lang='lat' dir='ltr'><strong>adsunt</strong></span> <span class='ocrx_word' id='word_1_29' title='bbox 2045 658 2217 722; x_wconf 90' lang='lat' dir='ltr'><strong>enim</strong></span> <span class='ocrx_word' id='word_1_30' title='bbox 2283 681 2361 722; x_wconf 86' lang='lat' dir='ltr'><strong>ex</strong></span> <span class='ocrx_word' id='word_1_31' title='bbox 2425 659 2539 723; x_wconf 90' lang='lat' dir='ltr'><strong>illa</strong></span> <span class='ocrx_word' id='word_1_32' title='bbox 2599 662 2813 724; x_wconf 90' lang='lat' dir='ltr'><strong>aetate</strong></span> <span class='ocrx_word' id='word_1_33' title='bbox 2869 661 2970 724; x_wconf 91' lang='lat' dir='ltr'><strong>in-</strong></span> 
     </span>
     <span class='ocr_line' id='line_1_11' title="bbox 659 754 2969 839; baseline 0.002 -21"><span class='ocrx_word' id='word_1_34' title='bbox 659 775 926 818; x_wconf 89' lang='lat' dir='ltr'><strong>numera</strong></span> <span class='ocrx_word' id='word_1_35' title='bbox 971 756 1305 834; x_wconf 86' lang='lat' dir='ltr'><strong>virtutum,</strong></span> <span class='ocrx_word' id='word_1_36' title='bbox 1353 754 1637 839; x_wconf 80' lang='lat' dir='ltr'><strong>pietatiS,</strong></span> <span class='ocrx_word' id='word_1_37' title='bbox 1687 755 2055 819; x_wconf 76' lang='lat' dir='ltr'><strong>sanctitatis</strong></span> <span class='ocrx_word' id='word_1_38' title='bbox 2088 757 2400 839; x_wconf 85' lang='lat' dir='ltr'><strong>exempla.</strong></span> <span class='ocrx_word' id='word_1_39' title='bbox 2483 755 2619 820; x_wconf 91' lang='lat' dir='ltr'><strong>Imo</strong></span> <span class='ocrx_word' id='word_1_40' title='bbox 2664 759 2969 823; x_wconf 85' lang='lat' dir='ltr'><strong>ma‘orem</strong></span> 
     </span>
     <span class='ocr_line' id='line_1_12' title="bbox 659 850 2971 937; baseline 0.002 -23"><span class='ocrx_word' id='word_1_41' title='bbox 659 850 1140 936; x_wconf 87' lang='lat' dir='ltr'><strong>religiosorum,</strong></span> <span class='ocrx_word' id='word_1_42' title='bbox 1205 851 1779 917; x_wconf 88' lang='lat' dir='ltr'><strong>ecclesiasticorum</strong></span> <span class='ocrx_word' id='word_1_43' title='bbox 1841 856 1907 915; x_wconf 91' lang='lat' dir='ltr'><strong>et</strong></span> <span class='ocrx_word' id='word_1_44' title='bbox 1970 851 2140 915; x_wconf 88' lang='lat' dir='ltr'><strong>forte</strong></span> <span class='ocrx_word' id='word_1_45' title='bbox 2201 852 2394 928; x_wconf 86' lang='lat' dir='ltr'><strong>etiam</strong></span> <span class='ocrx_word' id='word_1_46' title='bbox 2461 852 2768 917; x_wconf 88' lang='lat' dir='ltr'><strong>laicorum</strong></span> <span class='ocrx_word' id='word_1_47' title='bbox 2827 876 2971 937; x_wconf 89' lang='lat' dir='ltr'><strong>par-</strong></span> 
     </span>
     <span class='ocr_line' id='line_1_13' title="bbox 657 945 2973 1033; baseline 0.002 -23"><span class='ocrx_word' id='word_1_48' title='bbox 657 952 805 1011; x_wconf 59' lang='lat' dir='ltr'><strong>tem⁴</strong></span> <span class='ocrx_word' id='word_1_49' title='bbox 836 968 1173 1012; x_wconf 80' lang='lat' dir='ltr'><strong>censemus</strong></span> <span class='ocrx_word' id='word_1_50' title='bbox 1209 948 1442 1012; x_wconf 87' lang='lat' dir='ltr'><strong>bonam</strong></span> <span class='ocrx_word' id='word_1_51' title='bbox 1489 949 1694 1012; x_wconf 89' lang='lat' dir='ltr'><strong>fuisse</strong></span> <span class='ocrx_word' id='word_1_52' title='bbox 1739 951 1893 1011; x_wconf 90' lang='lat' dir='ltr'><strong>ante</strong></span> <span class='ocrx_word' id='word_1_53' title='bbox 1937 945 2789 1033; x_wconf 66' lang='lat' dir='ltr'><strong>pseudoreformationem.33’</strong></span> <span class='ocrx_word' id='word_1_54' title='bbox 2848 947 2973 1014; x_wconf 85' lang='lat' dir='ltr'><strong>Sed</strong></span> 
     </span>
     <span class='ocr_line' id='line_1_14' title="bbox 660 1044 2968 1130; baseline 0.001 -22"><span class='ocrx_word' id='word_1_55' title='bbox 660 1044 774 1128; x_wconf 91' lang='lat' dir='ltr'><strong>qui</strong></span> <span class='ocrx_word' id='word_1_56' title='bbox 828 1045 1237 1127; x_wconf 87' lang='lat' dir='ltr'><strong>corruptione</strong></span> <span class='ocrx_word' id='word_1_57' title='bbox 1290 1045 1515 1110; x_wconf 88' lang='lat' dir='ltr'><strong>infecti</strong></span> <span class='ocrx_word' id='word_1_58' title='bbox 1576 1048 1790 1123; x_wconf 89' lang='lat' dir='ltr'><strong>erant,</strong></span> <span class='ocrx_word' id='word_1_59' title='bbox 1853 1044 1951 1108; x_wconf 91' lang='lat' dir='ltr'><strong>uti</strong></span> <span class='ocrx_word' id='word_1_60' title='bbox 2012 1065 2260 1127; x_wconf 85' lang='lat' dir='ltr'><strong>semper</strong></span> <span class='ocrx_word' id='word_1_61' title='bbox 2317 1045 2455 1110; x_wconf 91' lang='lat' dir='ltr'><strong>fieri</strong></span> <span class='ocrx_word' id='word_1_62' title='bbox 2513 1045 2703 1122; x_wconf 90' lang='lat' dir='ltr'><strong>solet,</strong></span> <span class='ocrx_word' id='word_1_63' title='bbox 2766 1047 2968 1130; x_wconf 86' lang='lat' dir='ltr'><strong>magis</strong></span> 
     </span>
     <span class='ocr_line' id='line_1_15' title="bbox 661 1140 2973 1225; baseline 0.001 -21"><span class='ocrx_word' id='word_1_64' title='bbox 661 1142 1145 1225; x_wconf 85' lang='lat' dir='ltr'><strong>prominebant,</strong></span> <span class='ocrx_word' id='word_1_65' title='bbox 1209 1163 1357 1205; x_wconf 86' lang='lat' dir='ltr'><strong>mox</strong></span> <span class='ocrx_word' id='word_1_66' title='bbox 1420 1145 1764 1205; x_wconf 83' lang='lat' dir='ltr'><strong>novatores</strong></span> <span class='ocrx_word' id='word_1_67' title='bbox 1821 1141 2027 1206; x_wconf 90' lang='lat' dir='ltr'><strong>secuti</strong></span> <span class='ocrx_word' id='word_1_68' title='bbox 2085 1140 2491 1220; x_wconf 89' lang='lat' dir='ltr'><strong>defecerunt,</strong></span> <span class='ocrx_word' id='word_1_69' title='bbox 2554 1146 2622 1207; x_wconf 93' lang='lat' dir='ltr'><strong>et</strong></span> <span class='ocrx_word' id='word_1_70' title='bbox 2681 1143 2973 1208; x_wconf 88' lang='lat' dir='ltr'><strong>incautas</strong></span> 
     </span>
     <span class='ocr_line' id='line_1_16' title="bbox 662 1237 1570 1302; baseline 0 -1"><span class='ocrx_word' id='word_1_71' title='bbox 662 1237 1111 1302; x_wconf 87' lang='lat' dir='ltr'><strong>multitudines</strong></span> <span class='ocrx_word' id='word_1_72' title='bbox 1155 1237 1570 1302; x_wconf 84' lang='lat' dir='ltr'><strong>seduxerunt.</strong></span> 
     </span>
    </p>
   </div>
   <div class='ocr_carea' id='block_1_5' title="bbox 655 1383 2976 2823">
    <p class='ocr_par' dir='ltr' id='par_1_7' title="bbox 655 1383 2976 2823">
     <span class='ocr_line' id='line_1_17' title="bbox 843 1383 2973 1479; baseline 0.002 -29"><span class='ocrx_word' id='word_1_73' title='bbox 843 1387 945 1450; x_wconf 87' lang='lat'><strong>79.</strong></span> <span class='ocrx_word' id='word_1_74' title='bbox 1006 1387 1076 1451; x_wconf 88' lang='lat'><strong>5⁰</strong></span> <span class='ocrx_word' id='word_1_75' title='bbox 1131 1383 1651 1468; x_wconf 73' lang='lat' dir='ltr'><strong>Antaqonismus</strong></span> <span class='ocrx_word' id='word_1_76' title='bbox 1695 1389 1758 1449; x_wconf 80' lang='lat' dir='ltr'><strong>et</strong></span> <span class='ocrx_word' id='word_1_77' title='bbox 1806 1384 1981 1450; x_wconf 78' lang='lat' dir='ltr'><strong>lucta</strong></span> <span class='ocrx_word' id='word_1_78' title='bbox 2038 1386 2361 1475; x_wconf 83' lang='lat' dir='ltr'><strong>existebat</strong></span> <span class='ocrx_word' id='word_1_79' title='bbox 2418 1387 2593 1451; x_wconf 86' lang='lat' dir='ltr'><strong>inter</strong></span> <span class='ocrx_word' id='word_1_80' title='bbox 2624 1390 2973 1479; x_wconf 64' lang='lat' dir='ltr'><strong>praelatos</strong></span> 
     </span>
     <span class='ocr_line' id='line_1_18' title="bbox 666 1474 2973 1581; baseline 0 -32"><span class='ocrx_word' id='word_1_81' title='bbox 666 1490 730 1549; x_wconf 91' lang='lat' dir='ltr'><strong>et</strong></span> <span class='ocrx_word' id='word_1_82' title='bbox 743 1485 1063 1581; x_wconf 43' lang='lat' dir='ltr'><strong>2311&amp;th</strong></span> <span class='ocrx_word' id='word_1_83' title='bbox 1122 1485 1220 1547; x_wconf 65' lang='lat' dir='ltr'><strong>eis</strong></span> <span class='ocrx_word' id='word_1_84' title='bbox 1237 1484 1607 1567; x_wconf 48' lang='lat' dir='ltr'><strong>”subjectam</strong></span> <span class='ocrx_word' id='word_1_85' title='bbox 1667 1504 1865 1566; x_wconf 88' lang='lat' dir='ltr'><strong>quum</strong></span> <span class='ocrx_word' id='word_1_86' title='bbox 1917 1482 2244 1562; x_wconf 86' lang='lat' dir='ltr'><strong>civitates,</strong></span> <span class='ocrx_word' id='word_1_87' title='bbox 2304 1505 2469 1567; x_wconf 89' lang='lat' dir='ltr'><strong>quae</strong></span> <span class='ocrx_word' id='word_1_88' title='bbox 2494 1480 2499 1483; x_wconf 70' lang='grc'><strong>’</strong></span> <span class='ocrx_word' id='word_1_89' title='bbox 2525 1474 2837 1568; x_wconf 68' lang='lat' dir='ltr'><strong>paulatim</strong></span> <span class='ocrx_word' id='word_1_90' title='bbox 2894 1487 2973 1550; x_wconf 92' lang='lat' dir='ltr'><strong>ad</strong></span> 
     </span>
     <span class='ocr_line' id='line_1_19' title="bbox 663 1580 2975 1667; baseline 0.001 -21"><span class='ocrx_word' id='word_1_91' title='bbox 663 1580 967 1667; x_wconf 75' lang='lat' dir='ltr'><strong>magnam</strong></span> <span class='ocrx_word' id='word_1_92' title='bbox 1029 1587 1455 1664; x_wconf 86' lang='lat' dir='ltr'><strong>pervenerant</strong></span> <span class='ocrx_word' id='word_1_93' title='bbox 1517 1581 1876 1664; x_wconf 89' lang='lat' dir='ltr'><strong>potentiam</strong></span> <span class='ocrx_word' id='word_1_94' title='bbox 1941 1581 2311 1664; x_wconf 87' lang='lat' dir='ltr'><strong>amplasque</strong></span> <span class='ocrx_word' id='word_1_95' title='bbox 2369 1581 2657 1660; x_wconf 87' lang='lat' dir='ltr'><strong>divitias,</strong></span> <span class='ocrx_word' id='word_1_96' title='bbox 2722 1584 2975 1667; x_wconf 88' lang='lat' dir='ltr'><strong>juribus</strong></span> 
     </span>
     <span class='ocr_line' id='line_1_20' title="bbox 660 1677 2975 1763; baseline 0 -20"><span class='ocrx_word' id='word_1_97' title='bbox 660 1680 1096 1762; x_wconf 86' lang='lat' dir='ltr'><strong>episcoporum</strong></span> <span class='ocrx_word' id='word_1_98' title='bbox 1155 1677 1558 1761; x_wconf 89' lang='lat' dir='ltr'><strong>aliorumque</strong></span> <span class='ocrx_word' id='word_1_99' title='bbox 1610 1678 2044 1760; x_wconf 88' lang='lat' dir='ltr'><strong>praelatorum</strong></span> <span class='ocrx_word' id='word_1_100' title='bbox 2089 1679 2498 1759; x_wconf 84' lang='lat' dir='ltr'><strong>resisterent,</strong></span> <span class='ocrx_word' id='word_1_101' title='bbox 2538 1684 2620 1743; x_wconf 64' lang='lat' dir='ltr'><strong>“et</strong></span> <span class='ocrx_word' id='word_1_102' title='bbox 2665 1679 2975 1763; x_wconf 91' lang='lat' dir='ltr'><strong>indepen-</strong></span> 
     </span>
     <span class='ocr_line' id='line_1_21' title="bbox 659 1771 2975 1858; baseline 0 -18"><span class='ocrx_word' id='word_1_103' title='bbox 659 1775 946 1841; x_wconf 90' lang='lat' dir='ltr'><strong>dentiam</strong></span> <span class='ocrx_word' id='word_1_104' title='bbox 993 1796 1291 1858; x_wconf 85' lang='lat' dir='ltr'><strong>magnam</strong></span> <span class='ocrx_word' id='word_1_105' title='bbox 1350 1774 1473 1838; x_wconf 89' lang='lat' dir='ltr'><strong>sibi</strong></span> <span class='ocrx_word' id='word_1_106' title='bbox 1517 1771 1843 1838; x_wconf 86' lang='lat' dir='ltr'><strong>vindicare</strong></span> <span class='ocrx_word' id='word_1_107' title='bbox 1895 1774 2286 1840; x_wconf 86' lang='lat' dir='ltr'><strong>niterentur.</strong></span> <span class='ocrx_word' id='word_1_108' title='bbox 2381 1774 2660 1839; x_wconf 89' lang='lat' dir='ltr'><strong>Dissidia</strong></span> <span class='ocrx_word' id='word_1_109' title='bbox 2714 1777 2839 1842; x_wconf 90' lang='lat' dir='ltr'><strong>ista</strong></span> <span class='ocrx_word' id='word_1_110' title='bbox 2893 1777 2975 1841; x_wconf 90' lang='lat' dir='ltr'><strong>ad</strong></span> 
     </span>
     <span class='ocr_line' id='line_1_22' title="bbox 660 1869 2974 1953; baseline 0.001 -18"><span class='ocrx_word' id='word_1_111' title='bbox 660 1872 1086 1943; x_wconf 86' lang='lat' dir='ltr'><strong>defectionem</strong></span> <span class='ocrx_word' id='word_1_112' title='bbox 1156 1871 1449 1935; x_wconf 85' lang='lat' dir='ltr'><strong>civitates</strong></span> <span class='ocrx_word' id='word_1_113' title='bbox 1522 1869 1937 1935; x_wconf 86' lang='lat' dir='ltr'><strong>reddiderunt</strong></span> <span class='ocrx_word' id='word_1_114' title='bbox 2012 1871 2458 1953; x_wconf 79' lang='lat' dir='ltr'><strong>promptiores,</strong></span> <span class='ocrx_word' id='word_1_115' title='bbox 2532 1908 2619 1918; x_wconf 91' lang='lat'><strong>-—</strong></span> <span class='ocrx_word' id='word_1_116' title='bbox 2702 1871 2974 1937; x_wconf 90' lang='lat' dir='ltr'><strong>Nobiles</strong></span> 
     </span>
     <span class='ocr_line' id='line_1_23' title="bbox 660 1967 2973 2052; baseline 0 -19"><span class='ocrx_word' id='word_1_117' title='bbox 660 1969 900 2052; x_wconf 87' lang='lat' dir='ltr'><strong>pariter</strong></span> <span class='ocrx_word' id='word_1_118' title='bbox 957 1967 1199 2032; x_wconf 87' lang='lat' dir='ltr'><strong>infensi</strong></span> <span class='ocrx_word' id='word_1_119' title='bbox 1256 1973 1445 2031; x_wconf 89' lang='lat' dir='ltr'><strong>erant</strong></span> <span class='ocrx_word' id='word_1_120' title='bbox 1491 1967 1830 2051; x_wconf 86' lang='lat' dir='ltr'><strong>episcopis,</strong></span> <span class='ocrx_word' id='word_1_121' title='bbox 1888 1989 1962 2032; x_wconf 89' lang='lat' dir='ltr'><strong>eo</strong></span> <span class='ocrx_word' id='word_1_122' title='bbox 2016 1967 2186 2052; x_wconf 91' lang='lat' dir='ltr'><strong>quod</strong></span> <span class='ocrx_word' id='word_1_123' title='bbox 2234 1968 2643 2033; x_wconf 87' lang='lat' dir='ltr'><strong>ecclesiastici</strong></span> <span class='ocrx_word' id='word_1_124' title='bbox 2695 1971 2973 2035; x_wconf 84' lang='lat' dir='ltr'><strong>maxime</strong></span> 
     </span>
     <span class='ocr_line' id='line_1_24' title="bbox 660 2064 2974 2146; baseline 0 -18"><span class='ocrx_word' id='word_1_125' title='bbox 660 2086 878 2129; x_wconf 90' lang='lat' dir='ltr'><strong>eorum</strong></span> <span class='ocrx_word' id='word_1_126' title='bbox 939 2064 1183 2146; x_wconf 90' lang='lat' dir='ltr'><strong>rapinis</strong></span> <span class='ocrx_word' id='word_1_127' title='bbox 1240 2068 1307 2128; x_wconf 90' lang='lat' dir='ltr'><strong>et</strong></span> <span class='ocrx_word' id='word_1_128' title='bbox 1362 2064 1568 2128; x_wconf 88' lang='lat' dir='ltr'><strong>turbis</strong></span> <span class='ocrx_word' id='word_1_129' title='bbox 1620 2064 1937 2128; x_wconf 87' lang='lat' dir='ltr'><strong>bellicosis</strong></span> <span class='ocrx_word' id='word_1_130' title='bbox 1994 2065 2400 2142; x_wconf 82' lang='lat' dir='ltr'><strong>resisterent,</strong></span> <span class='ocrx_word' id='word_1_131' title='bbox 2467 2068 2533 2129; x_wconf 90' lang='lat' dir='ltr'><strong>et</strong></span> <span class='ocrx_word' id='word_1_132' title='bbox 2592 2066 2671 2128; x_wconf 90' lang='lat' dir='ltr'><strong>ad</strong></span> <span class='ocrx_word' id='word_1_133' title='bbox 2720 2088 2974 2131; x_wconf 88' lang='lat' dir='ltr'><strong>servan-</strong></span> 
     </span>
     <span class='ocr_line' id='line_1_25' title="bbox 658 2159 2974 2244; baseline -0 -17"><span class='ocrx_word' id='word_1_134' title='bbox 658 2161 805 2227; x_wconf 87' lang='lat' dir='ltr'><strong>dam</strong></span> <span class='ocrx_word' id='word_1_135' title='bbox 867 2182 1084 2244; x_wconf 86' lang='lat' dir='ltr'><strong>pacem</strong></span> <span class='ocrx_word' id='word_1_136' title='bbox 1145 2159 1410 2244; x_wconf 90' lang='lat' dir='ltr'><strong>Imperii</strong></span> <span class='ocrx_word' id='word_1_137' title='bbox 1472 2161 1589 2224; x_wconf 89' lang='lat' dir='ltr'><strong>sub</strong></span> <span class='ocrx_word' id='word_1_138' title='bbox 1647 2159 2092 2225; x_wconf 87' lang='lat' dir='ltr'><strong>Maximiliano</strong></span> <span class='ocrx_word' id='word_1_139' title='bbox 2156 2162 2516 2226; x_wconf 89' lang='lat' dir='ltr'><strong>conclusam</strong></span> <span class='ocrx_word' id='word_1_140' title='bbox 2586 2183 2692 2227; x_wconf 89' lang='lat' dir='ltr'><strong>eos</strong></span> <span class='ocrx_word' id='word_1_141' title='bbox 2754 2163 2974 2244; x_wconf 87' lang='lat' dir='ltr'><strong>adige—</strong></span> 
     </span>
     <span class='ocr_line' id='line_1_26' title="bbox 657 2257 2972 2340; baseline 0 -18"><span class='ocrx_word' id='word_1_142' title='bbox 657 2261 823 2323; x_wconf 90' lang='lat' dir='ltr'><strong>rent.</strong></span> <span class='ocrx_word' id='word_1_143' title='bbox 934 2257 1012 2321; x_wconf 90' lang='lat' dir='ltr'><strong>In</strong></span> <span class='ocrx_word' id='word_1_144' title='bbox 1079 2257 1495 2322; x_wconf 87' lang='lat' dir='ltr'><strong>multitudine</strong></span> <span class='ocrx_word' id='word_1_145' title='bbox 1568 2262 1784 2321; x_wconf 91' lang='lat' dir='ltr'><strong>autem</strong></span> <span class='ocrx_word' id='word_1_146' title='bbox 1853 2258 2146 2340; x_wconf 89' lang='lat' dir='ltr'><strong>populari</strong></span> <span class='ocrx_word' id='word_1_147' title='bbox 2216 2262 2359 2321; x_wconf 88' lang='lat' dir='ltr'><strong>tum</strong></span> <span class='ocrx_word' id='word_1_148' title='bbox 2427 2257 2762 2323; x_wconf 85' lang='lat' dir='ltr'><strong>civitatum</strong></span> <span class='ocrx_word' id='word_1_149' title='bbox 2832 2261 2972 2323; x_wconf 91' lang='lat' dir='ltr'><strong>tum</strong></span> 
     </span>
     <span class='ocr_line' id='line_1_27' title="bbox 658 2353 2974 2438; baseline 0 -20"><span class='ocrx_word' id='word_1_150' title='bbox 658 2355 824 2419; x_wconf 87' lang='lat' dir='ltr'><strong>ruris</strong></span> <span class='ocrx_word' id='word_1_151' title='bbox 868 2358 1082 2418; x_wconf 86' lang='lat' dir='ltr'><strong>aestus</strong></span> <span class='ocrx_word' id='word_1_152' title='bbox 1131 2353 1388 2438; x_wconf 90' lang='lat' dir='ltr'><strong>quidam</strong></span> <span class='ocrx_word' id='word_1_153' title='bbox 1445 2353 1766 2419; x_wconf 86' lang='lat' dir='ltr'><strong>libertatis</strong></span> <span class='ocrx_word' id='word_1_154' title='bbox 1815 2357 2074 2418; x_wconf 82' lang='lat' dir='ltr'><strong>exortus</strong></span> <span class='ocrx_word' id='word_1_155' title='bbox 2123 2357 2293 2432; x_wconf 89' lang='lat' dir='ltr'><strong>erat,</strong></span> <span class='ocrx_word' id='word_1_156' title='bbox 2351 2358 2419 2418; x_wconf 90' lang='lat' dir='ltr'><strong>et</strong></span> <span class='ocrx_word' id='word_1_157' title='bbox 2464 2376 2606 2419; x_wconf 90' lang='lat' dir='ltr'><strong>cum</strong></span> <span class='ocrx_word' id='word_1_158' title='bbox 2661 2354 2974 2419; x_wconf 86' lang='lat' dir='ltr'><strong>desiderio</strong></span> 
     </span>
     <span class='ocr_line' id='line_1_28' title="bbox 657 2450 2974 2536; baseline -0 -20"><span class='ocrx_word' id='word_1_159' title='bbox 657 2451 1198 2536; x_wconf 89' lang='lat' dir='ltr'><strong>independentiae</strong></span> <span class='ocrx_word' id='word_1_160' title='bbox 1244 2451 1447 2516; x_wconf 86' lang='lat' dir='ltr'><strong>civilis</strong></span> <span class='ocrx_word' id='word_1_161' title='bbox 1492 2473 1639 2516; x_wconf 86' lang='lat' dir='ltr'><strong>mox</strong></span> <span class='ocrx_word' id='word_1_162' title='bbox 1687 2450 1883 2515; x_wconf 88' lang='lat' dir='ltr'><strong>etiam</strong></span> <span class='ocrx_word' id='word_1_163' title='bbox 1927 2450 2267 2516; x_wconf 91' lang='lat' dir='ltr'><strong>tendentia</strong></span> <span class='ocrx_word' id='word_1_164' title='bbox 2305 2451 2618 2535; x_wconf 84' lang='lat' dir='ltr'><strong>quaedam</strong></span> <span class='ocrx_word' id='word_1_165' title='bbox 2666 2451 2745 2517; x_wconf 93' lang='lat' dir='ltr'><strong>ad</strong></span> <span class='ocrx_word' id='word_1_166' title='bbox 2791 2451 2974 2517; x_wconf 91' lang='lat' dir='ltr'><strong>inde-</strong></span> 
     </span>
     <span class='ocr_line' id='line_1_29' title="bbox 655 2547 2974 2633; baseline 0 -21"><span class='ocrx_word' id='word_1_167' title='bbox 655 2548 1071 2631; x_wconf 89' lang='lat' dir='ltr'><strong>pendentiam</strong></span> <span class='ocrx_word' id='word_1_168' title='bbox 1105 2548 1175 2612; x_wconf 87' lang='lat' dir='ltr'><strong>in</strong></span> <span class='ocrx_word' id='word_1_169' title='bbox 1219 2570 1288 2611; x_wconf 90' lang='lat' dir='ltr'><strong>re</strong></span> <span class='ocrx_word' id='word_1_170' title='bbox 1318 2547 1620 2632; x_wconf 83' lang='lat' dir='ltr'><strong>religiosa</strong></span> <span class='ocrx_word' id='word_1_171' title='bbox 1651 2569 1789 2613; x_wconf 89' lang='lat' dir='ltr'><strong>sese</strong></span> <span class='ocrx_word' id='word_1_172' title='bbox 1812 2549 2059 2631; x_wconf 83' lang='lat' dir='ltr'><strong>junxit,</strong></span> <span class='ocrx_word' id='word_1_173' title='bbox 2107 2552 2301 2632; x_wconf 89' lang='lat' dir='ltr'><strong>atque</strong></span> <span class='ocrx_word' id='word_1_174' title='bbox 2335 2549 2429 2614; x_wconf 88' lang='lat' dir='ltr'><strong>ita</strong></span> <span class='ocrx_word' id='word_1_175' title='bbox 2474 2571 2674 2633; x_wconf 90' lang='lat' dir='ltr'><strong>quum</strong></span> <span class='ocrx_word' id='word_1_176' title='bbox 2705 2550 2974 2633; x_wconf 88' lang='lat' dir='ltr'><strong>pseudo·</strong></span> 
     </span>
     <span class='ocr_line' id='line_1_30' title="bbox 656 2644 2976 2730; baseline 0.001 -22"><span class='ocrx_word' id='word_1_177' title='bbox 656 2644 1111 2710; x_wconf 84' lang='lat' dir='ltr'><strong>reformatores</strong></span> <span class='ocrx_word' id='word_1_178' title='bbox 1158 2644 1524 2709; x_wconf 89' lang='lat' dir='ltr'><strong>libertatem</strong></span> <span class='ocrx_word' id='word_1_179' title='bbox 1580 2646 2013 2730; x_wconf 79' lang='lat' dir='ltr'><strong>evangelicam</strong></span> <span class='ocrx_word' id='word_1_180' title='bbox 2069 2646 2573 2722; x_wconf 89' lang='lat' dir='ltr'><strong>annuntiarent,</strong></span> <span class='ocrx_word' id='word_1_181' title='bbox 2630 2647 2829 2710; x_wconf 90' lang='lat' dir='ltr'><strong>animi</strong></span> <span class='ocrx_word' id='word_1_182' title='bbox 2873 2668 2976 2710; x_wconf 85' lang='lat' dir='ltr'><strong>ve·</strong></span> 
     </span>
     <span class='ocr_line' id='line_1_31' title="bbox 657 2740 2604 2823; baseline 0.001 -17"><span class='ocrx_word' id='word_1_183' title='bbox 657 2741 993 2806; x_wconf 90' lang='lat' dir='ltr'><strong>hementer</strong></span> <span class='ocrx_word' id='word_1_184' title='bbox 1043 2741 1257 2806; x_wconf 85' lang='lat' dir='ltr'><strong>allecti</strong></span> <span class='ocrx_word' id='word_1_185' title='bbox 1306 2740 1536 2823; x_wconf 53' lang='lat' dir='ltr'><strong>suntss)</strong></span> <span class='ocrx_word' id='word_1_186' title='bbox 2596 2754 2604 2762; x_wconf 84' lang='lat'>’</span> 
     </span>
    </p>
   </div>
   <div class='ocr_carea' id='block_1_6' title="bbox 838 2887 2974 3051">
    <p class='ocr_par' dir='ltr' id='par_1_8' title="bbox 838 2887 2974 3051">
     <span class='ocr_line' id='line_1_32' title="bbox 838 2887 2974 3051; baseline 0 -97"><span class='ocrx_word' id='word_1_187' title='bbox 838 2892 941 2955; x_wconf 83' lang='lat'><strong>80.</strong></span> <span class='ocrx_word' id='word_1_188' title='bbox 1006 2887 1104 2955; x_wconf 40' lang='lat'><strong>6⁰*</strong></span> <span class='ocrx_word' id='word_1_189' title='bbox 1135 2889 1479 2954; x_wconf 88' lang='lat' dir='ltr'><strong>Recenseri</strong></span> <span class='ocrx_word' id='word_1_190' title='bbox 1538 2889 1733 2953; x_wconf 90' lang='lat' dir='ltr'><strong>etiam</strong></span> <span class='ocrx_word' id='word_1_191' title='bbox 1788 2891 2004 2955; x_wconf 90' lang='lat' dir='ltr'><strong>solent</strong></span> <span class='ocrx_word' id='word_1_192' title='bbox 2063 2890 2322 2974; x_wconf 90' lang='lat' dir='ltr'><strong>quidam</strong></span> <span class='ocrx_word' id='word_1_193' title='bbox 2380 2912 2823 3051; x_wconf 47' lang='grc' dir='ltr'><strong>ΡΨ</strong></span> <span class='ocrx_word' id='word_1_194' title='bbox 2880 2912 2974 2954; x_wconf 90' lang='lat' dir='ltr'><strong>re-</strong></span> 
     </span>
    </p>
   </div>
   <div class='ocr_carea' id='block_1_7' title="bbox 661 2986 2976 3651">
    <p class='ocr_par' dir='ltr' id='par_1_9' title="bbox 661 2986 2976 3651">
     <span class='ocr_line' id='line_1_33' title="bbox 661 2986 2972 3070; baseline -0.001 -17"><span class='ocrx_word' id='word_1_195' title='bbox 661 2988 1093 3065; x_wconf 88' lang='lat' dir='ltr'><strong>formationis,</strong></span> <span class='ocrx_word' id='word_1_196' title='bbox 1158 2987 1271 3070; x_wconf 91' lang='lat' dir='ltr'><strong>qui</strong></span> <span class='ocrx_word' id='word_1_197' title='bbox 1326 2986 1587 3050; x_wconf 88' lang='lat' dir='ltr'><strong>liberius</strong></span> <span class='ocrx_word' id='word_1_198' title='bbox 1645 2987 2093 3051; x_wconf 88' lang='lat' dir='ltr'><strong>auctoritatem</strong></span> <span class='ocrx_word' id='word_1_199' title='bbox 2143 2986 2463 3051; x_wconf 84' lang='lat' dir='ltr'><strong>Ecclesiae</strong></span> <span class='ocrx_word' id='word_1_200' title='bbox 2517 3007 2594 3051; x_wconf 86' lang='lat' dir='ltr'><strong>ve</strong></span> <span class='ocrx_word' id='word_1_201' title='bbox 2676 2988 2813 3070; x_wconf 89' lang='lat' dir='ltr'><strong>ejus</strong></span> <span class='ocrx_word' id='word_1_202' title='bbox 2859 2986 2972 3051; x_wconf 91' lang='lat' dir='ltr'><strong>do-</strong></span> 
     </span>
     <span class='ocr_line' id='line_1_34' title="bbox 662 3082 2976 3178; baseline -0 -29"><span class='ocrx_word' id='word_1_203' title='bbox 662 3086 902 3149; x_wconf 89' lang='lat' dir='ltr'><strong>ctrinas</strong></span> <span class='ocrx_word' id='word_1_204' title='bbox 933 3084 1422 3167; x_wconf 85' lang='lat' dir='ltr'><strong>impugnarunt.</strong></span> <span class='ocrx_word' id='word_1_205' title='bbox 1489 3082 1679 3147; x_wconf 83' lang='lat' dir='ltr'><strong>&#39;Pales</strong></span> <span class='ocrx_word' id='word_1_206' title='bbox 1723 3087 1893 3147; x_wconf 91' lang='lat' dir='ltr'><strong>certe</strong></span> <span class='ocrx_word' id='word_1_207' title='bbox 1938 3083 2204 3147; x_wconf 88' lang='lat' dir='ltr'><strong>fuerunt</strong></span> <span class='ocrx_word' id='word_1_208' title='bbox 2238 3082 2550 3178; x_wconf 60' lang='lat' dir='ltr'><strong>nglefus</strong></span> <span class='ocrx_word' id='word_1_209' title='bbox 2591 3087 2658 3148; x_wconf 89' lang='lat' dir='ltr'><strong>et</strong></span> <span class='ocrx_word' id='word_1_210' title='bbox 2685 3082 2976 3148; x_wconf 84' lang='lat' dir='ltr'><strong>Joannes</strong></span> 
     </span>
     <span class='ocr_line' id='line_1_35' title="bbox 664 3173 2972 3263; baseline 0.001 -19"><span class='ocrx_word' id='word_1_211' title='bbox 664 3181 827 3263; x_wconf 76' lang='lat' dir='ltr'><strong>HuS,</strong></span> <span class='ocrx_word' id='word_1_212' title='bbox 871 3179 948 3243; x_wconf 92' lang='lat' dir='ltr'><strong>de</strong></span> <span class='ocrx_word' id='word_1_213' title='bbox 995 3200 1263 3262; x_wconf 85' lang='lat' dir='ltr'><strong>quorum</strong></span> <span class='ocrx_word' id='word_1_214' title='bbox 1297 3178 1620 3246; x_wconf 84' lang='lat' dir='ltr'><strong>doctrinis</strong></span> <span class='ocrx_word' id='word_1_215' title='bbox 1644 3181 1781 3263; x_wconf 90' lang='lat' dir='ltr'><strong>jam</strong></span> <span class='ocrx_word' id='word_1_216' title='bbox 1830 3180 2094 3263; x_wconf 83' lang='lat' dir='ltr'><strong>egimus.</strong></span> <span class='ocrx_word' id='word_1_217' title='bbox 2169 3173 2496 3244; x_wconf 77' lang='lat' dir='ltr'><strong>Mediaiite</strong></span> <span class='ocrx_word' id='word_1_218' title='bbox 2541 3180 2797 3245; x_wconf 85' lang='lat' dir='ltr'><strong>saeculo</strong></span> <span class='ocrx_word' id='word_1_219' title='bbox 2828 3178 2972 3246; x_wconf 91' lang='lat' dir='ltr'><strong>XV.</strong></span> 
     </span>
     <span class='ocr_line' id='line_1_36' title="bbox 663 3259 2975 3360; baseline 0 -20"><span class='ocrx_word' id='word_1_220' title='bbox 663 3259 953 3340; x_wconf 60' lang='lat' dir='ltr'><strong>Jo&#39;Ennes</strong></span> <span class='ocrx_word' id='word_1_221' title='bbox 1030 3274 1332 3340; x_wconf 78' lang='lat' dir='ltr'><strong>Weselius</strong></span> <span class='ocrx_word' id='word_1_222' title='bbox 1401 3274 1488 3360; x_wconf 90' lang='lat' dir='ltr'><strong>(J.</strong></span> <span class='ocrx_word' id='word_1_223' title='bbox 1552 3274 1843 3341; x_wconf 84' lang='lat' dir='ltr'><strong>Ruchrat</strong></span> <span class='ocrx_word' id='word_1_224' title='bbox 1917 3298 1955 3339; x_wconf 94' lang='lat' dir='ltr'><strong>a</strong></span> <span class='ocrx_word' id='word_1_225' title='bbox 2025 3276 2310 3340; x_wconf 91' lang='lat' dir='ltr'><strong>Weselia</strong></span> <span class='ocrx_word' id='word_1_226' title='bbox 2376 3273 2618 3359; x_wconf 88' lang='lat' dir='ltr'><strong>ortus),</strong></span> <span class='ocrx_word' id='word_1_227' title='bbox 2695 3277 2975 3360; x_wconf 88' lang='lat' dir='ltr'><strong>primum</strong></span> 
     </span>
     <span class='ocr_line' id='line_1_37' title="bbox 661 3362 2975 3457; baseline 0 -21"><span class='ocrx_word' id='word_1_228' title='bbox 661 3375 731 3438; x_wconf 90' lang='lat' dir='ltr'><strong>in</strong></span> <span class='ocrx_word' id='word_1_229' title='bbox 794 3362 1228 3439; x_wconf 80' lang='lat' dir='ltr'><strong>Universltate</strong></span> <span class='ocrx_word' id='word_1_230' title='bbox 1286 3373 1683 3450; x_wconf 85' lang='lat' dir='ltr'><strong>Erfurtensi,</strong></span> <span class='ocrx_word' id='word_1_231' title='bbox 1746 3372 1896 3437; x_wconf 93' lang='lat' dir='ltr'><strong>dein</strong></span> <span class='ocrx_word' id='word_1_232' title='bbox 1950 3373 2018 3437; x_wconf 91' lang='lat' dir='ltr'><strong>in</strong></span> <span class='ocrx_word' id='word_1_233' title='bbox 2073 3371 2432 3437; x_wconf 90' lang='lat' dir='ltr'><strong>Basileensi</strong></span> <span class='ocrx_word' id='word_1_234' title='bbox 2489 3373 2837 3457; x_wconf 87' lang='lat' dir='ltr'><strong>professor,</strong></span> <span class='ocrx_word' id='word_1_235' title='bbox 2902 3395 2975 3437; x_wconf 93' lang='lat' dir='ltr'><strong>ac</strong></span> 
     </span>
     <span class='ocr_line' id='line_1_38' title="bbox 662 3468 2972 3553; baseline 0 -20"><span class='ocrx_word' id='word_1_236' title='bbox 662 3470 918 3533; x_wconf 89' lang='lat' dir='ltr'><strong>demum</strong></span> <span class='ocrx_word' id='word_1_237' title='bbox 984 3470 1329 3535; x_wconf 88' lang='lat' dir='ltr'><strong>canonicus</strong></span> <span class='ocrx_word' id='word_1_238' title='bbox 1392 3473 1458 3534; x_wconf 90' lang='lat' dir='ltr'><strong>et</strong></span> <span class='ocrx_word' id='word_1_239' title='bbox 1519 3468 1918 3553; x_wconf 86' lang='lat' dir='ltr'><strong>praedicator</strong></span> <span class='ocrx_word' id='word_1_240' title='bbox 1976 3469 2274 3534; x_wconf 90' lang='lat' dir='ltr'><strong>ecclesiae</strong></span> <span class='ocrx_word' id='word_1_241' title='bbox 2337 3469 2717 3535; x_wconf 88' lang='lat' dir='ltr'><strong>cathedralis</strong></span> <span class='ocrx_word' id='word_1_242' title='bbox 2778 3470 2972 3534; x_wconf 88' lang='lat' dir='ltr'><strong>Wor·</strong></span> 
     </span>
     <span class='ocr_line' id='line_1_39' title="bbox 663 3564 2974 3651; baseline -0 -20"><span class='ocrx_word' id='word_1_243' title='bbox 663 3567 1016 3644; x_wconf 89' lang='lat' dir='ltr'><strong>matiensis,</strong></span> <span class='ocrx_word' id='word_1_244' title='bbox 1061 3568 1396 3651; x_wconf 91' lang='lat' dir='ltr'><strong>opiniones</strong></span> <span class='ocrx_word' id='word_1_245' title='bbox 1442 3566 1640 3630; x_wconf 88' lang='lat' dir='ltr'><strong>falsas</strong></span> <span class='ocrx_word' id='word_1_246' title='bbox 1687 3567 1942 3650; x_wconf 89' lang='lat' dir='ltr'><strong>sparsit,</strong></span> <span class='ocrx_word' id='word_1_247' title='bbox 1989 3588 2062 3629; x_wconf 87' lang='lat' dir='ltr'><strong>ac</strong></span> <span class='ocrx_word' id='word_1_248' title='bbox 2102 3564 2617 3650; x_wconf 89' lang='lat' dir='ltr'><strong>jurisdictionem</strong></span> <span class='ocrx_word' id='word_1_249' title='bbox 2659 3569 2725 3630; x_wconf 90' lang='lat' dir='ltr'><strong>et</strong></span> <span class='ocrx_word' id='word_1_250' title='bbox 2751 3570 2974 3631; x_wconf 89' lang='lat' dir='ltr'><strong>aucto-</strong></span> 
     </span>
    </p>
   </div>
   <div class='ocr_carea' id='block_1_8' title="bbox 661 3702 1082 3707">
    <p class='ocr_par' dir='ltr' id='par_1_10' title="bbox 661 3702 1082 3707">
     <span class='ocr_line' id='line_1_40' title="bbox 661 3702 1082 3707; baseline 0 0"><span class='ocrx_word' id='word_1_251' title='bbox 661 3702 1082 3707; x_wconf 95' lang='lat' dir='ltr'><strong> </strong></span> 
     </span>
    </p>
   </div>
   <div class='ocr_carea' id='block_1_9' title="bbox 660 3756 2978 4144">
    <p class='ocr_par' dir='ltr' id='par_1_11' title="bbox 661 3756 2976 3907">
     <span class='ocr_line' id='line_1_41' title="bbox 843 3756 2976 3825; baseline -0 -12"><span class='ocrx_word' id='word_1_252' title='bbox 843 3760 883 3825; x_wconf 83' lang='lat'><strong>¹)</strong></span> <span class='ocrx_word' id='word_1_253' title='bbox 921 3760 1004 3815; x_wconf 93' lang='lat' dir='ltr'><strong>De</strong></span> <span class='ocrx_word' id='word_1_254' title='bbox 1041 3758 1352 3814; x_wconf 88' lang='lat' dir='ltr'><strong>conditione</strong></span> <span class='ocrx_word' id='word_1_255' title='bbox 1378 3758 1665 3814; x_wconf 89' lang='lat' dir='ltr'><strong>societatis</strong></span> <span class='ocrx_word' id='word_1_256' title='bbox 1701 3759 1759 3812; x_wconf 91' lang='lat' dir='ltr'><strong>in</strong></span> <span class='ocrx_word' id='word_1_257' title='bbox 1786 3757 2077 3814; x_wconf 89' lang='lat' dir='ltr'><strong>Germania</strong></span> <span class='ocrx_word' id='word_1_258' title='bbox 2111 3772 2304 3813; x_wconf 87' lang='lat' dir='ltr'><strong>versus</strong></span> <span class='ocrx_word' id='word_1_259' title='bbox 2341 3757 2502 3812; x_wconf 88' lang='lat' dir='ltr'><strong>finem</strong></span> <span class='ocrx_word' id='word_1_260' title='bbox 2535 3758 2741 3814; x_wconf 86' lang='lat' dir='ltr'><strong>saeculi</strong></span> <span class='ocrx_word' id='word_1_261' title='bbox 2778 3756 2976 3813; x_wconf 79' lang='lat' dir='ltr'><strong>decimi</strong></span> 
     </span>
     <span class='ocr_line' id='line_1_42' title="bbox 661 3836 2530 3907; baseline 0 -15"><span class='ocrx_word' id='word_1_262' title='bbox 661 3839 857 3907; x_wconf 84' lang='lat' dir='ltr'><strong>quinti,</strong></span> <span class='ocrx_word' id='word_1_263' title='bbox 895 3839 992 3893; x_wconf 88' lang='lat' dir='ltr'><strong>cfr.</strong></span> <span class='ocrx_word' id='word_1_264' title='bbox 1029 3838 1253 3904; x_wconf 85' lang='lat' dir='ltr'><strong>Jansen‚</strong></span> <span class='ocrx_word' id='word_1_265' title='bbox 1293 3837 1625 3894; x_wconf 86' lang='lat' dir='ltr'><strong>Geschichte</strong></span> <span class='ocrx_word' id='word_1_266' title='bbox 1662 3837 1757 3893; x_wconf 89' lang='lat' dir='ltr'><strong>des</strong></span> <span class='ocrx_word' id='word_1_267' title='bbox 1797 3837 2099 3891; x_wconf 86' lang='lat' dir='ltr'><strong>deutschen</strong></span> <span class='ocrx_word' id='word_1_268' title='bbox 2122 3836 2347 3902; x_wconf 89' lang='lat' dir='ltr'><strong>Volkes,</strong></span> <span class='ocrx_word' id='word_1_269' title='bbox 2385 3838 2450 3892; x_wconf 82' lang='grc' dir='ltr'><strong>Τ.</strong></span> <span class='ocrx_word' id='word_1_270' title='bbox 2485 3838 2530 3893; x_wconf 93' lang='grc' dir='ltr'><strong>Ι.</strong></span> 
     </span>
    </p>

    <p class='ocr_par' dir='ltr' id='par_1_12' title="bbox 660 3915 2978 4144">
     <span class='ocr_line' id='line_1_43' title="bbox 838 3915 2976 3988; baseline -0.001 -17"><span class='ocrx_word' id='word_1_271' title='bbox 838 3916 882 3988; x_wconf 79' lang='lat'><strong>²)</strong></span> <span class='ocrx_word' id='word_1_272' title='bbox 923 3918 1141 3971; x_wconf 89' lang='lat' dir='ltr'><strong>Statum</strong></span> <span class='ocrx_word' id='word_1_273' title='bbox 1177 3917 1501 3972; x_wconf 87' lang='lat' dir='ltr'><strong>Germaniae</strong></span> <span class='ocrx_word' id='word_1_274' title='bbox 1528 3917 1809 3972; x_wconf 88' lang='lat' dir='ltr'><strong>turbatum</strong></span> <span class='ocrx_word' id='word_1_275' title='bbox 1846 3915 2250 3981; x_wconf 86' lang='lat' dir='ltr'><strong>discordiasque</strong></span> <span class='ocrx_word' id='word_1_276' title='bbox 2289 3921 2346 3970; x_wconf 89' lang='lat' dir='ltr'><strong>et</strong></span> <span class='ocrx_word' id='word_1_277' title='bbox 2383 3916 2692 3971; x_wconf 86' lang='lat' dir='ltr'><strong>simultates</strong></span> <span class='ocrx_word' id='word_1_278' title='bbox 2730 3931 2867 3983; x_wconf 88' lang='lat' dir='ltr'><strong>quae</strong></span> <span class='ocrx_word' id='word_1_279' title='bbox 2905 3918 2976 3969; x_wconf 93' lang='lat' dir='ltr'><strong>ad</strong></span> 
     </span>
     <span class='ocr_line' id='line_1_44' title="bbox 660 3993 2978 4065; baseline -0.001 -13"><span class='ocrx_word' id='word_1_280' title='bbox 660 3996 1025 4053; x_wconf 85' lang='lat' dir='ltr'><strong>defectionem</strong></span> <span class='ocrx_word' id='word_1_281' title='bbox 1053 3997 1119 4050; x_wconf 91' lang='lat' dir='ltr'><strong>ab</strong></span> <span class='ocrx_word' id='word_1_282' title='bbox 1137 3996 1391 4051; x_wconf 87' lang='lat' dir='ltr'><strong>Ecclesia</strong></span> <span class='ocrx_word' id='word_1_283' title='bbox 1409 3996 1773 4064; x_wconf 88' lang='lat' dir='ltr'><strong>disponebant</strong></span> <span class='ocrx_word' id='word_1_284' title='bbox 1795 3995 1932 4050; x_wconf 89' lang='lat' dir='ltr'><strong>bene</strong></span> <span class='ocrx_word' id='word_1_285' title='bbox 1953 3994 2219 4049; x_wconf 88' lang='lat' dir='ltr'><strong>describit</strong></span> <span class='ocrx_word' id='word_1_286' title='bbox 2237 3994 2423 4049; x_wconf 71' lang='lat' dir='ltr'><strong>Hofler</strong></span> <span class='ocrx_word' id='word_1_287' title='bbox 2440 3995 2621 4065; x_wconf 78' lang='lat' dir='ltr'><strong>Papst</strong></span> <span class='ocrx_word' id='word_1_288' title='bbox 2635 3993 2853 4049; x_wconf 72' lang='lat' dir='ltr'><strong>Adrian</strong></span> <span class='ocrx_word' id='word_1_289' title='bbox 2881 3995 2978 4051; x_wconf 89' lang='lat' dir='ltr'><strong>VI.</strong></span> 
     </span>
     <span class='ocr_line' id='line_1_45' title="bbox 662 4073 2974 4144; baseline -0.001 -14"><span class='ocrx_word' id='word_1_290' title='bbox 662 4075 856 4144; x_wconf 82' lang='lat' dir='ltr'><strong>(Wien</strong></span> <span class='ocrx_word' id='word_1_291' title='bbox 898 4076 1074 4143; x_wconf 89' lang='lat'><strong>1880),</strong></span> <span class='ocrx_word' id='word_1_292' title='bbox 1112 4076 1172 4131; x_wconf 93' lang='lat' dir='ltr'><strong>L.</strong></span> <span class='ocrx_word' id='word_1_293' title='bbox 1210 4076 1265 4144; x_wconf 85' lang='lat'><strong>13</strong></span> <span class='ocrx_word' id='word_1_294' title='bbox 1304 4075 1399 4129; x_wconf 88' lang='lat' dir='ltr'><strong>cfr.</strong></span> <span class='ocrx_word' id='word_1_295' title='bbox 1439 4076 1605 4131; x_wconf 89' lang='lat' dir='ltr'><strong>etiam</strong></span> <span class='ocrx_word' id='word_1_296' title='bbox 1644 4074 1874 4141; x_wconf 89' lang='lat' dir='ltr'><strong>Jansen‚</strong></span> <span class='ocrx_word' id='word_1_297' title='bbox 1897 4073 2245 4129; x_wconf 71' lang='lat' dir='ltr'><strong>&#39;Geschichte</strong></span> <span class='ocrx_word' id='word_1_298' title='bbox 2285 4074 2380 4128; x_wconf 90' lang='lat' dir='ltr'><strong>des</strong></span> <span class='ocrx_word' id='word_1_299' title='bbox 2419 4075 2720 4129; x_wconf 86' lang='lat' dir='ltr'><strong>deutschen</strong></span> <span class='ocrx_word' id='word_1_300' title='bbox 2746 4073 2974 4138; x_wconf 90' lang='lat' dir='ltr'><strong>Volkes,</strong></span> 
     </span>
    </p>
   </div>
  </div>
 </body>
</html>
