3281 5014
359 1479 634 1520 Reservatio

672 420 778 471 214
1096 417 1326 470 XXXII.
1364 417 1448 471 De
1485 416 1846 471 Pontificibus
1883 417 2163 472 Avenione
2200 416 2564 470 commoratis.

673 562 913 625 riorum
971 563 1301 623 auctorum
1361 558 1438 621 de
1493 560 2063 636 reservationibus,
2131 559 2387 623 annatis
2448 563 2515 622 et
2568 559 2980 624 commendiS.

673 656 801 720 Eas
848 657 916 719 in
962 655 1249 719 Ecclesia
1293 655 1565 740 antiqua
1614 655 1982 739 incognitas
2036 660 2103 719 et
2147 678 2184 719 a
2228 653 2651 719 Pontificibus
2697 653 2980 719 Avenio·

673 752 981 816 nensibus
1040 751 1474 829 introductaS,
1535 752 1840 836 injustaS,
1914 750 2398 816 ordinariorum
2458 751 2714 835 juribus
2784 774 2983 836 oppo-

671 848 827 913 sitas
875 853 940 912 et
985 847 1264 913 ecclesiis
1321 848 1800 913 molestissimas
1855 847 2160 913 dixerunt
2207 848 2549 931 scriptores
2607 869 2734 912 non
2798 848 2982 931 pauci

673 966 827 1029 erga
881 945 1321 1028 Apostolicam
1366 943 1592 1009 Sedem
1652 945 1819 1009 male
1879 945 2166 1009 animati.
2273 944 2722 1020 Quaestionem
2781 945 2986 1028 igitur

671 1042 840 1105 hanc
900 1040 1268 1105 examinare
1323 1041 1653 1119 convenit,
1715 1041 1810 1105 ita
1865 1048 2083 1105 tamen
2135 1045 2205 1105 ut
2259 1063 2426 1126 quae
2475 1042 2642 1125 juris
2692 1041 2983 1104 canonici

671 1137 1073 1222 disciplinam
1120 1141 1418 1221 spectant
1460 1141 1719 1201 tantum
1767 1133 2052 1202 breviter
2094 1137 2458 1220 innuamu8‚
2502 1159 2664 1222 quae
2708 1158 2859 1201 vero
2903 1137 2983 1199 ad

674 1233 1007 1299 historiam
1051 1235 1263 1318 potius
1307 1233 1596 1299 attinent
1640 1256 2058 1318 exponamus,
2107 1237 2174 1299 et
2220 1235 2515 1319 querelas
2559 1236 2838 1318 injustas
2879 1234 2983 1297 vel

675 1336 1101 1416 exaggeratas
1147 1331 1549 1414 repellamus.

851 1471 955 1536 69.
1032 1470 1667 1563 Reserv-ationes.
1746 1507 1832 1516 —-
1902 1470 2232 1557 Episcopis
2291 1472 2441 1555 jure
2511 1470 2836 1536 ordinario
2914 1469 2981 1533 in

674 1567 804 1631 suis
879 1566 1227 1651 respective
1294 1548 1688 1631 dioecesibus
1763 1572 2139 1650 competunt
2213 1566 2536 1633 institutio
2611 1567 2981 1631 clericorum

676 1667 740 1727 et
807 1662 1064 1728 collatio
1129 1663 1582 1727 beneficiorum
1652 1664 2243 1729 ecclesiasticorum.
2352 1663 2470 1728 Jus
2534 1667 2747 1728 tamen
2821 1661 2982 1726 illud

675 1759 1116 1843 episcoporum
1173 1781 1307 1824 non
1366 1765 1463 1823 est
1518 1760 1909 1824 exclusivum
1967 1765 2258 1844 respectu
2307 1760 2582 1825 Romani
2630 1759 2981 1836 PontificiS,

675 1857 786 1940 qui
847 1863 946 1921 est
1007 1855 1334 1941 episcopus
1393 1856 1774 1920 universalis
1831 1856 2178 1935 Ecclesiae,
2240 1859 2339 1922 cui
2395 1858 2468 1922 in
2529 1857 2719 1921 beato
2786 1856 2982 1920 Petro

674 1953 1005 2036 pascendi,
1075 1952 1340 2037 regendi
1412 1959 1477 2017 et
1547 1954 1953 2037 gubernandi
2028 1956 2455 2019 universalem
2528 1952 2872 2017 Ecclesiam
2943 1974 2981 2016 a

673 2049 756 2115 D.
798 2048 878 2115 N.
923 2049 984 2116 J.
1041 2049 1109 2116 C.
1179 2050 1373 2134 plena
1439 2054 1721 2132 potestas
1794 2049 2034 2115 tradita
2102 2048 2279 2134 est.¹)
2393 2050 2532 2126 Qua
2597 2048 2981 2133 principales

671 2147 870 2230 igi-tur
901 2145 1219 2236 Ecclesiae
1266 2146 1838 2229 administratores,
1883 2152 2161 2212 rectores
2206 2152 2272 2212 et
2315 2148 2804 2231 dispensatores,
2850 2144 2979 2206 Ro-

673 2243 850 2306 mani
894 2242 1240 2308 Pontifices
1294 2242 1689 2327 provisiones
1747 2246 1814 2306 et
1869 2245 2246 2308 collationes
2300 2244 2706 2308 ecclesiarum
2754 2264 2826 2305 ac
2872 2241 2982 2304 be·

672 2338 1044 2403 neficiorum
1123 2339 1691 2404 ecclesiasticorum
1767 2339 1884 2404 sibi
1950 2361 2273 2404 reservare
2337 2343 2712 2424 potuerunt,
2787 2340 2979 2421 prout

670 2440 1030 2520 temporum
1077 2440 1142 2500 et
1180 2436 1457 2501 locorum
1507 2435 1815 2521 adjuncta
1859 2436 1924 2500 id
1972 2436 2318 2521 exigebant
2364 2436 2466 2499 vel
2511 2434 2888 2501 suadebant.

851 2566 952 2630 70.
1025 2565 1147 2630 Sed
1220 2566 1299 2629 ad
1376 2568 1905 2633 constitutionem
1976 2570 2408 2652 episcoporum
2481 2566 2650 2651 quod
2719 2567 2978 2646 attinet,

668 2663 826 2728 haec
889 2669 1246 2747 opportune
1311 2663 1704 2729 advertenda
1768 2669 1944 2730 sunt.
2052 2663 2218 2729 Solis
2284 2664 2613 2748 Apostolis
2677 2667 2743 2727 et
2797 2662 2975 2746 prin-

670 2761 957 2843 cipaliter
1032 2758 1096 2824 S.
1152 2759 1351 2825 Petro
1408 2759 1703 2826 Christus
1758 2761 2075 2826 Dominus
2146 2764 2531 2844 potestatem
2599 2759 2776 2839 dedit
2842 2758 2976 2841 epi-

671 2878 895 2940 scopos
952 2857 1229 2941 eligendi
1287 2861 1352 2921 et
1410 2858 1862 2922 constituendi.
1965 2857 2233 2922 Petrum
2297 2858 2578 2921 omnium
2637 2855 2850 2939 Caput
2909 2860 2975 2918 et

667 2953 1019 3036 principem
1074 2954 1514 3038 principaliter
1557 2955 1919 3018 instituisse
1964 2955 2321 3038 episcopos,
2374 2954 2653 3017 maxime
2712 2973 2826 3035 pro
2872 2972 2972 3015 ec-

668 3050 877 3114 clesiis
924 3049 1316 3128 Occidentis,
1374 3050 1651 3116 habetur
1706 3071 1740 3113 e
1792 3050 2024 3115 celebri
2077 3051 2452 3115 testimonio
2508 3048 2874 3113 Innocentii
2918 3045 2972 3111 I.

668 3168 765 3229 ep.
799 3149 897 3212 ¹25
945 3149 1021 3212 ad
1074 3148 1452 3213 Decentium
1504 3147 1941 3232 Eugubinum.
2037 3143 2196 3211 Cum
2253 3144 2342 3209 sit
2393 3144 2840 3230 manifestim,
2898 3141 2971 3206 in

668 3263 915 3309 omnem
975 3243 1275 3323 Italiam,
1348 3242 1666 3322 Galliam,
1732 3241 2128 3325 Hispanias,
2192 3240 2494 3324 Africam
2554 3244 2748 3323 atque
2807 3238 2971 3305 Sici-

668 3338 824 3405 liam
869 3339 1248 3422 insulasque
1292 3339 1686 3422 adjacentes,
1740 3338 2000 3403 nullum
2044 3337 2412 3404 instituisse
2458 3337 2751 3402 ecclesias
2765 3384 2782 3415 ,
2837 3334 2973 3401 ‘nisi

667 3456 771 3501 eos
830 3456 989 3519 quos
1045 3435 1432 3501 venerabilis
1492 3435 1731 3500 Petrus
1788 3438 1905 3500 aut
1973 3434 2114 3517 ejus
2175 3454 2564 3500 successores
2632 3431 2973 3498 constitue-

666 3537 828 3598 runt
872 3533 1242 3598 sacerdotes
1339 3534 1570 3616 Ampla
1611 3554 1822 3616 porro,
1867 3555 2060 3617 quam
2106 3531 2403 3597 Christus
2449 3530 2774 3614 Apostolis
2828 3529 2970 3593 uni-

666 3631 898 3696 versim
959 3631 1219 3694 dederat
1264 3635 1378 3694 aut
1430 3629 1764 3714 regiminis
1822 3635 1935 3694 aut
1979 3629 2442 3713 jurisdictionis
2489 3631 2803 3711 potestaS,
2862 3636 2969 3688 ut-

667 3731 818 3812 pote
867 3727 1372 3793 extraordinaria
1426 3748 1566 3790 cum
1614 3727 1769 3811 ipsis
1816 3727 2164 3810 expiravit,
2219 3730 2285 3789 et
2329 3725 2406 3788 ad
2462 3746 2680 3789 eorum
2726 3723 2797 3786 in
2844 3722 2972 3805 epi-

666 3830 925 3908 scopatu
974 3844 1365 3890 successores
1410 3845 1541 3888 non
1600 3824 1727 3887 fuit
1773 3824 2119 3897 translata3
2174 3822 2366 3886 solius
2418 3820 2624 3898 Petri,
2680 3820 2781 3884 cui
2827 3839 2970 3882 cae-

664 3922 785 3985 teri
832 3922 1163 3997 suberant,
1220 3924 1504 4003 potestas
1552 3919 1682 3984 fuit
1726 3920 2078 3994 ordinaria,
2139 3925 2339 4002 atque
2394 3918 2472 3981 ad
2529 3917 2667 4001 ejus
2720 3936 2968 3980 succes-

849 4138 891 4206 ¹)
932 4138 1040 4192 Cfr.
1081 4138 1240 4191 Cone.
1279 4136 1523 4192 Florent.
1562 4142 1620 4190 et
1647 4136 1824 4190 Vatic.
