3281 5014
1130 451 1213 505 De
1252 451 1467 518 synodo
1504 451 1839 506 Florentino..
2535 456 2636 507 381

323 598 519 656 antea
565 597 887 667 censeret,
937 592 1305 656 evitandam
1355 615 1489 657 esse
1538 594 2036 676 publicationem
2084 595 2633 678 indulgentiarum

323 694 397 753 ut
438 688 719 753 subsidia
764 690 1247 764 obtinerentur,
1300 699 1518 753 tamen
1578 712 1777 774 quum
1825 689 2180 754 Concilium
2227 691 2642 756 inchoaretur

321 787 384 850 id
440 785 622 861 fecit,
685 794 886 868 utque
943 786 1159 850 fideles
1218 779 1656 868 eleemosynas
1713 786 1792 850 ad
1846 789 2180 872 negotium
2243 788 2401 852 illud
2464 789 2638 871 pium

322 882 787 947 conficiendum
844 884 1239 962 conferrent,
1297 882 1592 946 hortatus
1638 889 1753 947 est.
1848 882 1983 947 Nec
2028 890 2287 947 tantum
2336 906 2640 965 praesen-

323 979 498 1043 tibus
540 978 798 1042 Graecis
844 980 1128 1043 subsidia
1174 980 1346 1059 data,
1391 978 1502 1042 sed
1542 980 1735 1042 etiam
1771 979 2396 1063 Constantinopolim
2448 983 2640 1046 missa

322 1082 505 1148 sunt,
552 1080 623 1138 ut
672 1076 895 1139 civitas
938 1081 1165 1140 contra
1211 1075 1450 1140 Turcas
1495 1077 1871 1140 muniretur.
1922 1113 2009 1122 —
2057 1076 2280 1142 Graeci
2329 1078 2639 1143 continuo

322 1172 660 1256 urgebant,
709 1178 783 1235 ut
829 1173 1106 1236 subsidia
1152 1173 1525 1256 pecuniaria
1570 1175 1881 1256 promissa
1920 1174 2338 1249 solverentur,
2389 1196 2463 1238 ac
2505 1175 2639 1239 sive

319 1269 556 1334 solutio
612 1269 879 1332 daretur
934 1270 1068 1333 sive
1125 1269 1636 1352 protraheretur,
1699 1270 1848 1333 inde
1896 1271 2189 1335 malevoli
2244 1271 2636 1336 occasionem

320 1366 698 1449 carpebant,
760 1375 829 1429 ut
877 1367 974 1430 vel
1033 1366 1109 1430 de
1155 1367 1495 1430 vexatione
1543 1367 1640 1429 vel
1698 1366 1775 1429 de
1833 1367 2244 1450 corruptione
2290 1389 2639 1452 conquere-

320 1467 566 1527 rentur.
667 1460 846 1525 Idem
905 1462 1129 1538 fiebat,
1185 1463 1335 1526 dum
1392 1464 1882 1546 pauperioribus
1942 1464 2084 1527 aliis
2143 1486 2398 1547 quoque
2454 1452 2638 1528 donis

318 1561 790 1624 subveniretur.
911 1558 1250 1623 Caeterum
1312 1559 1675 1642 Imperator
1733 1559 2176 1642 hospitalitate
2239 1561 2360 1623 sibi
2422 1560 2641 1625 oblata

318 1656 737 1721 immoderate
800 1656 935 1720 fere
1000 1652 1384 1733 utebaturb)
1444 1677 1518 1719 ac
1583 1657 1927 1720 vanissimo
1996 1656 2225 1721 honori
2296 1662 2638 1740 tantopere

317 1753 648 1828 inhiabat,
696 1758 772 1817 ut
816 1775 1013 1836 quum
1056 1752 1262 1835 prima
1306 1753 1501 1816 sessio
1547 1752 1850 1816 solemnis
1898 1754 1964 1816 in
2014 1754 2254 1836 palatio
2300 1752 2638 1818 Pontificis

317 1851 691 1926 haberetur,
753 1872 917 1933 equo
981 1871 1094 1934 per
1154 1850 1336 1932 plura
1398 1849 1685 1913 triclinia
1746 1871 1949 1933 usque
2010 1849 2091 1913 ad
2152 1850 2369 1914 sacelli
2431 1851 2638 1914 altare

317 1947 464 2011 vehi
512 1947 806 2012 voluerit.
900 1945 1079 2021 Quod
1136 1968 1333 2030 quum
1380 1945 1710 2011 domestici
1759 1945 2090 2011 Pontificis
2148 1946 2550 2024 inhiberent,
2601 1968 2639 2010 a

317 2051 492 2110 terra
560 2044 965 2108 sublevatum
1037 2065 1107 2107 se
1177 2044 1331 2107 fecit
1395 2048 1656 2127 portare
1725 2065 1926 2126 usque
1999 2044 2080 2107 ad
2149 2045 2483 2119 thronum,
2551 2065 2634 2107 ne

318 2141 510 2225 pedes
573 2145 922 2225 tangerent
982 2141 1205 2205 solum.
1317 2139 1572 2203 Latinis
1637 2143 1850 2204 autem
1917 2140 2000 2204 ob
2064 2140 2371 2203 offensam
2441 2139 2633 2203 vehe-

318 2242 569 2302 menter
611 2237 1008 2316 succensuit,
1062 2236 1263 2301 donec
1317 2237 1605 2300 animum
1666 2238 1804 2319 ejus
1860 2237 2290 2318 peculiaribus
2352 2235 2633 2300 lenirent

316 2329 755 2412 honoribus&
863 2331 1077 2398 Etiam
1140 2332 1570 2416 patriarcham
1633 2337 1700 2396 et
1763 2333 2088 2416 episcopos
2152 2332 2530 2396 amicissime
2597 2354 2634 2395 a

319 2430 572 2494 Latinis
617 2429 873 2494 habitos
921 2450 1086 2506 esse,
1142 2430 1241 2493 vel
1294 2451 1371 2494 ex
1421 2430 1560 2513 ipso
1610 2428 1927 2513 Syropulo
1969 2428 2328 2514 colligitur,
2382 2450 2460 2492 ex
2509 2451 2633 2514 quo

316 2529 504 2592 simul
569 2532 866 2612 apparet,
941 2527 1285 2592 malevolos
1343 2528 1720 2610 praesertim
1788 2528 1965 2591 inter
2027 2527 2288 2591 clericos
2354 2528 2634 2590 minores

315 2638 450 2690 'non
496 2625 789 2690 defuisse.
884 2624 1217 2689 Enarrans
1266 2645 1319 2689 e.
1366 2646 1428 2709 g.
1476 2624 1795 2708 quomodo
1846 2624 2212 2706 patriarcha
2259 2631 2325 2687 et
2371 2623 2634 2688 comites

499 2841 539 2908 ¹)
581 2842 726 2907 „Nec
764 2842 944 2895 minus
981 2841 1345 2908 dispendium,
1384 2840 1577 2894 scribit
1614 2841 1914 2908 Syropulus
1954 2840 2027 2908 (p.
2070 2841 2195 2907 144)
2243 2840 2300 2893 in
2337 2839 2491 2908 agris
2528 2841 2634 2893 Im-

317 2925 538 2989 perator
585 2921 833 2975 venando
881 2919 1118 2985 fecerat,
1169 2936 1325 2986 quem
1377 2925 1491 2973 tam
1539 2920 1932 2974 immoderatus
1981 2919 2148 2973 ardor
2199 2919 2453 2986 captandi
2487 2917 2633 2973 feras

317 3000 639 3068 abripiebat,
678 3007 741 3053 ut
765 3000 1008 3052 Marchio
1048 3010 1268 3053 coactus
1307 2999 1476 3053 fuerit
1512 3014 1609 3066 per
1648 3000 1932 3066 quemdam
1961 3000 2358 3067 Imperatorem
2398 3014 2633 3057 monere,

315 3080 493 3133 rarius
542 3079 718 3132 saltus
766 3085 824 3132 et
871 3080 1092 3131 dumeta
1138 3077 1366 3143 lustret,
1414 3077 1636 3146 parcius
1687 3077 1744 3130 in
1795 3077 2055 3132 animalia
2093 3078 2323 3131 saeviat.
2398 3075 2538 3142 Quin
2577 3088 2634 3131 et

316 3160 383 3213 de
421 3174 478 3212 se
514 3158 781 3212 rationem
818 3156 1022 3225 adJecit
1060 3156 1330 3211 Marchio:
1378 3158 1525 3226 Ego,
1563 3156 1769 3223 inquit,
1808 3172 2068 3225 agrorum
2118 3156 2462 3222 saltuumque
2500 3156 2631 3210 isto·

314 3254 432 3291 rum
469 3237 736 3299 dominus,
775 3234 1144 3290 coturnicibus
1183 3241 1238 3289 et
1275 3235 1573 3303 phasianis,
1609 3252 1738 3288 cura
1774 3252 1839 3288 ac
1874 3236 2120 3303 impensa
2155 3236 2374 3303 propria
2411 3234 2632 3289 aliunde

315 3316 640 3383 conquisitis
691 3332 755 3370 ea
804 3316 926 3369 loca
973 3314 1213 3381 replevi,
1263 3320 1324 3368 ut
1369 3314 1785 3381 multiplicando
1835 3314 1969 3368 mihi
2018 3320 2325 3369 crescerent
2370 3320 2632 3381 tanquam

315 3396 374 3449 in
422 3394 656 3450 vivari0.
741 3394 917 3460 Quare
966 3395 1188 3447 obsecro
1227 3393 1585 3448 Clementiam
1634 3400 1813 3459 tuam,
1870 3399 1933 3447 ut
1979 3394 2039 3446 in
2083 3393 2197 3447 ist-a
2244 3392 2503 3445 animalia
2551 3408 2633 3447 re-

313 3473 536 3528 missius
575 3489 728 3542 agas,
764 3488 832 3527 ne
871 3479 992 3528 tota
1030 3472 1162 3525 mihi
1200 3472 1535 3526 avicularum
1573 3473 1787 3527 soboles
1824 3471 2072 3525 funditus
2109 3471 2491 3526 intercidatur.
2556 3471 2630 3524 At

314 3554 621 3620 Imperator
657 3569 724 3607 ne
766 3552 922 3606 unius
959 3550 1114 3605 flocci
1151 3551 1286 3605 fecit
1322 3557 1433 3605 tam
1474 3551 1772 3619 supplicem
1804 3551 2135 3604 Marchionis
2173 3549 2630 3614 adhortationem,

316 3631 564 3699 quamvis
604 3632 848 3686 eumdem
873 3625 1117 3685 Marchio
1156 3631 1302 3685 omni
1338 3647 1540 3699 genere
1570 3630 1804 3695 honoris,
1844 3630 2155 3696 comitatus,
2195 3628 2628 3694 benevolentiae,

315 3709 591 3765 amicitiae
629 3710 1069 3764 cumulavisset.“
1103 3709 1162 3754 ³⁶2¹*

489 3788 534 3856 ²)
588 3789 844 3858 „Aliquot
881 3789 1055 3858 igitur
1091 3789 1208 3845 dies
1258 3790 1315 3843 in
1353 3805 1567 3844 cassum
1603 3788 1876 3854 cecidere,
1922 3789 2092 3843 donec
2129 3787 2315 3841 Latini
2356 3793 2417 3841 ut
2453 3787 2631 3856 Impe-

311 3874 546 3923 ratorem
584 3868 845 3935 lenirent,
893 3884 1042 3922 muro
1086 3869 1333 3934 perfosso
1373 3870 1443 3922 ad
1478 3868 1766 3921 introitum
1803 3868 1965 3936 primi
2005 3866 2231 3922 triclinii
2247 3904 2469 3932 .....
2507 3883 2630 3935 por·

311 3952 425 4000 tam
464 3947 785 4013 efforarunt,
833 3964 938 4015 qua
984 3948 1174 4002 statim
1221 3947 1276 4001 in
1316 3947 1557 4001 vicinum
1603 3946 1906 4000 cubiculum
1954 3948 2271 4000 duceretur:
2320 3946 2461 4001 unde
2506 3962 2627 4001 eum

313 4026 569 4082 decenter
616 4033 908 4097 gestarunt
955 4042 1050 4094 per
1108 4026 1219 4080 alia
1269 4028 1452 4082 decem
1506 4025 1754 4080 cubicula
1806 4025 1861 4079 in
1912 4026 2088 4081 medio
2139 4025 2378 4080 transitu
2429 4026 2628 4093 posita,

312 4106 410 4160 sed
456 4122 654 4168 vacua,
708 4106 873 4160 nullis
922 4105 1304 4174 praesentibus
1352 4110 1568 4175 praeter
1617 4105 1947 4161 domesticos
2000 4112 2056 4159 ct
2103 4111 2354 4159 assuetos
2401 4120 2626 4172 quorum

311 4184 494 4238 ultimi
523 4185 696 4256 ,ianua
731 4187 958 4252 patebat
996 4186 1054 4239 in
1091 4184 1394 4239 triclinium
1435 4183 1688 4253 Synodi.“
1765 4184 2012 4252 Syropul.
2051 4200 2102 4251 p.
2143 4185 2261 4236 168.

2680 2440 2947 2483 Graecorum

2721 2501 2902 2545 indoles.
