3281 5014
371 3050 482 3092 Fata
508 3051 660 3092 Hussi-

436 3114 592 3153 tarum.

708 391 810 443 336
1294 391 1546 445 XXXIV.
1585 391 1668 446 De
1705 391 1942 446 Concilio
1981 391 2405 448 Constantiensi.

706 532 815 593 tur
864 535 992 610 est,
1047 533 1253 601 medio
1300 555 1456 600 aevo
1502 534 1640 618 rogi
1689 534 1998 617 supplicio
2044 535 2336 616 punitam
2384 535 2580 599 fuisse
2628 536 2819 598 etiam
2867 535 3010 597 hae·

707 627 913 701 resim,
970 651 1133 712 quae
1179 631 1273 693 uti
1321 632 1669 694 maximum
1715 631 1958 694 crimen
2000 632 2143 714 jure
2188 631 2731 703 considerabatur.
2823 631 3011 695 Prin-

706 722 875 805 cipes
910 726 1082 788 enim
1122 727 1351 790 merito
1393 725 2143 809 persuasumhabebant,
2191 729 2463 810 primum
2504 749 2692 791 suum
2735 728 3009 791 officium

706 840 868 893 esse,
915 826 989 885 ut
1031 822 1381 887 Ecclesiam
1433 827 1880 907 protegerent,
1941 844 2150 886 veram
2201 824 2609 907 religionem,
2670 824 3011 887 maximum

702 915 1025 981 societatis
1091 918 1478 983 christianae
1539 920 1809 991 bonum,
1871 924 2214 983 tuerentur
2277 926 2343 982 et
2398 926 2627 984 contra
2685 920 3010 1001 perfidiam

703 1010 1171 1083 haereticorum
1224 1014 1667 1080 defenderent.
1762 1015 2034 1080 Hussius
2093 1020 2308 1078 autem
2373 1021 2512 1080 erat
2571 1015 3013 1092 haeresiarcha

701 1110 1295 1192 perniciosissimuS,
1361 1133 1556 1195 quum
1616 1110 2072 1176 auctoritatem
2129 1113 2195 1174 in
2247 1111 2531 1177 Ecclesia
2588 1113 2778 1197 plane
2839 1134 3014 1175 ever·

700 1209 886 1268 teret.
992 1205 1395 1291 Quapropter
1454 1211 1649 1273 etiam
1710 1209 1806 1273 illi
1863 1209 1981 1271 viri
2039 1209 2107 1272 in
2171 1206 2456 1273 Concilio
2511 1208 3012 1284 Constantiensi,

701 1301 811 1382 qui
859 1301 1014 1364 ideis
1064 1303 1442 1386 quibusdam
1491 1305 1962 1383 innovationis,
2012 1309 2085 1366 ut
2131 1304 2255 1368 dici
2301 1305 2482 1381 solet,
2528 1306 2759 1370 imbuti
2809 1315 3011 1377 erant,

698 1399 919 1460 tamen
967 1398 1207 1463 Hussio
1261 1401 1667 1465 infestissimi
1724 1406 1941 1478 erant,
2005 1410 2070 1464 et
2126 1402 2265 1484 ejus
2322 1403 2656 1468 conatibus
2715 1402 3012 1467 omnibus

699 1493 939 1557 viribus
999 1496 1428 1561 resistendum
1488 1519 1623 1561 esse
1689 1497 2052 1567 censebant.
2166 1500 2640 1562 Auctoritatem
2703 1501 2875 1562 enim
2941 1498 3010 1561 in

700 1588 987 1669 Ecclesia
1030 1593 1124 1655 illi
1173 1595 1292 1658 viri
1337 1594 1643 1658 volebant
1692 1616 1825 1658 esse
1868 1595 2111 1659 salvam
2157 1599 2224 1658 et
2270 1600 2541 1670 sartam3
2588 1601 2845 1660 tantum
2893 1596 3012 1659 ali-

698 1688 1073 1771 quantisper
1129 1689 1206 1752 de
1262 1688 1477 1754 indole
1532 1690 1725 1774 hujus
1783 1691 2183 1755 auctoritatis
2238 1691 2640 1756 fluctuabant
2684 1692 2784 1755 vel
2839 1713 3012 1755 erra·

698 1782 876 1847 bant.
922 1820 1011 1830 —
1056 1785 1279 1851 Hussii
1331 1786 1654 1851 doctrinas
1701 1787 2152 1852 essentialibus
2194 1788 2340 1852 fidei
2386 1788 2768 1852 veritatibus
2816 1810 3012 1870 oppo-

696 1880 850 1943 sitas
882 1880 1104 1958 fuisse,
1153 1905 1228 1945 ex
1263 1884 1661 1966 expositione
1693 1906 1981 1948 errorum
2021 1886 2158 1967 ejus
2189 1905 2301 1966 per
2345 1905 2413 1947 se
2446 1885 2859 1949 manifestum
2892 1893 3010 1948 est.

872 1978 977 2042 63.
1036 1977 1488 2062 Opportunum
1548 1981 1701 2057 erit,
1764 1979 1866 2043 his
1917 2002 2119 2064 pauca
2177 1980 2529 2064 adjungere
2586 1980 2662 2045 de
2709 1980 3010 2045 *Hussita-

693 2095 834 2136 rum
896 2075 1067 2139 fatis,
1164 2074 1354 2142 Secta
1416 2077 1587 2140 enim
1646 2077 2058 2141 Hussitarum
2122 2099 2262 2140 cum
2320 2082 2526 2142 morte
2576 2078 2852 2143 auctoris
2908 2079 3010 2141 sui

695 2192 828 2234 non
898 2171 1026 2235 fuit
1096 2174 1441 2248 exstincta,
1513 2174 1622 2237 sed
1684 2175 1957 2257 majores
2017 2174 2336 2237 tumultus
2405 2179 2468 2238 et
2534 2175 3010 2257 persecutiones

695 2272 920 2332 contra
965 2268 1326 2334 Catholicos
1379 2270 1446 2332 in
1489 2268 1801 2333 Bohemia
1847 2271 2203 2353 vicinisque
2258 2271 2627 2354 regionibus
2684 2271 3007 2335 excitavit.

693 2363 897 2439 Quum
951 2367 1123 2430 enim
1174 2364 1589 2429 Wenceslaus
1627 2388 1770 2441 rex,
1819 2368 2001 2450 cujus
2045 2367 2306 2450 ignavia
2351 2367 2771 2430 sectariorum
2817 2367 3010 2430 auda·

694 2461 857 2526 ciam
903 2469 1204 2539 auxerat,
1264 2460 1494 2527 deinde
1549 2462 2002 2528 turbulentum
2063 2486 2280 2528 eorum
2338 2463 2407 2527 in
2458 2462 2819 2528 Catholicos
2874 2464 3010 2527 ani·

695 2581 865 2622 mum
908 2561 1256 2643 reprimere
1291 2564 1596 2635 tentaret,
1645 2560 1741 2623 illi
1786 2560 1941 2624 duce
1970 2559 2225 2624 Joanne
2258 2560 2447 2638 Ziska
2492 2561 2763 2643 sumptis
2812 2561 3009 2624 armis

692 2653 1112 2731 rebellarunt,
1147 2658 1215 2720 in
1248 2660 1468 2725 monte
1498 2656 1722 2721 circuli
1752 2654 2174 2721 Bechinensis
2207 2656 2288 2721 ad
2317 2655 2716 2720 Lusinitium
2753 2679 3004 2720 amnem

693 2752 1189 2819 munitissimam
1236 2752 1457 2815 urbem
1506 2751 1767 2817 Thabor
1814 2754 2070 2829 dictam,
2120 2753 2289 2817 unde
2337 2758 2405 2817 et
2452 2754 2571 2836 ipsi
2619 2752 3007 2816 Thaboritae

689 2849 896 2911 vocati
960 2853 1144 2924 sunt,
1210 2853 1699 2926 exstruxerunt,
1767 2855 1832 2914 et
1895 2850 1974 2913 ab
2041 2872 2215 2914 anno
2284 2850 2451 2912 1419
2513 2852 2579 2914 in
2644 2849 3008 2914 Catholicos

691 2944 1010 3007 crudelius
1061 2946 1464 3023 saevierunt,
1520 2947 1879 3010 sacerdotes
1940 2947 2249 3030 imprimis
2304 2951 2371 3011 et
2425 2945 2765 3011 monachos
2811 2946 3005 3009 truci·

693 3041 959 3119 darunt,
1020 3042 1262 3125 templa
1327 3047 1392 3105 et
1449 3044 1842 3107 monasteria
1902 3046 2333 3106 vastaverunt.
2445 3040 2715 3106 Interim
2782 3041 3008 3105 Marti-

693 3159 814 3201 nus
848 3136 925 3202 V.
976 3139 1052 3202 ad
1103 3137 1576 3221 impediendum
1623 3137 1909 3203 haeresis
1966 3159 2375 3223 progressum
2431 3138 2629 3202 edidit
2674 3137 3007 3202 Constitu-

687 3235 953 3312 tionem,
1002 3257 1129 3318 qua
1175 3236 1477 3318 praelatis
1511 3235 1953 3299 ecclesiasticis
2001 3240 2066 3298 et
2111 3235 2601 3318 inquisitoribus
2639 3233 3007 3311 mandabat,

689 3339 763 3395 ut
838 3331 1193 3396 haereticos
1268 3354 1614 3416 eorumque
1691 3331 1976 3395 fautores
2053 3354 2087 3395 e
2162 3331 2555 3415 praescripta
2615 3331 3007 3416 judiciorum

685 3428 891 3492 forma
937 3432 1335 3505 coercerent,
1397 3434 1463 3493 et
1510 3451 1730 3493 eorum
1789 3432 2071 3492 mentem
2131 3429 2295 3492 circa
2339 3428 2678 3492 damnatos
2726 3429 2795 3491 in
2843 3427 3007 3492 Con·

683 3525 1024 3589 stantiensi
1074 3524 1359 3590 Concilio
1417 3526 1723 3589 articulos
1782 3524 2198 3608 explorarent
2253 3525 2606 3588 secundum
2663 3525 3007 3588 formulam

683 3618 752 3683 in
816 3620 897 3684 35
947 3622 1158 3705 capita
1216 3621 1611 3686 distinctam.
1718 3620 2059 3685 Praeterea
2114 3620 2437 3686 Joannem
2482 3619 2803 3685 Dominici
2849 3621 3007 3687 Car-

682 3715 962 3781 dinalem
1020 3719 1085 3782 in
1149 3716 1525 3782 Bohemiam
1585 3719 1860 3802 legavit,
1924 3717 2003 3781 ad
2062 3717 2457 3782 reducendos
2519 3717 2599 3781 ad
2655 3718 2844 3782 fidem
2903 3740 3006 3782 er-

683 3819 931 3898 rantes3
993 3816 1298 3879 excitavit
1355 3836 1612 3898 quoque
1674 3816 2000 3898 episcopos
2049 3814 2385 3894 Poloniae,
2440 3815 2504 3877 in
2564 3836 2757 3898 quam
2805 3836 3007 3898 prava

679 3909 959 3976 haeresis
1019 3913 1216 3977 etiam
1275 3915 1758 3994 penetraverat,
1822 3917 1896 3976 ut
1959 3934 2096 3976 eam
2166 3912 2342 3975 omni
2409 3933 2559 3976 cura
2621 3912 3005 3987 evellerent3

681 4013 748 4071 et
812 4030 952 4072 cum
1021 4009 1321 4074 Hussitae
1387 4008 1707 4072 violenter
1768 4010 1836 4072 in
1901 4007 2263 4073 Catholicos
2331 4009 2686 4085 saevirent,
2761 4008 3005 4072 bellum

680 4127 924 4169 sacrum
989 4109 1212 4170 contra
1276 4106 1419 4169 illos
1488 4105 1746 4171 indixit.
1871 4104 2316 4189 Sigismundus
2387 4103 2776 4187 Imperator,
2857 4110 3029 4188 post.
