3281 5014
676 386 784 438 452
1107 384 1357 440 XXXVI.
1394 385 1475 439 De
1514 390 1666 439 statu
1702 385 1981 442 Ecclesiae
2016 385 2176 440 initio
2215 402 2357 441 saec.
2395 387 2543 441 XVI.

674 526 908 590 tificeru
970 526 1249 603 deceret,
1310 526 1561 592 deditus
1620 549 1756 592 esse
1817 527 2160 593 videretur.
2260 527 2495 593 Merito
2553 533 2773 595 tamen
2834 531 2987 595 scri-

675 623 774 685 bit
818 621 1279 687 Pallavicinus:
1346 622 1664 705 „Indulsit
1720 624 1828 688 ille
1886 623 2135 708 quidem
2197 624 2464 689 militiae
2513 626 2739 692 studiis
2799 649 2989 711 supra

678 740 871 803 quam
934 740 1088 801 opus
1152 719 1310 796 fuit,
1388 720 1470 785 ad
1533 720 2030 804 recuperandam
2096 725 2162 785 et
2225 722 2724 787 conservandam
2791 724 2989 788 eccle·

676 815 996 880 siasticam
1053 816 1389 896 ditionem,
1447 824 1513 882 et
1569 839 1763 901 supra
1820 839 2011 900 quam
2067 818 2238 881 tanti
2295 817 2520 900 capitis
2573 820 2986 884 sanctitatem

676 911 947 977 deceret.
1058 910 1184 978 Sed
1250 914 1392 998 quis
1463 919 1601 980 tam
1672 914 1956 997 perfecte
2023 915 2121 978 sui
2185 936 2440 999 compos
2507 920 2604 981 est
2665 916 2736 980 in
2797 916 2987 981 rebus

678 1009 1004 1091 gerendis,
1061 1011 1435 1093 praesertim
1491 1012 1569 1076 iis
1628 1033 1793 1097 quae
1848 1011 2008 1076 citra
2063 1016 2309 1076 aestum
2370 1017 2436 1076 et
2489 1013 2795 1096 impetum
2850 1013 2987 1077 fieri

678 1110 1039 1190 nequeunt,
1104 1107 1216 1190 qui
1271 1129 1605 1192 nunquam
1667 1112 1851 1172 extra
1915 1109 2075 1173 fines
2134 1109 2527 1174 arctissimos
2589 1109 2845 1175 honesti
2901 1110 2987 1174 di·

677 1202 953 1269 labatur.
1019 1252 1035 1269 .
1094 1251 1109 1268 .
1166 1251 1182 1268 .
1245 1203 1371 1269 Pro
1430 1227 1500 1269 se
1556 1206 1825 1289 quisque
1888 1204 2269 1289 perpendat,
2336 1229 2421 1270 an
2484 1207 2792 1290 majorem
2857 1230 2985 1271 me-

676 1303 942 1364 reantur
996 1300 1248 1365 laudem
1304 1303 1670 1366 constantia
1726 1323 1799 1366 ac
1842 1303 2023 1387 vigor
2066 1302 2254 1378 Julii‚
2311 1302 2544 1386 quibus
2578 1304 2718 1387 jam
2775 1305 2988 1368 senior

678 1395 1060 1480 posthabitis
1130 1397 1248 1462 otii
1313 1398 1655 1464 commodis
1714 1402 1815 1462 tot
1881 1399 2210 1484 tantisque
2281 1400 2607 1464 laboribus
2675 1421 2749 1465 ac
2823 1401 2987 1484 peri·

677 1492 836 1557 culis
906 1515 1044 1558 sese
1109 1494 1461 1578 objectavit
1480 1543 1496 1572 ‚
1574 1500 1649 1560 ut
1715 1497 1994 1561 lacerum
2065 1494 2242 1561 Petri
2319 1496 2586 1579 pallium
2655 1498 2990 1562 resarciret

676 1612 912 1673 paucos
979 1591 1101 1655 sibi
1169 1613 1376 1656 annos
1445 1594 1795 1676 gerendum
1863 1616 1984 1658 nec
2047 1598 2266 1677 postea
2330 1594 2828 1678 consanguineis
2889 1616 2987 1659 re-

676 1688 1126 1771 linquendum,
1199 1710 1282 1752 an
1357 1691 1663 1775 majorem
1729 1690 2301 1774 vituperationem,
2381 1689 2553 1775 quod
2619 1711 2985 1755 succensam

677 1785 901 1859 semel,
964 1807 1083 1850 nec
1139 1786 1380 1870 injuste
1441 1785 1632 1863 bilem
1695 1786 1992 1851 cohibere
2053 1787 2407 1871 nequierit,
2470 1809 2554 1851 ne
2607 1788 2863 1870 quando
2915 1789 2986 1852 in

677 1881 1003 1946 flammam
1046 1883 1260 1946 minus
1305 1883 1699 1948 moderatam
1761 1885 2101 1962 exarserit,
2158 1884 2346 1948 sicuti
2402 1883 2825 1968 peritissimus
2869 1885 2985 1947 mi·

677 1979 861 2043 litum
930 1979 1278 2063 imperator
1348 1981 1575 2063 nequit
1640 2002 1892 2064 semper
1968 1981 2373 2046 exactissima
2440 1980 2776 2063 disciplina
2839 2003 2988 2046 suas

681 2076 893 2158 copias
940 2079 1289 2140 coercere.“
1319 2075 1372 2159 ¹)

1785 2397 1881 2465 11.

1088 2530 1104 2545 ⁶
1194 2526 1324 2591 De
1373 2525 1738 2591 Concilio
1782 2526 2346 2593 Lateranensi
2381 2528 2462 2592 V.

734 2700 739 2706 ’
857 2699 957 2763 63.
1039 2696 1171 2763 Sub
1232 2696 1407 2763 Julio
1464 2698 1549 2762 II.
1619 2702 1946 2782 coeptum,
2015 2700 2135 2763 sub
2200 2698 2416 2765 Leone
2475 2698 2554 2765 X.
2624 2698 2986 2763 absolutum

679 2800 775 2860 est
837 2795 1194 2860 Concilium
1275 2795 1746 2859 oecumenicum
1828 2794 2268 2886 Qatffianense
2312 2795 2439 2878 X&
2518 2793 2686 2881 quod
2765 2816 2984 2879 quam-

677 2893 771 2957 vis
832 2915 965 2958 non
1032 2912 1252 2957 omnes
1314 2913 1421 2955 eos
1487 2890 1596 2975 qui
1658 2891 2001 2957 desiderari
2062 2896 2370 2976 poterant
2426 2892 2798 2976 produxerit
2853 2891 2985 2956 fru-

677 2995 845 3073 ctus,
922 2988 1242 3053 Ecclesiae
1311 2992 1530 3052 tamen
1598 2989 1951 3073 proficuum
2019 2990 2145 3055 fuit
2208 2994 2348 3056 tum
2422 2994 2681 3073 propter
2749 2989 2986 3053 exstin-

678 3091 847 3151 ctum
907 3085 1213 3163 schisma,
1270 3090 1410 3150 tum
1458 3091 1721 3169 propter
1775 3084 2099 3150 firmatam
2143 3086 2296 3169 fidei,
2337 3086 2693 3151 doctrinam
2739 3088 2807 3149 et
2850 3106 2984 3148 mo·

676 3205 816 3247 rum
877 3182 1401 3247 reformationem
1460 3182 1799 3266 inceptam.
1895 3182 2124 3248 Paucis
2180 3184 2258 3247 de
2315 3205 2390 3247 eo
2437 3203 2628 3267 agere
2683 3181 2803 3247 hoc
2848 3182 2984 3245 loco

677 3279 995 3345 convenit.
1068 3314 1155 3324 —
1226 3278 1488 3343 Occasio
1563 3281 1956 3346 convocandi
2036 3279 2302 3345 Concilii
2380 3278 2841 3344 Lateranensis
2901 3277 2983 3342 V.

678 3378 805 3442 fuit
854 3377 1267 3462 congregatio
1322 3376 1759 3459 conciliabuli,
1821 3376 1990 3462 quod
2015 3377 2233 3464 “LI—’‘isis,
2298 3377 2653 3461 instigante
2710 3375 2985 3440 maxime

589 3499 616 3528 a
681 3473 1002 3539 Ludovico
1060 3471 1208 3538 XII.
1271 3469 1616 3538 Gallorum*
1650 3468 1853 3557 rege,
1917 3475 2130 3560 animo
2199 3472 2602 3538 schismatico
2665 3472 2984 3537 convenit.

594 3561 636 3654 οἶ
679 3570 1039 3637 Ludovicus
1104 3569 1248 3635 XII.
1318 3569 1643 3650 videlicet,
1725 3572 1836 3655 qui
1884 3570 2236 3635 Veneticae
2301 3569 2685 3654 reipublicae
2747 3569 2986 3633 destru-

681 3670 962 3733 ctionem
1021 3688 1301 3750 suaeque
1363 3667 1429 3730 in
1494 3666 1687 3732 Italia
1746 3667 2205 3732 dominationis
2265 3670 2665 3731 incrementa
2722 3686 2983 3750 quaere·

678 3767 821 3842 bat,
879 3764 1044 3828 inita
1092 3763 1261 3828 inter
1305 3762 1682 3829 Pontificem
1736 3767 1802 3827 et
1833 3762 2119 3829 Venetos
2174 3763 2512 3828 concordia
2556 3764 2651 3827 ita
2706 3762 2985 3827 offensus

677 3862 833 3939 fuit,
902 3866 977 3924 ut
1045 3861 1258 3943 copias
1332 3882 1477 3924 suas
1545 3860 1615 3924 in
1688 3860 1877 3925 Italia
1941 3861 2294 3926 consistere
2351 3860 2635 3945 juberet,
2703 3859 2986 3924 nonnul-

860 4119 901 4189 1)
939 4120 1085 4174 Hist.
1127 4118 1287 4173 Conc.
1326 4118 1474 4173 Trid.
1510 4120 1572 4173 L.
1613 4120 1658 4174 I.
1700 4136 1745 4173 c.
1788 4123 1834 4174 1.
