3281 5014
385 633 624 676 Innocentii

440 698 577 746 gesta.

383 3836 609 3878 Munerum

393 3897 601 3940 venditio.

679 476 786 531 434
1074 478 1327 532 XXXVI.
1364 478 1447 533 De
1486 484 1637 532 statu
1672 479 1957 535 Ecclesiae
1994 486 2262 549 vergente
2300 496 2440 535 saec.
2477 481 2595 535 XV.

681 624 906 684 tanum
965 624 1032 684 et
1077 619 1455 685 Pontificem
1517 622 1898 697 existerent3
1960 622 2068 686 sed
2129 644 2323 706 quum
2385 645 2464 686 ex
2509 624 2697 706 culpa
2754 623 2990 706 princi-

682 739 832 800 pum
890 718 1133 783 bellum
1194 740 1338 781 cum
1392 718 1611 801 vigore
1673 717 1808 801 geri
1854 740 1984 782 non
2048 723 2291 800 posset,
2355 741 2488 783 non
2549 720 2871 784 immerito
2915 741 2991 784 ea

679 815 906 878 saltem
981 814 1308 880 commoda
1368 813 1786 878 Innocentius
1845 816 2194 898 quaesivit,
2264 837 2336 879 ac
2405 815 2608 879 otium
2671 815 2988 899 quoddam

681 910 969 993 pluribus
1026 911 1394 995 regionibus
1453 909 1821 974 christianis
1879 933 1916 974 a
1970 911 2322 976 Turcarum
2379 914 2793 995 aggressione
2849 934 2989 995 pro-

679 1008 947 1072 curavit.
1038 1006 1207 1073 Acre
1263 1007 1501 1072 bellum
1546 1006 1777 1070 habuit
1819 1005 2131 1072 Pontifex
2186 1029 2327 1071 cum
2375 1006 2786 1073 Ferdinando
2839 1029 2988 1092 rege

678 1101 1012 1187 NeapoliS,
1077 1105 1186 1187 qui
1249 1106 1318 1169 in
1377 1124 1580 1187 regno
1644 1124 1788 1181 suo,
1857 1103 2192 1168 Pontificis
2260 1104 2481 1180 feudo,
2551 1104 2989 1187 multipliciter

678 1200 999 1265 Ecclesiae
1066 1202 1213 1285 jura
1286 1199 1603 1278 violabat,
1679 1206 1746 1264 et
1820 1200 2069 1264 nobiles
2138 1201 2560 1285 opprimebat.
2678 1199 2988 1265 Pontifex

675 1317 895 1381 regem
962 1297 1565 1374 excommunicavit,
1636 1296 1692 1358 is
1766 1301 1985 1361 tamen
2055 1319 2229 1362 anno
2302 1298 2468 1361 1492
2539 1319 2608 1361 se
2674 1297 2987 1363 Innocen-

674 1393 767 1457 tio
834 1393 1155 1457 submisit.
1221 1429 1306 1439 —
1375 1392 1522 1456 Non
1584 1390 1822 1458 desunt
1881 1392 2289 1469 documenta,
2360 1417 2438 1459 ex
2502 1395 2734 1478 quibus
2797 1417 2987 1478 appa-

675 1499 806 1568 ret,
871 1490 1327 1554 Innocentium
1386 1489 1885 1568 sollicitudinem
1944 1513 2125 1554 suam
2184 1491 2368 1556 modo
2426 1491 2852 1556 conveniente
2907 1491 2986 1556 ad

673 1591 882 1676 ssQm
951 1585 1315 1651 extendisse
1382 1585 1758 1670 Ecclesiam3
1833 1587 2233 1652 desideratur
2306 1593 2527 1652 tamen
2603 1587 2711 1651 ille
2783 1588 2986 1672 vigor,

675 1706 866 1768 quem
925 1684 1283 1767 antiquitus
1335 1682 1679 1747 Pontifices
1737 1704 2072 1748 exercuere
2126 1685 2358 1769 quique
2412 1707 2486 1749 ea
2540 1689 2756 1749 aetate
2804 1685 2985 1749 valde

673 1786 1071 1865 opportunus
1142 1780 1404 1858 fuisset,
1486 1783 1561 1842 ut
1632 1801 1839 1844 mores
1911 1779 2427 1846 Christianorum
2514 1786 2579 1853 et
2654 1780 2987 1865 disciplina

675 1877 846 1943 Cleri
901 1877 1399 1941 reflorescerent.
1508 1876 1840 1941 Ditionem
1898 1877 2390 1942 ecclesiasticam
2457 1877 2760 1942 Pontifex
2821 1876 2985 1941 bene

673 1974 1087 2058 gubernavit,
1164 1973 1259 2036 ita
1333 1976 1405 2037 ut
1479 1977 1777 2056 acceptus
1853 1973 2130 2037 subditis
2157 1975 2171 1991 ⁰
2201 1978 2388 2038 esset.
2509 1973 2985 2038 Animadverti-

674 2081 814 2149 tur,
892 2092 1038 2133 eum
1108 2069 1292 2133 valde
1359 2069 1611 2133 facilem
1686 2068 1914 2144 fuisse,
1993 2077 2069 2133 ut
2130 2071 2411 2152 supremi
2476 2070 2766 2153 supplicii
2836 2092 2984 2154 poe-

672 2189 821 2230 nam
886 2166 986 2230 vel
1047 2165 1208 2229 alias
1267 2164 1461 2228 etiam
1525 2186 1764 2248 poenas
1829 2165 2116 2230 duriores
2175 2167 2245 2230 in
2308 2167 2617 2250 pecuniae
2678 2168 2984 2231 mulctam

674 2267 1118 2329 commutaret.
1206 2296 1294 2305 —
1378 2260 1512 2326 Sub
1598 2263 1737 2345 ipso
1813 2262 2004 2326 etiam
2032 2312 2049 2342 ,
2131 2263 2227 2327 uti
2298 2262 2418 2326 sub
2501 2263 2983 2347 praedecessore

672 2359 853 2425 Sixto
908 2359 1055 2442 IV.‚
1120 2358 1230 2423 ille
1292 2380 1427 2423 mos
1492 2359 1696 2441 magis
1757 2359 2092 2443 magisque
2155 2360 2568 2424 confirmatus
2634 2363 2700 2424 et
2760 2359 2983 2443 ampli-

670 2459 895 2523 ficatus
958 2461 1087 2537 est,
1146 2460 1223 2521 ut
1285 2477 1556 2522 munera
1615 2456 1791 2520 varia
1851 2456 2107 2540 publica
2158 2456 2618 2535 venderentur,
2681 2477 2753 2521 ac
2812 2478 2981 2535 noga

670 2556 897 2630 etiam,
971 2557 1345 2619 occurrente
1421 2553 1842 2632 necessitate,
1923 2552 2672 2646 coll-deLOQQWOEfiss-iav
2749 2558 2825 2618 ut
2899 2575 2978 2617 ex

670 2652 1065 2737 emptoribus
1126 2650 1337 2733 ampla
1398 2650 1581 2731 copia
1643 2649 1951 2733 pecuniae
2015 2650 2434 2714 obtineretur.
2547 2649 2821 2733 Propter
2884 2655 2980 2712 ta·

670 2749 793 2813 lem
872 2747 1307 2811 venditionem
1377 2746 1769 2826 officiorum,
1842 2744 2234 2809 Pontificum
2308 2746 2648 2812 adversarii
2725 2746 3003 2819 conclar

670 2848 1012 2909 maverunt
1065 2840 1286 2906 omnia
1344 2839 1595 2905 Romae
1653 2839 1913 2905 venalia
1962 2840 2173 2923 fuisse
2226 2841 2488 2922 (Janus,
2546 2866 2604 2927 p.
2657 2842 2842 2924 373);
2906 2864 2980 2906 ac

667 2942 1009 3024 scriptores
1072 2961 1324 3022 quoque
1387 2940 1456 3002 in
1518 2938 1868 3004 Ecclesiam
1928 2938 2089 3003 bene
2152 2939 2392 3022 affecti,
2450 2940 2979 3004 consuetudinem

665 3039 844 3102 illam
911 3034 1357 3099 vehementius
1428 3039 1718 3119 carpunt.
1838 3034 1965 3100 Sed
2027 3035 2078 3099 si
2147 3057 2296 3100 usus
2361 3037 2484 3101 iste
2553 3036 2978 3114 examinatur,

670 3137 964 3216 apparet,
1033 3131 1279 3195 nullam
1343 3132 1653 3195 simoniae
1716 3132 1926 3196 labem
1991 3153 2064 3195 ea
2125 3133 2193 3195 in
2258 3152 2329 3195 re
2389 3132 2695 3210 adfuisse,
2762 3154 2979 3216 quam-

669 3230 763 3292 vis
819 3228 1132 3311 disputari
1194 3228 1422 3310 possit,
1484 3235 1702 3291 utrum
1764 3227 1870 3291 ille
1936 3228 2160 3292 modus
2221 3227 2795 3294 administrationis
2855 3231 2980 3292 uti-

671 3326 747 3390 lis
792 3325 1009 3389 fuerit.

846 3424 951 3486 41.
1013 3421 1139 3485 Res
1195 3420 1395 3505 igitur
1443 3416 1689 3482 Romae
1744 3417 1838 3482 ita
1889 3420 2023 3513 jam
2083 3442 2162 3484 ex
2216 3422 2637 3487 antecedente
2689 3427 2978 3505 tempore

668 3520 1024 3585 constituta
1082 3525 1247 3593 erat,
1319 3521 1393 3579 ut
1452 3514 1662 3577 multa
1718 3521 1934 3579 essent
1990 3514 2203 3582 officia
2257 3540 2330 3582 ac
2386 3541 2651 3583 munera
2704 3519 2976 3602 publica,

669 3639 784 3701 pro
845 3615 1079 3700 quibus
1140 3611 1507 3678 obtinendis
1567 3615 1743 3676 certa
1809 3633 2057 3677 summa
2120 3614 2428 3698 pecuniae
2488 3614 2649 3680 solvi
2700 3614 2977 3678 debebat

672 3736 747 3778 ea
793 3714 927 3778 fere
973 3711 1244 3788 ratione,
1292 3709 1390 3772 uti
1435 3708 1704 3772 saeculis
1744 3713 2037 3773 nostrum
2089 3709 2618 3794 praecedentibus
2664 3712 2733 3775 in
2767 3710 2978 3775 Gallia

671 3810 938 3893 aliisque
995 3808 1215 3890 regnis
1269 3826 1383 3890 pro
1436 3803 1812 3869 muneribus
1868 3805 2235 3873 honorificis
2281 3808 2351 3872 in
2401 3807 2632 3871 militia
2687 3807 2977 3871 obtinen-

671 3905 766 3969 dis
841 3928 880 3968 a
946 3903 1268 3968 nobilibus
1344 3900 1660 3986 gubernio
1721 3903 1995 3985 pecunia
2068 3904 2226 3968 satis
2300 3905 2513 3988 ampla
2584 3903 2975 3967 solvebatur.

669 4000 1019 4067 Habebant
1076 4005 1290 4064 autem
1355 3997 1466 4061 illa
1530 4019 1799 4062 munera
1860 4005 2208 4081 proventus
2270 4023 2416 4067 suos
2478 4002 2582 4065 vel
2638 4022 2717 4065 ex
2779 4000 2977 4083 ipsius

669 4099 982 4172 muneris,
1046 4118 1099 4161 e.
1162 4117 1225 4180 g.
1287 4093 1652 4159 notariatus
1714 4093 1959 4173 indole,
2023 4099 2125 4161 vel
2188 4098 2591 4182 frequentius
2652 4097 2979 4180 assignata

667 4199 807 4259 erat
870 4193 1105 4257 talibus
1166 4192 1391 4257 officiis
1451 4210 1599 4273 pars
1664 4191 1880 4275 aliqua
1945 4201 2365 4271 annatarum,
2431 4198 2760 4271 taxarum,
2827 4192 2977 4256 alio-
