3281 5014
783 428 865 483 De
901 427 1402 494 Reservationibus‚
1440 428 1695 496 AnnatiS‚
1734 428 2088 483 Commendis.
2491 429 2598 484 223

283 568 583 652 pensioni
644 570 917 633 nimium
979 570 1044 634 in
1109 569 1451 635 collatione
1512 592 1768 654 quoque
1828 571 2281 635 beneficiorum
2344 572 2604 636 cessisse

282 664 568 747 videtur,
626 666 722 729 ita
771 670 845 730 ut
889 686 1283 751 permagnus
1331 688 1635 729 numerus
1682 666 2058 732 clericorum
2103 665 2603 750 supplicantium

284 761 684 826 Avenionem
752 763 1124 828 conflueret.
1232 763 1325 827 At
1389 762 1701 848 ejusmodi
1756 784 2082 841 excessus,
2136 762 2326 832 rebus
2381 763 2606 827 huma-

284 859 389 922 nis
453 878 705 942 semper
768 859 986 935 mixti,
1051 858 1200 922 dein
1266 882 1302 924 a
1366 859 1833 925 successoribus
1896 859 2230 924 reformati
2290 864 2462 925 sunt.
2517 895 2603 906 —

286 954 631 1020 Efficiebat
698 957 893 1020 etiam
959 957 1107 1039 ipse,
1160 959 1371 1021 status
1436 978 1650 1021 rerum
1694 960 1782 1020 -et
1847 957 2261 1021 commoratio
2321 957 2389 1021 in
2451 955 2603 1022 Gal-

284 1053 393 1132 lia,
440 1055 511 1116 ut
561 1050 762 1117 Gallis
808 1052 995 1136 plura
1052 1053 1123 1116 in
1170 1052 1312 1116 aliis
1356 1052 1727 1137 regionibus
1777 1053 2225 1119 conferrentur
2272 1053 2603 1134 beneficia,

286 1148 541 1213 sublata
599 1148 991 1214 residentiae
1052 1145 1477 1233 obligatione,
1533 1149 1706 1214 unde
1770 1149 2041 1214 aliarum
2101 1150 2435 1215 nationum
2497 1172 2605 1214 ex-

288 1245 487 1312 citata
541 1249 640 1309 est
685 1243 1082 1329 simultas}
1152 1244 1488 1329 Quumque
1533 1248 1670 1330 jam
1717 1246 1987 1311 nimium
2043 1246 2179 1314 fere
2233 1250 2462 1311 auctae
2508 1270 2606 1311 es·-

288 1346 433 1406 sent
484 1342 910 1426 provisiones,
973 1365 1048 1407 eo
1106 1343 1273 1426 quod
1328 1342 1721 1425 patrimonio
1771 1343 2074 1407 ecclesiae
2119 1342 2448 1408 Romanae
2506 1366 2607 1408 or-

289 1438 423 1502 bati
492 1438 819 1503 interdum
881 1437 1231 1503 Pontifices
1294 1437 1621 1503 beneficiis
1684 1439 2049 1505 distributis
2123 1444 2464 1504 uterentur
2527 1440 2605 1504 ad

211 1527 214 1528 ⁷
288 1534 660 1599 clericorum
736 1534 1352 1615 remunerationem,
1427 1535 1681 1599 demum
1754 1535 1912 1600 duro
1980 1535 2262 1619 plurium
2337 1535 2607 1601 Pontifi-

289 1652 437 1696 cum
502 1630 845 1697 schismate
914 1636 1137 1696 exorto
1205 1631 1384 1707 illae,
1455 1631 1649 1695 titulo
1719 1631 2114 1697 necessariae
2183 1634 2609 1698 sustentatio-

289 1727 393 1793 nis
457 1732 524 1793 et
583 1727 985 1793 adhaesionis
1049 1728 1129 1792 ad
1193 1731 1438 1792 certum
1495 1725 1774 1812 Papam,
1838 1727 2110 1792 nimium
2166 1728 2605 1794 increverunt.

290 1822 634 1889 Exstincto
692 1824 1060 1902 schismate,
1123 1823 1477 1889 Concilium
1534 1822 2031 1888 constantiense
2090 1826 2437 1891 remedium
2496 1827 2606 1891 ali·

292 1920 460 2005 quod
507 1921 690 1997 tulit,
721 1927 814 1986 >et
860 1922 1010 1987 dein
1055 1943 1169 2006 per
1215 1919 1615 1986 Concordata
1671 1921 2064 2006 provisiones
2121 1944 2193 1987 ac
2238 1924 2611 1994 reservatio·

292 2039 408 2081 nes
454 2023 855 2102 temperatae
901 2013 1243 2096 fuerunt.²)

473 2169 575 2232 80.
636 2166 865 2252 Neque
925 2189 1261 2252 negamus,
1326 2170 1394 2233 in
1464 2168 1934 2252 provisionibus
1997 2190 2193 2233 unum
2257 2169 2612 2235 alterumve

299 2286 374 2328 ex
450 2264 871 2330 Pontificibus
939 2264 1501 2329 Avenionensibus
1575 2264 1903 2328 interdum
1979 2264 2218 2348 aliquid
2294 2266 2474 2331 carni
2547 2272 2613 2350 et

298 2361 602 2448 sanguini
668 2360 1039 2441 indulsisse,
1108 2361 1200 2425 ita
1268 2365 1343 2425 ut
1406 2360 1790 2445 propinqui
1823 2359 2149 2455 (quamvis
2186 2361 2430 2473 Qui).
2489 2363 2613 2428 fre-

298 2458 604 2542 quentius
651 2456 725 2521 ad
776 2459 1178 2542 episcopatus
1233 2449 1782 2542 promoverentur.
1870 2458 2007 2534 Qua
2052 2480 2122 2523 m
2177 2480 2275 2542 re,
2334 2460 2432 2525 uti
2471 2460 2610 2546 jam

298 2554 604 2636 vidimus,
668 2554 963 2619 Clemens
1011 2547 1129 2620 VI.
1194 2576 1446 2620 necnon
1514 2554 1868 2640 Gregorius
1938 2554 2050 2620 XI.
2116 2558 2454 2622 excessisse
2518 2558 2610 2622 di·

297 2654 553 2714 cuntur.
661 2649 1164 2717 Excusationem
1223 2655 1443 2716 tamen
1506 2652 1850 2717 inveniunt
1912 2652 2090 2731 inde,
2162 2654 2327 2738 quod
2393 2676 2612 2720 neces-

299 2747 540 2811 sarium
608 2746 935 2812 videretur
1005 2749 1072 2812 in
1139 2748 1283 2812 istis
1354 2752 1714 2831 temporum
1787 2749 2138 2834 angustiiS,
2216 2755 2284 2814 et
2350 2756 2614 2834 propter

482 2973 525 3041 ¹)
564 2972 734 3038 Quam
780 2972 941 3028 facile
978 2979 1160 3028 tamen
1204 2973 1262 3028 in
1308 2974 1577 3042 ejusmodi
1623 2973 2061 3028 accusationibus
2098 2975 2336 3028 maxima
2372 2991 2613 3046 exagge-

295 3053 439 3108 ratio
478 3053 754 3115 obveniat,
797 3056 958 3119 patet
983 3068 1049 3106 ex
1086 3052 1324 3121 querelis
1352 3051 1635 3111 Gallorum
1662 3058 1853 3106 contra
1888 3052 2228 3107 Bonifatium
2255 3053 2427 3122 VHI„
2469 3057 2614 3123 quod

297 3133 577 3187 extraneis
635 3131 990 3200 episcopatus
1046 3137 1104 3186 et
1157 3130 1419 3186 beneficia
1472 3131 1646 3184 multa
1702 3131 2013 3185 contulerit.
2096 3132 2302 3201 Magna
2360 3150 2480 3187 cum
2534 3135 2614 3188 in·

298 3211 620 3279 dignatione
664 3211 789 3263 illas
827 3211 1205 3266 accusat-iones
1242 3209 1552 3264 Bonifatius
1588 3209 1811 3277 rejecit,
1859 3211 2178 3277 adverten8‚
2227 3214 2444 3267 nonnisi
2480 3215 2614 3268 duos

299 3290 649 3356 episcopatus
688 3290 922 3345 collatos
959 3290 1131 3344 fuisse
1169 3289 1472 3354 extraneis,
1511 3289 1601 3356 qui
1632 3289 1748 3356 jam
1788 3289 1881 3341 diu
1918 3289 1974 3341 in
2013 3289 2198 3344 Gallia
2233 3291 2614 3359 versabantur,

298 3369 358 3420 in
392 3369 544 3436 regis
581 3367 832 3435 Philippi
860 3369 1189 3435 obsequium.
1250 3369 1379 3436 Ipso
1418 3369 1679 3422 videlieet
1718 3384 1850 3436 rege
1886 3375 2110 3435 petente
2147 3370 2612 3441 archiepiscopum

297 3446 700 3501 Bituricensem
758 3448 1135 3509 nominaverat
1190 3448 1480 3515 Aegidium
1537 3447 1854 3500 Columnam
1909 3447 2236 3516 Romanum,
2290 3451 2381 3516 qui
2434 3451 2614 3506 fuerat

300 3526 392 3579 diu
450 3525 681 3579 Parisiis
735 3525 1050 3593 theologiae
1102 3526 1381 3593 professor
1437 3530 1493 3579 et
1550 3531 1878 3592 praeceptor
1933 3527 2106 3593 ipsius
2163 3529 2330 3597 regis.
2430 3530 2614 3584 Etiam

300 3604 575 3658 Gerardus
622 3604 922 3673 Pigalotti‚
977 3604 1366 3658 Atrebatensis
1417 3604 1733 3671 episcopus,
1788 3604 2018 3658 Parisiis
2073 3605 2255 3661 fuerat
2308 3607 2615 3675 institutuS,

299 3682 481 3750 ibique
533 3684 714 3736 factus
772 3688 892 3737 erat
942 3682 1219 3750 professor
1272 3683 1456 3751 legum
1514 3688 1569 3737 et
1610 3683 1800 3737 doctor
1853 3684 2134 3752 utriusque
2173 3685 2333 3754 juriS.
2425 3687 2615 3754 Quoad

299 3761 412 3815 alia
448 3761 708 3815 beneficia
748 3761 994 3815 advertit
1027 3761 1368 3828 Bonifatius,
1413 3761 1509 3815 vix
1545 3778 1712 3814 unum
1762 3767 2077 3818 extraneum
2116 3779 2237 3820 esse
2280 3767 2614 3821 nominatum

297 3856 397 3908 pro
436 3847 653 3894 centum
691 3840 886 3894 Gallis
936 3871 1003 3881 -
1053 3840 1227 3894 Sicut-i
1281 3841 1434 3908 ipsae
1472 3840 1751 3895 Gallorum
1801 3842 2051 3907 querelae
2089 3846 2614 3913 exaggerationibus

297 3918 523 3986 injustis
561 3920 865 3984 scatebant,
911 3919 995 3973 ita
1032 3925 1088 3974 et
1125 3925 1318 3987 postea
1352 3920 1526 3973 multa
1563 3926 1909 3988 exaggerata
1947 3927 2076 3975 sunt
2112 3923 2170 3976 in
2206 3924 2444 3991 querelis
2482 3926 2615 3979 alia-

295 4015 417 4051 rum
464 3998 745 4051 nationum
796 4004 990 4052 contra
1037 3998 1331 4053 Pontifices
1378 3999 1819 4065 AvenionenseS,
1873 4000 1955 4054 uti
1993 4000 2193 4069 Anglis
2246 4003 2492 4059 Clemens
2520 4004 2613 4057 VI.

298 4077 559 4133 ostendit.
631 4078 698 4132 V.
740 4077 1009 4145 Raynald.
1050 4093 1097 4131 a.
1138 4079 1290 4131 1343.
1328 4082 1383 4131 n.‘
1421 4080 1488 4130 90
1527 4084 1586 4133 et
1622 4093 1671 4132 a.
1714 4079 1868 4133 1344.
1905 4096 1957 4132 n.
1996 4081 2079 4132 50.

475 4155 518 4222 2)
554 4155 663 4211 Cfr.
697 4156 974 4221 zaccaria,
1011 4156 1354 4211 Antifebron.
1392 4156 1696 4212 Febronius
1735 4157 2086 4212 abbreviatus
2126 4163 2231 4213 etc.
2268 4161 2327 4215 Ρ.
2357 4161 2461 4214 ΠΙ.
2489 4177 2532 4214 c.
2563 4164 2612 4214 6.

404 4253 670 4305 Jungmanm
700 4252 1054 4294 Dissertationes.
1109 4253 1231 4294 Tom.
1261 4254 1341 4294 VI.
2341 4249 2406 4301 15
