3281 5014
378 2567 409 2608 J
411 2579 451 2609 ο.
480 2565 657 2608 Wiclef.

684 420 788 474 320
1276 420 1527 473 XXXIV.
1566 421 1649 475 De
1687 419 1929 473 Concilio
1967 420 2394 475 constantiensi.

683 584 968 627 errorum
1033 561 1307 627 Joannis
1372 561 1547 639 Hns,
1622 566 1699 625 ut
1767 568 1992 625 contra
2065 584 2389 645 perversas
2459 565 2595 647 ejus
2671 564 2990 628 doctrinas

684 658 1043 741 depositum
1111 658 1259 722 fidei
1328 659 1618 723 illaesum
1688 658 2131 722 custodiretur.
2250 659 2470 744 Atque
2536 682 2757 725 revera
2829 659 2992 744 Syn·

681 756 840 819 odus
910 755 1031 819 hoc
1094 756 1433 838 negotium
1503 775 1743 839 magno
1808 776 1953 819 cum
2021 755 2239 839 vigore
2308 763 2643 839 prosecuta
2711 762 2837 833 est,
2922 780 2990 821 ac

683 870 820 915 non
888 852 1101 915 minus
1165 851 1386 915 Hussii
1451 852 1805 929 doctrinas,
1876 873 2069 934 quam
2132 852 2341 934 ipsum
2409 855 2791 937 magistrum
2854 854 2990 917 hae-

683 948 843 1011 resis
889 970 1109 1012 severa
1155 949 1483 1013 sententia
1529 946 1997 1013 condemnavit.
2072 946 2217 1031 Ipse
2259 947 2544 1013 Joannes
2585 948 2724 1014 Hus
2772 950 2992 1015 deinde

685 1045 995 1108 saeculari
1064 1044 1322 1109 brachio
1391 1044 1694 1122 traditus,
1764 1045 1956 1127 juxta
2035 1044 2324 1129 vigentes
2394 1047 2569 1130 leges
2638 1051 2711 1111 ut
2778 1047 2992 1111 haere-

685 1140 850 1205 ticus
916 1142 1213 1224 pertinax
1280 1164 1488 1225 poena
1551 1141 1723 1224 ignis
1788 1141 2056 1205 affectus
2120 1145 2239 1206 est.
2351 1141 2633 1207 Acerbas
2692 1143 2994 1208 Hussitae

687 1259 759 1301 ac
828 1237 976 1301 dein
1040 1236 1490 1303 Protestantes
1558 1244 1899 1303 moverunt
1963 1242 2189 1303 contra
2252 1237 2611 1303 Concilium
2676 1240 2993 1305 Constan-

685 1336 893 1399 tiense
954 1334 1426 1417 accusationes,
1489 1338 1629 1399 tum
1696 1335 1863 1419 quod
1926 1335 2152 1399 Hussii
2212 1335 2570 1415 doctrinae,
2635 1359 2834 1421 quum
2899 1360 2993 1401 es·

682 1431 1069 1496 sentialibus
1130 1432 1279 1495 fidei
1348 1432 1733 1496 veritatibus
1799 1454 1934 1497 non
2004 1437 2510 1516 opponerentur,
2579 1435 2823 1517 injuste
2887 1434 2997 1495 da-

686 1534 947 1592 mnatae
1007 1529 1169 1613 sint,
1240 1536 1380 1593 tum
1444 1529 1614 1613 quod
1689 1528 1872 1594 modo
1935 1552 2061 1612 quo
2125 1533 2350 1594 contra
2409 1530 2617 1614 ipsum
2680 1529 2996 1596 Constan-

679 1625 819 1688 tiae
863 1628 1077 1688 actum
1124 1630 1242 1703 est,
1288 1626 1501 1689 salvus
1548 1624 1899 1689 conductus
1948 1625 2340 1710 Sigismundi
2385 1626 2823 1711 Imperatoris,
2867 1649 2998 1711 quo

687 1720 962 1785 Hussius
1033 1723 1321 1785 munitus
1390 1724 1563 1799 erat,
1637 1722 1918 1805 turpiter
1981 1723 2256 1787 violatus
2324 1724 2442 1807 sit,
2516 1724 2813 1808 quodque
2881 1725 3001 1788 im-

688 1818 858 1901 piam
923 1818 1257 1882 emiserint
1319 1817 1854 1882 Constantienses
1914 1821 2339 1899 sententiam,
2413 1821 2751 1887 haereticis
2811 1822 2993 1886 fidem

689 1913 860 1979 haud
917 1936 1052 1978 esse
1108 1917 1505 1981 servandam.
1597 1915 1835 1979 Merito
1892 1915 2215 1981 doctrinas
2263 1917 2486 1982 Hussii
2541 1940 2679 1982 esse
2732 1918 2998 1981 damna-

690 2015 820 2090 taS,
881 2034 959 2076 ex
1022 2033 1307 2076 errorum
1371 2014 1510 2097 ejus
1571 2013 1972 2096 expositione
2034 2013 2223 2078 facile
2285 2014 2560 2097 patebit3
2630 2015 2740 2078 sed
2802 2014 3000 2078 etiam

690 2109 972 2192 reliquas
1044 2130 1203 2193 quas
1270 2109 1903 2174 commemoravimus
1969 2110 2408 2174 accusationes
2472 2112 2723 2177 sincera
2786 2132 2998 2174 rerum

692 2206 1100 2269 enarratione
1159 2206 1490 2271 diluemus.
1587 2206 1796 2281 Quum
1852 2227 2002 2268 vero
2057 2228 2302 2271 errores
2350 2207 2570 2272 Hussii
2625 2208 2853 2271 intime
2897 2228 3001 2271 co-

691 2301 1003 2365 haereant
1058 2324 1202 2365 cum
1249 2301 1503 2367 Wiclefi
1557 2301 1893 2379 doctrinis,
1950 2302 2028 2366 de
2085 2303 2184 2367 his
2229 2306 2508 2387 primum
2556 2305 2773 2388 aliqua
2818 2326 3002 2387 prae-

693 2400 1011 2464 mittenda
1058 2421 1196 2463 esse
1242 2398 1565 2465 videntur.

870 2553 973 2616 41.
1062 2550 1350 2615 Joannes
1419 2549 1686 2628 Wiclef,
1755 2549 2021 2613 natione
2091 2551 2377 2634 AngIUS,
2447 2552 2516 2614 in
2583 2551 3002 2614 universitate

696 2645 1050 2711 Oxoniensi
1108 2646 1469 2730 theologiae
1529 2646 1848 2730 professor
1906 2650 1973 2710 et
2034 2647 2333 2711 ecclesiae
2387 2646 3005 2712 Lutterworthensis

693 2743 763 2807 in
824 2745 1092 2809 dioecesi
1158 2732 1599 2807 Lincolniensi
1662 2744 2001 2826 parochuS,
2070 2745 2170 2807 vir
2238 2751 2375 2808 erat
2443 2743 2840 2808 vehementis
2904 2744 3006 2806 in-

693 2841 898 2925 genii,
977 2840 1288 2923 superbus
1357 2844 1423 2903 et
1492 2840 1891 2904 ambitiosus,
2014 2840 2224 2916 Quum
2291 2846 2665 2924 usurpatam
2734 2838 3006 2925 collegii

695 2936 1181 3017 Cantuariensis
1245 2936 1744 3019 praefecturam,
1814 2960 1979 3022 quae
2036 2939 2186 3002 solis
2244 2939 2571 3003 monachis
2631 2938 3007 3013 debebatur,

693 3035 898 3117 primo
961 3033 1417 3116 archiepiscopi
1474 3030 1984 3111 Cantuariensis‚
2045 3056 2194 3098 mox
2256 3033 2504 3099 Urbani
2540 3035 2619 3100 V.
2679 3035 3009 3099 sententia

694 3153 869 3195 anno
934 3130 1102 3194 1370
1164 3129 1490 3193 monachis
1545 3131 1885 3197 restituere
1939 3132 2171 3195 fuisset
2223 3135 2507 3211 coactuS,
2565 3133 2798 3214 ingens
2854 3130 3008 3194 inde

696 3227 908 3292 odium
972 3228 1041 3291 in
1103 3226 1478 3308 monachos,
1537 3228 1606 3291 in
1671 3227 1998 3311 episcopos
2057 3233 2124 3293 et
2175 3229 2242 3292 in
2290 3228 2638 3293 Pontifices
2694 3227 3008 3309 concepit,

697 3330 763 3388 et
809 3325 876 3387 in
926 3346 1032 3388 eos
1088 3328 1227 3387 tum
1286 3323 1687 3387 sermonibus
1744 3327 1879 3388 tum
1940 3325 2194 3408 scriptis
2242 3325 2461 3388 invehi
2517 3325 2742 3408 coepit.
2836 3322 3010 3389 Con-

696 3425 800 3485 tra
871 3420 1149 3485 Romani
1216 3419 1548 3484 Pontificis
1617 3420 1994 3504 primatum,
2073 3422 2511 3505 episcoporum
2592 3425 3010 3505 potestatem,

698 3518 1066 3584 clericorum
1138 3522 1203 3581 et
1269 3517 1726 3582 monachorum
1799 3520 2227 3602 possessiones
2301 3520 2681 3602 temporales
2755 3518 3012 3601 aliaque

699 3615 1258 3680 vehementissime
1304 3614 1720 3680 declamabat.

872 3757 978 3822 42.
1040 3755 1389 3840 Gregorius
1442 3753 1561 3819 XI.
1624 3778 1800 3821 anno
1868 3757 2036 3820 1377
2105 3757 2538 3823 novemdecim
2604 3757 2909 3822 articulos
2977 3778 3014 3820 e

698 3854 1235 3938 praelectionibus
1307 3851 1563 3916 Wiclefi
1640 3854 2012 3936 desumptos
2087 3860 2153 3919 et
2228 3855 2307 3918 ad
2380 3856 2590 3938 ipsum
2664 3853 2904 3918 delatos
2977 3874 3015 3916 e

699 3949 1134 4014 Cardinalium
1195 3949 1458 4014 consilio
1516 3949 1876 4028 damnavit,
1937 3958 2003 4016 et
2056 3952 2292 4018 litteris
2346 3952 2671 4035 episcopos
2727 3949 3015 4016 Cantua-

698 4047 973 4112 riensem
1033 4051 1098 4110 et
1160 4043 1669 4121 Londinensem,
1739 4046 2132 4113 Richardum
2191 4070 2410 4133 regem
2469 4053 2665 4133 atque
2732 4048 3015 4114 Univer-

699 4145 958 4208 sitatem
1017 4141 1471 4207 Oxioniensem
1538 4144 1875 4222 excitavit,
1945 4152 2017 4209 ut
2078 4147 2253 4211 omni
2316 4167 2439 4230 quo
2499 4148 2762 4229 possent
2821 4143 3016 4209 modo
