3281 5014
1063 510 1145 563 De
1184 508 1425 563 Concilio
1460 509 1828 565 Lateranensi
1855 510 1922 563 V.
2565 511 2667 562 461

351 653 634 734 animam
698 651 1076 739 bumanam3
1140 652 1429 715 doctores
1491 651 1553 715 hi
1609 651 2176 736 juna-,principia
2234 650 2671 734 philosophica

350 750 632 812 animam
705 738 1045 813 mortalem
1113 769 1250 811 esse
1320 748 1703 813 nitebantur
1761 746 2128 825 ostendere,
2199 747 2389 810 simul
2453 752 2672 812 tamen

349 845 678 921 dicebant,
747 867 825 908 ex
889 843 1386 925 fide-,catholica
1451 866 1520 908 se
1585 866 1725 908 eam
1791 845 2026 908 habere
2089 847 2160 907 ut
2224 844 2669 913 immortalem.

351 941 560 1017 Quum
628 942 695 1005 in
769 940 1014 1005 ditione
1077 941 1477 1005 Venetorum
1550 963 1622 1004 eo
1691 947 1981 1024 tempore
2052 961 2193 1003 cum
2266 940 2516 1023 magnis
2585 940 2673 1003 di-

358 1039 530 1101 vitiis
602 1058 834 1122 magna
912 1037 1103 1102 etiam
1177 1059 1427 1102 morum
1497 1039 1819 1120 perversio
1892 1041 2030 1102 orta
2103 1041 2296 1108 esset,
2380 1035 2673 1100 doctrina

352 1135 468 1198 illa
513 1133 590 1197 de
638 1134 1038 1199 mortalitate
1086 1126 1361 1212 animae,
1412 1139 1478 1198 et
1523 1135 1878 1218 generatim
1926 1133 2443 1198 Aristotelismus
2476 1132 2673 1197 Aver-

355 1230 683 1309 roisticu8‚
740 1232 851 1314 qui
899 1231 1359 1296 materialismo
1407 1231 1702 1309 favebat,
1764 1230 1999 1294 multos
2057 1230 2309 1294 invenit
2365 1230 2669 1311 asseclas3

353 1333 421 1391 et
468 1349 583 1410 pro
631 1327 944 1411 religione
990 1326 1340 1390 christiana
1373 1326 1523 1391 inde
1570 1328 1639 1391 in
1687 1327 1829 1391 istis
1875 1326 2242 1409 regionibus
2288 1326 2454 1409 apud
2504 1326 2670 1390 mul-

354 1432 456 1487 tos
512 1423 854 1487 nobiliores
917 1428 983 1487 et
1045 1425 1247 1506 magis
1311 1424 1516 1487 cultos
1579 1422 2041 1488 libertinismus
2103 1444 2349 1487 morum
2416 1427 2481 1487 et
2538 1423 2670 1505 opi·

357 1521 621 1585 nionum
670 1520 969 1584 invaluit.
1062 1518 1231 1584 Huic
1287 1520 1452 1583 malo
1508 1520 1835 1604 grassanti
1890 1519 2092 1602 igitur
2140 1518 2498 1582 Concilium
2548 1518 2670 1582 La·
2691 1518 3004 1623 Dgtffirffiffiuflss

356 1624 702 1681 teranense
733 1614 813 1681 V.
871 1616 1153 1681 obviavit
1213 1616 1385 1681 edito
1430 1616 1496 1679 in
1545 1617 1827 1680 sessione
1886 1619 2113 1679 octava
2157 1614 2438 1680 decreto:
2507 1612 2670 1680 Cum
2775 1656 2911 1685 mana,

355 1711 581 1776 diebus
647 1711 925 1791 nostris,
997 1712 1166 1794 quod
1232 1711 1519 1777 dolenter
1574 1710 1958 1794 referimus,
2023 1709 2327 1775 zizaniae
2393 1710 2670 1776 semina-

359 1813 488 1887 tor,
544 1807 862 1890 antiquus
916 1807 1195 1874 humani
1243 1807 1501 1892 yeneris
1554 1806 1791 1888 hostis,
1854 1806 2205 1874 nonnullos
2256 1806 2671 1890 perniciosis-

357 1905 555 1969 simos
616 1925 868 1969 errores
927 1925 969 1970 a
1029 1904 1326 1985 fidelibus
1386 1925 1635 1987 semper
1695 1904 1983 1988 explosos
2044 1903 2118 1969 in
2180 1925 2338 1986 aqro
2398 1903 2675 1969 Domini

356 1999 877 2083 superseminare
944 2007 1006 2066 et
1071 2022 1309 2085 auyere
1374 2001 1461 2067 sit
1527 2022 1760 2086 ausus,
1835 2000 1912 2065 de
1977 2005 2226 2065 natura
2284 1999 2674 2083 praesertim

358 2096 621 2163 animae
667 2097 1045 2179 rationalis,
1111 2099 1282 2182 quod
1335 2098 1626 2163 videlicet
1685 2097 1984 2162 mortalis
2039 2097 2127 2162 sit
2181 2101 2301 2163 aut
2352 2097 2549 2164 unica
2601 2099 2674 2163 in

359 2192 611 2259 cunctis
668 2193 1066 2274 hominibuS,
1126 2200 1187 2260 et
1240 2195 1546 2261 nonnulli
1605 2200 1837 2259 temere
1885 2192 2408 2278 philosophantes
2453 2214 2674 2258 secun-

359 2290 516 2356 dum
580 2290 808 2355 saltem
857 2291 1341 2375 philosophiam
1396 2291 1467 2356 id
1525 2312 1751 2357 verum
1807 2311 1938 2355 esse
1993 2294 2385 2368 asseverent,
2449 2295 2676 2355 contra

361 2386 737 2470 hujusmodi
771 2393 1017 2469 pestem
1065 2392 1432 2471 opportuna
1477 2386 1763 2452 remedia
1810 2385 2112 2451 adhibere
2157 2386 2512 2468 cupientes,
2561 2386 2677 2451 hoc

359 2503 545 2549 sacro
608 2484 1006 2567 approbante
1064 2483 1346 2551 Concilio
1411 2484 1801 2551 damnamus
1862 2488 1922 2549 et
1976 2483 2400 2568 reprobamus
2460 2505 2678 2550 omnes

364 2585 749 2661 asserentes,
811 2580 1104 2647 animam
1149 2581 1606 2648 intellectivam
1654 2581 1989 2646 mortalem
2037 2602 2200 2661 esse,
2249 2586 2368 2647 aut
2413 2581 2677 2647 unicam
2744 2590 2781 2636 ‘4

363 2677 438 2742 in
488 2677 737 2743 cunctis
784 2676 1154 2744 hominibus
1207 2683 1268 2744 et
1320 2679 1476 2744 haec
1519 2679 1592 2743 in
1634 2678 1907 2744 dubium
1965 2683 2309 2758 vertentes,
2373 2698 2517 2744 cum
2558 2677 2677 2743 illa

363 2794 498 2838 non
545 2773 753 2839 solum
798 2794 969 2855 vere,
1006 2797 1131 2858 per
1176 2797 1267 2857 se,
1327 2775 1760 2841 essentialiter
1803 2774 2082 2840 humani
2127 2775 2418 2859 corporis
2458 2775 2679 2858 forma

365 2869 631 2949 existat,
701 2869 871 2935 siout
936 2871 1012 2936 in
1078 2893 1321 2938 canone
1387 2872 1495 2954 fel.
1555 2871 2026 2956 recordationis
2091 2870 2443 2938 Clementis
2489 2872 2565 2937 P.
2614 2871 2678 2935 V.

355 2965 870 3050 praedecessoris
941 2968 1155 3034 nostri
1215 2968 1291 3034 in
1361 2968 1656 3052 yenerali
1732 2967 2078 3034 Viennensi
2157 2967 2440 3034 Concilio
2510 2968 2679 3033 edito

366 3061 761 3142 continetur,
816 3084 1039 3130 verum
1085 3070 1146 3128 et
1194 3063 1587 3129 immortalis
1631 3069 1692 3128 et
1732 3085 1858 3145 pro
1913 3086 2252 3148 corporum
2300 3065 2535 3146 quibus
2577 3063 2677 3129 in-

364 3158 680 3242 funditur
725 3159 1145 3226 multitudine
1201 3159 1633 3244 sinyulariter
1690 3159 2209 3243 multiplicabilis
2261 3165 2323 3225 et
2363 3160 2677 3244 multipli-

367 3260 518 3320 cata
578 3259 640 3319 et
693 3255 1194 3339 multiplicanda
1238 3256 1326 3321 sit
1337 3277 1362 3336 ;
1423 3306 1438 3321 .
1488 3307 1500 3320 .
1549 3304 1561 3319 .
1624 3277 1875 3322 omnem
1932 3257 2353 3323 assertionem
2413 3257 2680 3324 veritati

367 3351 784 3417 illuminatae
836 3352 987 3432 fidei
1044 3352 1447 3419 contrariam
1512 3353 1775 3418 omnino
1829 3353 2073 3435 falsam
2134 3375 2265 3419 esse
2318 3355 2679 3436 definimus,

366 3452 430 3514 et
475 3452 549 3512 ut
596 3447 790 3514 aliter
834 3448 1275 3532 doymatieare
1319 3470 1452 3515 non
1500 3448 1690 3514 liceat
1734 3448 2102 3516 districtius
2145 3449 2529 3517 inhibemus.
2576 3503 2631 3516 ..
2665 3501 2678 3515 .

369 3543 657 3627 Insuper
717 3545 1015 3611 omnibus
1077 3551 1139 3611 et
1200 3545 1482 3630 sinyulis
1532 3546 1940 3629 philosophis
2002 3547 2075 3611 in
2141 3547 2682 3613 universitatibus

367 3641 739 3707 studiorum
813 3643 1222 3725 yeneralium
1299 3649 1357 3707 et
1425 3642 1587 3707 alibi
1645 3641 1902 3725 publice
1970 3642 2325 3726 leyentibus
2391 3644 2683 3710 districte

363 3736 823 3820 praecipiendo
869 3738 1284 3819 mandamus,
1343 3744 1419 3804 ut
1464 3760 1609 3805 cum
1654 3736 2192 3822 philosophorum
2238 3741 2578 3826 principia
2623 3747 2684 3807 et

370 3833 825 3913 conclusiones,
877 3834 951 3900 in
991 3835 1228 3916 quibus
1273 3856 1314 3901 a
1359 3841 1533 3901 recta
1578 3835 1702 3916 fide
1750 3836 2008 3901 deviare
2053 3843 2440 3917 noscuntur,
2494 3839 2681 3905 audi·

374 3930 624 3996 toribus
692 3929 831 3996 suis
895 3931 1168 4014 leyerint
1233 3932 1331 3997 vel
1403 3932 1928 4016 explanaverint,
2007 3935 2196 4016 quale
2266 3933 2382 4000 hoc
2447 3942 2538 4001 est
2607 3937 2683 4001 de

371 4027 634 4091 animae
697 4027 1122 4108 mortalitate,
1187 4034 1306 4095 aut
1369 4029 1654 4108 unitate,
1722 4033 1783 4093 et
1835 4030 2067 4095 mundi
2122 4031 2539 4118 aeternitate,
2607 4053 2684 4097 ac

372 4121 508 4187 alia
562 4121 965 4206 hujusmodi,
1031 4129 1378 4191 teneantur
1433 4124 1669 4190 eisdem
1724 4125 2058 4192 veritatem
2115 4126 2454 4210 reliqionis
2512 4127 2681 4193 chri·

372 4217 631 4284 stianae
677 4218 855 4285 omni
901 4226 1138 4286 conatu
1183 4221 1603 4304 manifestam
1645 4222 1890 4305 facere,
1950 4227 2011 4286 et
2054 4224 2509 4305 persuadendo
2554 4247 2683 4308 pro
