3281 5014
1291 479 1601 533 Alexander
1622 478 1721 533 V1.
2552 480 2657 532 443

347 621 547 705 giam,
628 643 828 705 quum
885 618 1168 684 Vanotia
1235 642 1433 686 novas
1500 623 1760 705 nuptias
1823 622 2110 698 iniisset,
2176 621 2432 684 illorum
2500 621 2657 684 libe·

347 739 561 782 rorum
630 722 902 801 paterna
973 737 1110 780 cum
1181 716 1613 781 sollicitudine
1684 718 2045 800 affectuque
2107 721 2377 800 paterno
2441 739 2655 780 curam

347 815 617 897 gessisse
677 835 751 878 ac
810 812 1136 876 beneficiis
1194 833 1303 877 eos
1360 814 1740 880 cumulasse.
1843 813 2032 891 Inde,
2096 814 2195 878 vel
2251 835 2329 878 ex
2384 814 2659 877 malevo-

347 911 548 975 lorum
595 910 854 986 invidia,
905 908 1007 972 vel
1051 931 1130 973 ex
1176 931 1300 972 usu
1345 909 1519 973 illius
1563 913 1869 994 temporis
1914 911 2178 992 factum,
2227 916 2298 974 ut
2341 910 2458 974 filii
2506 910 2654 973 Ale-

346 1006 574 1071 xandri
622 1007 728 1070 isti
775 1006 1163 1070 dicerentur.
1258 1004 1397 1070 Hac
1453 1008 1708 1071 ratione
1762 1008 2050 1091 apprime
2098 1008 2428 1091 explicari,
2488 1004 2655 1090 quod

348 1125 386 1167 a
443 1104 692 1168 coaevis
747 1101 1098 1167 Alexandri
1161 1101 1571 1179 adversariis,
1632 1126 1832 1188 quum
1893 1105 2129 1169 acriter
2187 1103 2267 1167 ob
2328 1104 2452 1168 alia.
2513 1123 2658 1165 eum

345 1296 585 1361 tificum
649 1298 1205 1380 praedecessorum
1265 1295 1485 1361 favore
1547 1297 1784 1381 dignus
1848 1298 2103 1362 habitus
2155 1297 2262 1362 sit.
2365 1297 2656 1379 Aequam

347 1414 484 1457 esse
538 1393 705 1457 hanc
762 1393 1252 1476 explicationem
1308 1397 1373 1456 et
1418 1392 1913 1471 admittendam,
1974 1394 2098 1458 nisi
2157 1397 2332 1457 certa
2384 1392 2661 1456 afferan-

345 1493 456 1553 tur
501 1491 883 1554 documenta
929 1512 1006 1554 ex
1052 1490 1285 1573 quibus
1341 1511 1415 1552 ea
1470 1490 1645 1554 falsa·
1679 1487 2067 1573 probetur.¹)
2125 1525 2209 1534 —
2269 1485 2393 1553 Sed
2440 1511 2478 1551 a
2522 1509 2661 1572 gra-

345 1586 526 1649 vibus
590 1585 959 1650 auctoribus
1015 1585 1170 1650 haec
1228 1607 1479 1670 quoque
1544 1587 1901 1669 suppositio
1960 1586 2242 1651 discussa
2298 1606 2371 1649 ac
2431 1586 2660 1649 merito

348 1683 608 1764 explosa
670 1686 785 1747 est.
893 1682 1103 1759 Quum
1162 1680 1513 1747 Rodericus
1579 1681 1934 1747 Cardinalis
1996 1683 2260 1766 ingenio
2324 1704 2397 1746 ac
2462 1702 2658 1763 nego-

347 1778 579 1842 tiorum
628 1779 862 1862 peritia
906 1783 1286 1863 praestaret,
1334 1783 1531 1862 atque
1576 1801 1651 1844 ea
1698 1784 1914 1844 aetate
1961 1781 2040 1845 ad
2081 1779 2409 1844 liberiores
2455 1800 2661 1843 mores

346 1875 516 1939 vitae
561 1876 853 1959 privatae
900 1876 1114 1940 minus
1161 1877 1640 1954 attenderetur,
1698 1877 1857 1941 satis
1904 1877 2289 1959 explicatur,
2344 1874 2661 1959 quomodo

346 1994 481 2037 non
553 1973 858 2037 obstante
919 1973 1034 2037 illa
1100 1972 1608 2056 incontinentia,
1681 1969 2030 2038 Pontifices
2105 1993 2371 2037 munera.
2439 1971 2661 2055 gravia

347 2073 414 2132 et
468 2068 818 2135 honorifica
874 2069 928 2133 ei
987 2069 1390 2134 committere
1445 2070 1794 2154 potuerint.
1897 2068 2059 2133 Inde
2110 2074 2237 2152 est,
2295 2068 2463 2152 quod
2522 2069 2660 2152 ejus

347 2165 693 2231 adversarii
758 2168 972 2232 minus
1031 2189 1176 2231 eum
1242 2165 1323 2230 ob
1387 2188 1593 2231 mores
1658 2166 1935 2230 laxiores
1998 2167 2450 2250 impetierunt3
2526 2187 2659 2229 non

348 2260 582 2325 desunt
649 2267 871 2327 tamen
938 2263 1296 2328 invectivae
1367 2263 1432 2326 in
1504 2284 1678 2339 eum,
1751 2263 1878 2327 imo
1959 2284 1997 2325 a
2067 2262 2394 2326 malevolis
2462 2263 2658 2325 etiam

349 2358 492 2441 plus
553 2380 758 2443 aequo
821 2359 1256 2442 impudicitiae
1321 2360 1759 2424 accusabatur.
1873 2358 2214 2423 Caeterum
2238 2406 2254 2435 ,
2320 2358 2491 2442 quod
2557 2361 2661 2421 est

348 2461 805 2539 argumentum
861 2478 997 2522 rem
1058 2458 1389 2534 evincens,
1461 2456 1652 2521 variis
1713 2456 1783 2521 in
1847 2456 2248 2521 documentis
2305 2454 2489 2520 liberi
2548 2456 2657 2525 isti

349 2552 507 2617 adeo
552 2554 719 2617 clare
747 2553 1103 2619 Alexandri
1148 2554 1359 2638 proles
1406 2554 1727 2631 dicuntur,
1774 2559 1849 2618 ut
1895 2553 2269 2637 suppositio,
2320 2574 2426 2617 eos
2463 2552 2657 2617 fuisse

349 2650 489 2732 ejus
538 2656 821 2734 nepoteS,
869 2647 1324 2732 excludaturssae)

527 2799 629 2862 53.
699 2798 797 2861 Ex
863 2799 959 2863 his
1023 2799 1285 2862 omniuo
1351 2803 1647 2881 apparet,
1719 2797 1945 2880 negari
1992 2818 2125 2860 non
2170 2819 2385 2879 posse,
2445 2798 2654 2881 illegi-

350 2896 541 2959 timos
597 2916 675 2958 ex
708 2894 992 2959 Vanotia
1044 2894 1258 2977 plures
1313 2894 1545 2957 liberos
1592 2891 1967 2957 Alexandro
2001 2890 2114 2956 VI.
2173 2893 2402 2970 fuisse,
2461 2898 2658 2978 atque

351 2993 558 3057 oleum
638 2994 703 3054 et
774 3012 1031 3073 operam
1105 2990 1398 3074 perdere,
1487 2989 1601 3074 qui
1678 3010 1958 3071 eousque
2029 2989 2389 3072 apologiam
2463 2990 2658 3074 hujus

354 3087 687 3153 Pontificis
744 3092 965 3151 texere
1028 3088 1283 3163 volunt,
1341 3090 1418 3149 ut
1478 3086 1672 3149 etiam
1735 3088 1890 3149 ante
1949 3086 2396 3168 pontificatum
2456 3085 2658 3150 illiba·

353 3193 484 3251 tam
546 3185 744 3249 vitam
816 3206 960 3248 eum
1026 3185 1293 3268 gessisse
1362 3186 1674 3247 asserant.
1790 3182 1970 3258 Quod
2036 3205 2183 3248 vero
2246 3183 2325 3247 ad
2389 3205 2463 3247 ea
2524 3206 2658 3267 spe·

353 3286 519 3360 ctat,
582 3302 746 3364 quae
800 3280 1074 3345 durante
1133 3280 1515 3363 pontificatu
1574 3278 1697 3361 ipsi
1755 3278 2176 3360 objiciuntur,
2243 3285 2414 3344 certe
2474 3281 2660 3364 plura.

356 3382 545 3463 plane
607 3378 770 3441 falsa
827 3377 1060 3441 merito
1118 3376 1603 3452 existimantur,
1667 3373 1794 3438 alia
1854 3379 2270 3460 exaggerata,
2333 3378 2459 3441 alia
2508 3400 2659 3441 vero

533 3576 576 3641 ¹)
613 3576 765 3644 Papa
801 3576 1139 3630 Alessandro
1178 3575 1240 3628 Τ.
1278 3574 1322 3627 1.
1363 3590 1414 3641 p.
1456 3576 1750 3627 194—203.

533 3656 578 3723 ²)
616 3657 707 3709 Ita
742 3672 788 3710 e.
828 3671 882 3724 g.
919 3656 976 3708 in
1013 3654 1337 3708 documento
1374 3652 1633 3707 notariali
1670 3651 1799 3705 anni
1839 3654 1973 3705 1491
2013 3651 2270 3708 Lucretia
2307 3654 2509 3707 dicitur
2545 3654 2664 3708 fflia

357 3736 596 3792 carnalis
641 3734 896 3790 Roderici
934 3733 1262 3796 CardiualiS,
1310 3749 1374 3786 ac
1425 3748 1689 3801 germana
1725 3731 1882 3786 Petri
1919 3731 2185 3786 Ludovici
2222 3732 2460 3802 Borgiae
2506 3734 2661 3788 ducis

357 3816 617 3871 Gandiae.
669 3844 736 3851 —
794 3814 997 3867 Caesar
1044 3811 1102 3864 in
1144 3812 1479 3866 documentis
1522 3810 1696 3864 variis
1745 3810 1947 3864 dicitur
1996 3811 2058 3866 dc
2110 3812 2348 3882 episcopo
2392 3812 2665 3867 cardinali

353 3894 571 3964 yonitus
606 3895 657 3947 et
689 3893 998 3961 conjugata,
1049 3896 1107 3944 et
1142 3897 1392 3945 auctores
1439 3889 1628 3945 coaevi
1675 3889 1965 3945 manifeste
2011 3907 2131 3945 eum
2170 3896 2231 3944 ut
2268 3907 2454 3946 verum
2490 3891 2661 3945 filium

357 3971 655 4027 Alexandri
680 3971 989 4039 designant.
1053 3969 1283 4037 Singula
1318 3969 1571 4037 persequi
1608 3969 1834 4036 longum
1872 3975 2034 4024 esset.
2098 3970 2484 4037 Quaestionem
2522 3971 2664 4024 hanc

358 4052 569 4107 erudite
607 4051 980 4104 discusserunt
1015 4048 1085 4101 H.
1123 4049 1190 4103 de
1227 4048 1514 4115 l’Epinois,
1553 4047 1631 4101 Le
1666 4047 1816 4117 Pape
1850 4048 2160 4103 Alexandra
2191 4048 2291 4115 VI,
2337 4049 2524 4104 Revue
2564 4049 2661 4102 des

360 4130 546 4197 Quest.
594 4130 724 4182 hist.
773 4129 834 4181 Τ.
874 4127 969 4181 ΙΧ.
1017 4144 1066 4194 p.
1109 4129 1213 4180 373
1251 4143 1364 4194 sqq.
1404 4135 1462 4182 et
1500 4127 1555 4180 C.
1593 4126 1793 4192 Duais‚
1842 4126 1949 4180 Les
1995 4127 2175 4181 debats
2220 4129 2421 4181 recente
2464 4142 2563 4180 sur
2608 4127 2664 4180 la
2710 4121 2720 4137 “

358 4210 442 4264 vie
470 4208 654 4279 privee
690 4206 1050 4262 d’Alae‘andre
1084 4205 1191 4274 VI,·
1229 4206 1588 4262 Controverse
1631 4207 1785 4269 1883,
1822 4206 1866 4259 I.
1907 4223 1956 4273 p.
1997 4210 2065 4261 79
2102 4222 2217 4274 sqq.
