3281 5014
689 450 791 501 100
1140 447 1340 501 XXXI.
1379 447 1462 502 De
1500 445 1799 502 abolitione
1836 446 2055 502 Ordinis
2094 446 2536 515 Templariornm.

352 588 769 694 mtssuffi-N.
829 588 1301 667 Normanniae,
1361 586 1443 653 N.
1502 589 1901 673 Aquitaniae
1963 595 2029 654 et
2088 587 2172 654 N.
2234 588 2560 653 Pictaviae
2621 593 3002 673 praecepte-

393 713 630 757 nem-m
686 708 788 751 res
849 687 1158 771 majores,
1222 685 1408 750 nobis
1473 685 1754 750 Pictavis
1817 685 2245 750 existentibus
2308 684 2754 750 mandavimus
2809 707 2995 769 prae·

686 782 952 850 sentari.
1043 780 1173 847 Sed
1230 783 1533 867 quoniam
1598 781 1857 866 quidam
1918 804 1996 846 ex
2049 781 2129 845 iis
2184 782 2275 846 sic
2324 781 2857 861 infirmabantur,
2917 787 2993 846 ut

688 880 982 965 equitare
1041 901 1176 944 non
1238 884 1522 963 possent,
1586 900 1707 944 nec
1762 879 1839 943 ad
1903 883 2185 944 nostram
2245 879 2675 962 praesentiam
2737 899 3004 962 quoquo

687 976 874 1041 modo
945 976 1206 1059 adduci,
1280 974 1416 1041 Nos
1476 998 1629 1041 ‘cum
1698 976 1824 1061 eis,
1900 976 2061 1040 scire
2128 975 2419 1040 volentes
2485 974 2563 1038 de
2630 974 3005 1058 praemissis

685 1072 979 1139 omnibus
1042 1072 1407 1151 veritatem,
1473 1077 1540 1137 et
1594 1094 1680 1137 an
1749 1093 1897 1137 vera
1955 1078 2197 1155 essent,
2263 1093 2427 1156 quae
2494 1071 3005 1136 continebantur

684 1170 755 1233 in
813 1191 1027 1233 eorum
1090 1170 1601 1236 confessionibus
1667 1174 1732 1234 et
1788 1169 2323 1254 depositionibus,
2387 1190 2554 1252 quas
2606 1190 2820 1234 coram
2879 1166 3003 1232 In-

687 1266 1000 1351 quisitore
1064 1267 1403 1349 pravitatis
1465 1266 1825 1331 haereticae
1886 1267 1957 1330 in
2025 1286 2229 1350 regno
2294 1264 2632 1340 Franciae,
2697 1287 3002 1350 praesen-

684 1363 860 1427 tibus
915 1362 1293 1446 quibusdam
1345 1360 1632 1428 Notariis
1686 1362 1956 1447 publicis
2009 1367 2076 1427 et
2128 1362 2349 1426 multis
2402 1361 2543 1426 aliis
2597 1362 2782 1427 bonis
2825 1362 2995 1425 ⁴viris

686 1459 1064 1524 dicebantur
1085 1501 1094 1509 ,
1119 1459 1376 1535 fecisse,
1440 1457 1644 1524 Nobis
1699 1464 1765 1524 et
1822 1459 2133 1524 fratribus
2180 1458 2420 1523 nostris
2472 1480 2588 1542 per
2630 1458 2839 1542 ipsum
2884 1457 3003 1521 In-

688 1557 1061 1639 quisitorem
1121 1556 1241 1619 sub
1296 1556 1595 1620 manibus
1659 1556 1928 1640 publicis
1985 1555 2287 1620 exhibitis
2351 1559 2417 1619 et
2469 1554 2777 1631 ostensis,
2837 1553 2996 1618 dile·

687 1654 806 1719 ctis
861 1652 1006 1717 filiis
1063 1654 1299 1717 nostris
1352 1650 1751 1738 Berengario
1808 1703 1822 1719 .
1873 1704 1886 1717 .
1944 1702 1959 1717 .
2018 1658 2086 1717 et
2144 1650 2476 1735 Stephano
2536 1700 2551 1715 .
2604 1701 2616 1713 .
2667 1701 2683 1717 .
2737 1650 3003 1735 presby-

687 1750 844 1815 teris
898 1771 972 1814 ac
1026 1746 1356 1815 Landulfo
1406 1749 1676 1815 diacono
1719 1749 2194 1832 cardinalibus,
2237 1748 2331 1818 ,de
2387 1769 2659 1832 quorum
2718 1745 3001 1831 pruden-

687 1848 799 1924 tia,
848 1846 1249 1929 experientia
1301 1854 1367 1911 et
1420 1846 1733 1912 fidelitate
1788 1847 2220 1913 indubitatam
2274 1846 2569 1910 fiduciam
2614 1844 3005 1922 obtinemus,

689 1943 1117 2007 commisimus
1192 1949 1259 2006 et
1330 1944 1804 2022 mandavimus,
1876 1942 1974 2009 ut'
2020 1944 2139 2028 ipsi
2213 1965 2352 2009 cum
2425 1942 2715 2025 praefato
2785 1940 2996 2025 Magi-

690 2044 825 2104 stro
872 2043 938 2103 et
987 2038 1518 2123 Praeceptoribus
1564 2040 1997 2125 inquirerent,
2058 2044 2191 2105 tam
2242 2045 2467 2105 contra
2511 2039 2681 2123 ipsos
2728 2044 2793 2103 et
2837 2038 3007 2101 alias

689 2136 1045 2221 singulares
1106 2157 1411 2235 personas
1477 2137 1626 2203 dicti
1692 2136 1952 2203 Ordinis
2025 2137 2444 2221 generaliter,
2513 2158 2705 2221 quam
2772 2140 3010 2201 contra

688 2232 893 2316 ipsum
944 2230 1272 2310 Ordinem,
1317 2254 1508 2317 super
1552 2234 1919 2317 praemissis
1960 2255 2102 2299 cum
2150 2234 2487 2319 diligentia
2531 2233 2889 2314 veritatem,
2934 2233 3007 2324 et

690 2328 999 2413 quidquid
1057 2350 1248 2422 super
1292 2328 1391 2394 his
1437 2329 1837 2407 invenirent,
1895 2325 2099 2395 Nobis
2145 2331 2413 2406 referre,
2465 2352 2537 2395 ac
2581 2351 2803 2420 eorum
2848 2349 3004 2392 con·

689 2425 1002 2490 fessiones
1071 2417 1137 2489 et
1204 2425 1634 2511 depositiones
1704 2449 1818 2512 per
1893 2449 2150 2492 manum
2217 2427 2533 2512 publicam
2604 2427 2673 2491 in
2744 2406 3002 2509 scriptis

690 2516 1023 2598 redactas,
1068 2518 1308 2588 Nostro
1351 2522 1760 2608 Apostolatui
1808 2525 2045 2589 referre
2102 2547 2175 2590 ac
2221 2530 2629 2608 praesentare
2683 2523 3010 2600 curarent,

692 2618 926 2683 eisdem
971 2617 1284 2704 Magistro
1342 2625 1409 2685 et
1460 2619 1986 2704 praeceptoribus
2044 2621 2468 2711 absolutionis
2525 2619 2903 2709 beneficium
2962 2638 3008 2679 a

691 2717 1022 2781 sententia
1068 2718 1749 2784 excommunicationis
1791 2741 1982 2803 quam
2027 2741 2145 2802 pro
2194 2706 2557 2802 praemissis
2602 2718 2656 2781 si
2695 2737 2854 2799 ¹vera.
2900 2735 3008 2777 es·

693 2817 841 2878 sent
895 2813 1338 2890 incurrerent,
1400 2815 1453 2878 si
1506 2815 1974 2880 absolutionem
2035 2810 2363 2893 humiliter
2421 2818 2723 2897 peterent
2782 2816 2854 2876 ut
2901 2810 3007 2874 de·

693 2904 958 2988 bebant,
1012 2912 1204 2995 juxta
1256 2911 1526 2975 formam
1587 2910 1909 2990 Ecclesiae
1965 2909 2341 2996 impensuri.
2445 2904 2568 2987 Qui
2633 2909 3013 2974 cardinales

691 3006 771 3071 ad
831 3008 1003 3090 ipsos
1051 3006 1436 3092 Magistrum
1490 3012 1556 3072 et
1607 3005 2068 3091 Praeceptores
2124 3008 2550 3092 personaliter
2612 3006 3011 3082 accedenteS,

692 3104 782 3168 eis
837 3104 939 3185 sui
995 3104 1315 3169 adventus
1373 3127 1630 3169 causam
1689 3111 2156 3189 exposuerunt,
2222 3113 2287 3168 et
2331 3104 2643 3186 ¹quoniam
2693 3123 3011 3187 personae

688 3201 971 3285 ipsorum
1036 3205 1101 3263 et
1157 3200 1427 3265 aliorum
1485 3199 1993 3284 Templariorum
2045 3203 2114 3266 in
2169 3223 2371 3287 regno
2427 3199 2736 3265 Franciae
2796 3199 3004 3262 consi·

689 3298 1001 3362 stentium
1068 3295 1273 3361 Nobis
1337 3295 1613 3361 traditae
1680 3298 1967 3377 fuerant,
2035 3298 2204 3383 quod
2272 3298 2472 3362 libere
2530 3292 2769 3381 absque
2825 3297 3007 3357 metu

690 3396 1002 3479 cujusque
1062 3394 1253 3477 plene
1308 3415 1382 3457 ac
1437 3414 1595 3476 pure
1650 3415 1841 3476 super
1888 3396 2252 3477 praemissis
2296 3394 2592 3457 omnibus
2648 3392 2801 3475 ipsis
2846 3389 3003 3454 Car·

690 3490 1013 3572 dinalibus
1077 3490 1363 3555 dicerent
1426 3490 1796 3569 veritatem,
1869 3491 1959 3563 eis
2024 3492 2410 3555 auctoritate
2473 3489 2842 3573 Apostolica
2910 3487 3011 3551 in·

682 3589 1066 3673 junxerunt.
1158 3586 1282 3663 Qui
1346 3584 1660 3671 Magister
1721 3592 1786 3651 et
1847 3586 2299 3671 Praeceptores
2361 3586 2702 3661 Franciae,
2768 3584 3014 3648 Terrae

692 3683 1183 3764 ultramarinae,
1251 3681 1719 3765 Normanniae,
1787 3683 2179 3769 Aquitaniae
2235 3685 2328 3749 'ac
2396 3683 2724 3748 Pictaviae
2793 3670 3007 3746 coram

690 3779 844 3864 ipsis
908 3780 1113 3845 tribus
1177 3777 1653 3857 cardinalibus,
1710 3781 2158 3863 praesentibus
2217 3785 2490 3865 quatuor
2548 3777 3014 3844 tabellionibus

691 3876 960 3961 publicis
1008 3881 1073 3941 et
1129 3876 1346 3940 multis
1402 3875 1547 3939 aliis
1603 3876 1787 3941 bonis
1835 3877 2017 3960 viris,
2071 3877 2148 3942 ad
2209 3883 2430 3943 sancta
2480 3874 2602 3941 Dei
2653 3874 3015 3960 Evangelia.

691 3974 774 4038 ab
837 3973 928 4037 eis
990 3973 1412 4057 ‚corporaliter
1480 3975 1684 4049 tacta,
1755 3976 2061 4057 praestito
2115 3975 2513 4060 juramento,
2586 3972 2752 4057 quod
2817 3991 3018 4055 super

692 4069 1032 4154 praedictis
1079 4070 1374 4134 omnibus
1420 4091 1660 4134 meram
1722 4076 1786 4135 et
1832 4071 2088 4155 plenam
2136 4071 2426 4135 dicerent
2470 4071 2845 4147 veritatem,
2901 4091 3004 4143 co*

690 4189 830 4232 ram
876 4167 1033 4250 ipsis
1079 4166 1495 4250 singulariter
1546 4166 1745 4230 libere
1798 4171 1868 4231 et
1909 4172 2140 4252 sponte
2193 4168 2432 4252 absque
2478 4169 2804 4232 coactione
2850 4188 3015 4250 qua·
