3281 5014
797 430 880 485 De
915 429 1422 496 ReservationibuS‚
1462 430 1717 495 Annam,
1758 430 2118 485 Commendis.
2503 429 2610 482 225

292 572 553 638 induxit
597 572 946 639 subsidium
1006 594 1295 637 annuum
1352 593 1430 635 ex
1479 573 1775 637 omnibus
1830 572 2156 637 beneficiis
2213 589 2345 635 non
2394 570 2608 634 electi·

296 670 388 734 vis
437 669 822 754 exigendum
871 669 950 733 ad
1005 666 1511 733 subveniendum
1554 666 1883 732 Ecclesiae
1934 662 2448 743 necessitatibu8‚
2505 670 2605 730 at-

294 788 419 850 que
463 766 546 830 ob
608 787 746 830 eam
804 787 1057 829 causam
1117 766 1467 829 reservavit
1523 787 1725 850 usque
1781 765 1858 829 ad
1913 763 2269 831 triennium
2328 763 2606 827 fructum

296 864 484 947 primi
531 862 687 927 anni
720 862 1003 926 omnium
1051 860 1558 945 praebendarum
1597 867 1664 925 et
1697 864 2104 926 eeclesiarum
2151 858 2606 943 parochialium

295 966 362 1023 et
422 959 840 1042 capellarum,
904 980 1071 1042 quae
1128 959 1304 1021 intra
1366 958 1525 1022 illud
1581 958 1888 1042 temporis
1950 958 2229 1040 spatium
2286 962 2607 1032 vacarent,

296 1059 372 1119 ut
428 1060 612 1139 patet
675 1076 752 1119 ex
816 1056 954 1138 ejus
1020 1054 1520 1119 Constitutione,
1569 1051 1731 1119 Cum
1793 1052 2217 1135 nonnullae.¹)
2322 1052 2609 1118 Joannes

295 1152 434 1235 ipse
480 1153 681 1216 vitam
743 1151 927 1215 duxit
972 1151 1250 1215 maxime
1303 1150 1577 1215 sobriam
1640 1158 1708 1216 et
1763 1157 2038 1228 arctam,
2100 1149 2239 1227 sed,
2300 1152 2393 1216 uti
2450 1149 2608 1213 dixi·

297 1270 465 1324 mUS,
524 1248 738 1312 animo
797 1248 1095 1312 volvebat
1149 1248 1461 1312 continuo
1518 1247 1988 1332 expeditionem
2047 1270 2324 1325 sacram,
2382 1247 2609 1332 hujus·

299 1366 423 1429 que
469 1344 684 1429 gratia
738 1343 981 1428 negotii
1031 1348 1096 1407 et
1142 1346 1403 1427 propter
1456 1345 1615 1409 alias
1675 1366 1986 1427 expensas
2037 1345 2270 1410 merito
2330 1345 2611 1410 subsidia

296 1442 652 1506 necessaria
698 1441 1000 1525 colligere
1045 1440 1311 1504 studuit.

474 1564 578 1629 82.
645 1562 860 1628 Etiam
930 1562 1395 1646 subsequentes
1445 1562 1791 1628 Pontifices
1860 1569 2138 1628 annatas
2211 1564 2311 1629 vel
2377 1563 2611 1627 similia
2697 1574 2865 1646 §ausae

298 1661 547 1725 tributa
626 1660 1027 1745 frequentius
1101 1656 1625 1743 imposuerunt‚²)
1701 1682 1820 1724 nec
1881 1659 2150 1724 deerant
2213 1660 2609 1746 justissimae
2702 1639 2864 1689 'ustae'

296 1757 456 1844 ipsis
477 1778 740 1840 pausae.
836 1756 1233 1821 Patrimonio
1291 1757 1461 1821 enim
1510 1752 1575 1821 S.
1619 1755 1795 1821 Petri
1851 1756 2059 1821 orbati
2114 1761 2327 1832 erant,
2385 1760 2450 1820 et
2497 1777 2604 1819 ex·

298 1843 531 1937 pensas
591 1854 893 1938 ingentes
955 1854 1293 1937 praecipue
1342 1854 1421 1917 ad
1475 1853 1694 1917 hostes
1755 1859 2015 1917 sanctae
2064 1852 2240 1917 Sedis
2302 1854 2370 1917 in
2419 1852 2611 1916 Italia

300 1951 679 2015 coercendos
729 1951 936 2015 facere
984 1950 1332 2032 debebant3
1384 1951 1531 2015 hinc
1577 1950 1870 2034 quamvis
1916 1951 2194 2014 molesta
2242 1953 2455 2013 essent
2501 1949 2612 2012 illa

299 2047 573 2122 tributa,
630 2049 959 2132 imponere
1016 2070 1090 2110 ea
1143 2051 1465 2131 poterant.
1572 2045 1943 2134 Contribuit
1997 2051 2219 2110 tamen
2279 2046 2433 2110 haec
2488 2066 2610 2123 reS,

300 2149 376 2207 ut
435 2151 661 2209 contra
711 2144 1057 2209 Pontifices
1104 2143 1591 2208 Avenionenses
1645 2143 2083 2227 querimoniae
2135 2165 2310 2207 acres
2363 2143 2609 2206 oriren-

299 2247 439 2315 tur,
502 2247 568 2305 et
626 2248 914 2325 tempore
966 2240 1325 2306 schismatis
1382 2242 1651 2305 nimium
1709 2246 1898 2303 aucta
1962 2245 2117 2304 sunt
2173 2239 2283 2302 illa
2346 2237 2611 2302 tributa.

301 2338 749 2412 Querimonias
804 2342 1019 2401 autem
1077 2336 1516 2421 praecedentis
1573 2336 1879 2419 temporis
1924 2335 2028 2397 vix
2079 2336 2290 2418 justas
2349 2336 2612 2398 invene-

301 2435 419 2512 riS,
473 2435 528 2498 si
583 2436 869 2520 singulas
927 2434 1411 2498 examinaveris,
1502 2431 1837 2496 Interdum
1891 2431 2314 2515 capitulorum
2372 2436 2439 2494 et
2484 2452 2613 2495 mo·

302 2533 727 2596 nester-iorum
790 2532 958 2597 bona
1017 2554 1091 2594 ex
1141 2531 1430 2595 socordia
1485 2528 2014 2610 negligebantur,
2072 2529 2170 2592 vel
2215 2528 2612 2612 dissipaban-

302 2633 437 2704 tur,
496 2651 567 2692 ac
616 2636 775 2693 tunc
820 2635 1046 2693 contra
1092 2627 1471 2712 aequissima
1523 2647 1676 2710 erga
1722 2632 2008 2690 sanctam
2059 2623 2283 2690 Sedem
2330 2626 2616 2690 subsidia

301 2725 790 2790 reclamabatur.
885 2725 1213 2789 Interdum
1262 2724 1453 2788 etiam
1511 2723 1709 2787 nimia
1763 2722 2245 2806 magnificentia
2292 2734 2358 2785 et
2405 2723 2613 2806 splen·

302 2822 454 2886 dore
498 2822 697 2887 nimio
745 2822 1033 2886 membra
1084 2822 1340 2885 illorum
1397 2842 1728 2904 corporum
1785 2818 2061 2903 gaudere
2109 2818 2486 2902 studebant,
2542 2842 2615 2884 ac

303 2919 575 2983 dilatare
638 2920 1066 3002 possessiones
1128 2936 1302 2993 suaS,
1367 2917 1650 3000 adeoque
1710 2916 2028 2980 immerito
2084 2917 2614 3000 indignabantur,

302 3016 454 3079 dum
502 3037 709 3100 aequa
764 3017 1009 3080 tributa
1062 3036 1177 3099 pro
1232 3013 1723 3078 necessitatibus
1771 3011 2093 3076 Ecclesiae
2147 3035 2394 3077 summo
2445 3013 2614 3077 Pon-

302 3113 462 3177 tifici
507 3115 754 3177 solvere
801 3112 1142 3177 debebant.
1702 3135 1709 3141 ·

2698 1831 2745 1876 >a

481 3237 585 3299 83.
632 3234 852 3312 Quoad
885 3233 1043 3298 haec
1088 3233 1327 3317 optime
1361 3232 1718 3296 advertitur
1748 3233 1816 3296 in
1852 3232 2335 3296 Antifebronio:
2390 3230 2614 3311 „Com-

305 3334 520 3398 munis
591 3332 723 3395 fere
799 3338 867 3395 et
935 3332 1215 3395 maxima
1291 3329 1549 3414 querela
1618 3329 1786 3412 apud
1853 3326 2213 3394 Germanos
2281 3328 2615 3412 praecipue

306 3451 556 3514 semper
627 3428 782 3504 fuit,
861 3427 1029 3511 quod
1104 3431 1363 3491 tantum
1435 3426 1576 3489 auri
1652 3430 1718 3488 et
1789 3424 2044 3510 argenti
2124 3447 2199 3488 ex
2272 3422 2616 3488 Germania
2635 3432 2850 3504 Querelae
2883 3431 2950 3471 in·

307 3526 581 3591 Romam
648 3525 1125 3608 deportaretur,
1201 3522 1369 3607 quod
1431 3522 1579 3586 inde
1647 3522 1944 3586 ecclesiae
2012 3522 2080 3585 in
2137 3520 2481 3586 Germania
2553 3526 2618 3583 et
2709 3496 2868 3546 ΜΝ·

306 3625 445 3707 ipsa
506 3621 853 3686 Germania
913 3621 1413 3705 depauperetur,
1486 3620 1644 3683 item
1700 3626 1963 3702 propter
2019 3618 2445 3702 provisioneS,
2507 3637 2615 3680 ex-

306 3720 721 3804 spectativaS,
777 3718 1150 3782 collationes
1204 3717 1655 3780 beneficiorum
1709 3737 1822 3798 per
1869 3714 2211 3779 Pontifices
2268 3714 2470 3779 factas
2517 3713 2614 3776 vel

490 3929 534 3996 ¹)
569 3930 796 3982 Extrav.
835 3943 1020 3982 comm.
1060 3928 1095 3981 1.
1134 3927 1239 3981 III.
1279 3927 1390 3980 Tit.
1429 3928 1496 3982 de
1536 3928 1720 3994 praeb.

488 4007 530 4075 ²)
568 4007 853 4062 Tributum
882 4010 1203 4077 perpetuum
1240 4012 1295 4061 et
1332 4005 1643 4061 universale
1683 4005 1919 4059 sancivit
1957 4011 2014 4059 et
2052 4001 2454 4070 episcopatibus
2495 4017 2619 4067 quo·

307 4096 511 4221 {ueHeIt
549 4086 782 4220 {bblagiis
819 4086 1079 4153 imposuit
1113 4086 1425 4141 Bonifatius
1453 4085 1549 4138 IX.
1589 4092 1734 4140 teste
1772 4085 1872 4137 Th.
1909 4084 1976 4138 de
2001 4083 2172 4147 Niem,
2211 4081 2276 4135 de
2317 4078 2621 4134 Schismate

2309 4244 2407 4297 15*
