3281 5014
623 405 727 458 110
1077 402 1279 457 XXXI.
1317 403 1401 457 De
1436 402 1735 459 abolitione
1776 402 1995 458 Ordinis
2031 404 2478 474 Templariorum.

621 568 779 631 qua,
835 546 1091 630 rejectis
1148 542 1395 609 frivolis
1454 548 1521 608 et
1575 545 1987 611 calumniosis
2044 547 2539 632 allegationibus
2596 569 2788 631 super
2830 548 2934 613 de·

620 641 914 708 fensione
958 641 1276 719 tollenda,
1341 662 1419 705 ex
1473 642 1692 707 officio,
1727 663 1844 707 suo
1900 642 2165 708 omnino
2210 643 2496 721 tolleret,
2559 644 2746 709 bonis
2792 646 2932 729 ejus

315 745 403 788 Via
430 745 585 788 olem
621 736 882 803 Ordinis
931 738 1337 823 dispositioni
1367 735 1549 803 Sedis
1578 737 1986 823 Apostolicae
2030 741 2428 805 reservatis.“
2448 737 2499 818 ι)
2575 739 2702 806 Sed
2735 741 2932 806 etiam

620 833 996 901 cardinales
1051 841 1118 899 et
1177 834 1528 918 praelatos,
1589 836 1701 919 qui
1764 834 2256 913 existimabant,
2322 834 2628 902 Ordinem
2689 837 2772 901 ad
2829 837 2934 902 de·

619 930 978 996 fensionem
1047 931 1515 997 admittendum
1581 953 1753 1006 esse,
1827 937 2176 1017 antequam
2241 932 2578 998 definitiva
2643 932 2724 998 de
2791 936 2931 1019 ejus

618 1029 807 1112 culpa
867 1029 1146 1094 ferretur
1199 1029 1554 1107 sententia,
1623 1028 1930 1096 Pontifex
1992 1030 2472 1095 consentientes
2528 1029 2756 1112 habuit
2816 1052 2931 1115 pro

617 1125 738 1190 hac
783 1126 893 1192 via¹
932 1127 1244 1203 ineunda,
1302 1126 1402 1190 uti
1449 1148 1529 1191 ex
1574 1126 1785 1191 verbis
1830 1125 2059 1191 Bullae
2116 1126 2461 1211 colligitur.
2551 1126 2655 1192 Ex
2709 1128 2930 1193 eadem

609 1223 761 1307 jam>
795 1223 967 1288 facta
1024 1223 1396 1289 referamus.
1503 1221 1769 1303 Verum,
1828 1223 1923 1287 ait
1961 1220 2302 1300 Pontifex,
2363 1220 2508 1288 licet
2558 1243 2640 1287 ex
2682 1244 2928 1306 proces-

616 1318 797 1384 sibus
858 1317 1102 1384 habitis
1164 1324 1390 1385 contra
1456 1318 1765 1387 Ordinem
1826 1322 2252 1384 memoratum
2312 1317 2450 1403 ipse
2512 1323 2588 1386 ut
2651 1319 2929 1386 haereti-

618 1414 779 1481 calis
834 1436 961 1498 per
1030 1414 1433 1497 definitivam
1495 1414 1885 1481 sententiam
1949 1414 2253 1481 canonice
2315 1415 2733 1482 condemnari
2796 1437 2929 1483 non

608 1511 820 1595 possit
830 1532 857 1593 ,·
917 1512 1074 1595 qaia
1133 1516 1350 1578 tamen
1402 1511 1574 1578 idem
1627 1512 1800 1577 Ordo
1854 1515 1915 1576 et
1966 1510 2104 1578 illis
2156 1511 2532 1579 haeresibus
2589 1533 2754 1595 quae
2806 1513 2928 1578 im-

607 1615 958 1692 ponuntur
1002 1609 1206 1675 eidem
1251 1614 1347 1674 est
1382 1609 1752 1692 plurimum
1797 1608 2210 1693 diffamatus,
2265 1613 2329 1674 et
2370 1608 2530 1690 quia
2587 1609 2781 1692 quasi
2824 1609 2928 1677 in·

615 1704 845 1788 finitae
895 1726 1216 1790 personae
1282 1706 1469 1772 illius
1543 1705 1813 1772 Ordinis
1826 1755 1844 1786 ,
1912 1706 2089 1772 inter
2154 1725 2320 1788 quas
2385 1710 2543 1771 sunt
2602 1706 2931 1790 qeneralis

324 1807 505 1912 72¹2?
620 1802 968 1886 Maqister,
1029 1802 1344 1869 Visitator
1387 1801 1720 1869 Franciae
1767 1808 1829 1868 et
1873 1803 2152 1886 majores
2196 1802 2654 1886 Praeceptores
2696 1801 2926 1886 ipsius,

393 1884 575 1974 “Ma-
609 1921 736 1983 per
789 1920 1011 1966 eorum
1072 1899 1498 1982 confessiones
1561 1904 1954 1983 spontaneas
2007 1898 2085 1964 de
2125 1898 2486 1982 praedictis
2536 1898 2928 1984 haeresibus,

620 1996 954 2063 erroribus
990 2000 1055 2061 et
1092 1996 1436 2063 sceleribus
1489 2001 1648 2062 sunt
1692 1996 2043 2076 convictae,
2100 1994 2259 2078 quia
2303 1995 2500 2061 etiam
2555 1995 2737 2079 ipsae
2780 2016 2925 2061 con-

614 2092 929 2177 fessiones
971 2093 1217 2158 dictum
1267 2092 1575 2159 Ordinem
1629 2091 1913 2157 reddunt
1967 2096 2331 2175 suspectum
2342 2140 2360 2173 ,
2424 2095 2486 2156 et
2543 2091 2701 2174 quia
2746 2091 2924 2175 infa-

615 2190 751 2256 mia
806 2195 869 2256 et
921 2189 1203 2273 suspicio
1248 2188 1660 2273 praelibatae
1711 2188 1956 2255 dictum
2016 2187 2326 2254 Ordinem
2382 2187 2665 2254 reddunt
2708 2187 2924 2254 Eccle-

615 2285 752 2354 siae
809 2291 1072 2355 sanctae
1132 2285 1263 2351 Dei
1326 2292 1388 2352 et
1441 2285 1768 2370 praelatis
1829 2285 2113 2370 ejusdem
2176 2283 2455 2368 aliisque
2506 2284 2926 2369 principibus

616 2388 678 2449 et
739 2382 1008 2449 caeteris
1065 2381 1415 2449 Catholicis
1475 2382 1679 2449 nimis
1741 2381 2237 2448 abominabilem
2296 2386 2359 2447 et
2412 2402 2703 2462 exosum,
2764 2381 2927 2463 quia

798 2559 840 2626 ¹)
877 2558 944 2613 V.
991 2559 1259 2627 Raynald.
1315 2560 1384 2613 ad
1431 2575 1480 2614 a.
1532 2561 1666 2613 1311
1723 2574 1776 2613 n.
1825 2561 1909 2614 55.
1965 2589 2034 2596 —
2090 2558 2418 2613 Gravissimi
2464 2558 2788 2627 scriptores,
2843 2559 2926 2612 uti

616 2637 826 2704 Mansi,
880 2637 1102 2705 Hefele,
1156 2640 1573 2707 Hergenrother
1627 2637 1971 2704 existimant,
2034 2643 2309 2693 auctorem
2363 2638 2525 2707 hujus
2579 2637 2706 2692 voti
2753 2636 2926 2692 fuisse

617 2716 946 2771 Gulielmum
984 2717 1300 2771 Durandum
1337 2716 1649 2786 episcopum
1673 2716 2056 2772 Mimatensem
2092 2718 2163 2783 (a.
2204 2717 2594 2782 1297—1328),
2630 2716 2723 2784 qui
2760 2717 2926 2771 etiam

615 2798 914 2851 membrum
950 2795 1347 2851 commissionis
1383 2796 1695 2864 pontificiae
1729 2797 1797 2850 ad
1830 2795 2171 2865 Templarios
2208 2795 2595 2851 examinandos
2632 2795 2927 2851 institutae

615 2878 815 2932 fuerat.
887 2875 1097 2929 Auctor
1145 2876 1286 2930 enim
1333 2876 1458 2929 dum
1504 2875 1560 2928 in
1608 2890 1707 2929 suo
1743 2880 1876 2930 voto
1922 2874 1988 2930 de
2035 2873 2422 2930 reformatione
2457 2874 2742 2930 Ecclesiae
2785 2875 2926 2944 agit,

615 2956 947 3011 mentionem
984 2953 1124 3009 facit
1167 2954 1401 3022 alicujus
1448 2958 1721 3008 tractatus
1766 2953 1875 3009 ista
1920 2954 1988 3008 de
2023 2970 2083 3009 re
2118 2954 2186 3008 ab
2221 2954 2343 3022 ipso
2382 2953 2602 3020 scripti,
2646 2953 2927 3022 inquiens:

620 3034 812 3103 „Circa
847 3049 985 3102 quae
1022 3033 1206 3101 aliqua
1242 3032 1467 3101 scripsi,
1514 3049 1652 3100 quae
1688 3033 1867 3087 videri
1912 3037 1971 3087 et
2003 3032 2123 3101 legi
2156 3038 2418 3101 poterunt
2452 3033 2589 3086 locis
2627 3036 2684 3088 et
2717 3038 2927 3100 tempo-

616 3114 766 3168 ribus
815 3111 1183 3181 0pportunis.“
1223 3112 1261 3166 J
1264 3128 1350 3165 am
1392 3127 1523 3167 vero
1560 3111 1866 3167 Gulielmus
1902 3111 2246 3167 Mimatensis
2285 3111 2583 3179 scripserat
2625 3117 2922 3166 tractatum

616 3192 710 3261 qui
766 3192 943 3246 adhuc
996 3198 1182 3247 exstat
1235 3192 1324 3245 De
1357 3191 1509 3246 modo
1545 3189 1816 3258 yeneralis
1857 3189 2082 3245 Concilii
2124 3190 2375 3257 habendi,
2433 3191 2490 3244 in
2544 3206 2648 3259 quo
2698 3190 2809 3243 ista
2856 3190 2924 3244 de

615 3287 676 3326 re
709 3272 867 3340 plura
902 3271 1070 3325 habet
1105 3271 1306 3325 similia
1343 3271 1431 3336 iis,
1479 3286 1617 3337 quae
1662 3271 1720 3322 in
1764 3271 1865 3323 hoc
1910 3274 2030 3325 voto
2075 3272 2441 3326 continentur.
2513 3270 2668 3324 Unde
2703 3268 2926 3323 videtur

618 3350 785 3406 etiam
839 3351 942 3404 hoc
990 3358 1178 3405 votum
1231 3350 1281 3405 ei
1329 3349 1755 3403 attribuendum.
1811 3382 1878 3391 -
1934 3350 2194 3405 Advertit
2241 3356 2425 3405 tamen
2479 3356 2671 3403 auctor
2717 3363 2929 3415 recenS,

619 3430 685 3485 cl.
723 3429 937 3484 Wenck
986 3428 1256 3495 (Clemens
1283 3428 1351 3482 V.
1400 3429 1509 3482 und
1556 3428 1822 3483 Heinrich
1847 3428 1975 3483 VH.
2027 3435 2129 3484 etc.
2180 3445 2232 3496 p.
2271 3432 2340 3482 80
2385 3446 2436 3482 n.
2484 3430 2569 3495 2),
2618 3433 2807 3483 votum
2856 3428 2924 3482 de

619 3525 723 3576 quo
762 3509 948 3577 agitur
982 3507 1325 3562 tribuendum
1366 3523 1484 3561 esse
1511 3507 1781 3562 Gulielmo
1808 3508 2005 3577 Majori
2041 3509 2295 3576 episcopo
2334 3507 2722 3576 Andegavensi
2760 3506 2926 3574 (anno

620 3589 1032 3653 1271—1314),
1087 3603 1248 3653 quum
1297 3586 1562 3639 insertum
1610 3587 1926 3642 inveniatur
1969 3586 2140 3641 Libro
2190 3586 2446 3641 Gulielmi
2491 3586 2744 3655 Majoris,
2791 3586 2924 3653 (Me-

617 3668 814 3735 langes
869 3666 1201 3732 historiques
1255 3665 1328 3719 ΙΙ.
1384 3668 1485 3719 471
1543 3666 1599 3719 in
1657 3666 1961 3720 Collection
2024 3669 2118 3721 des
2176 3667 2505 3721 Documents
2567 3664 2770 3719 inedits
2833 3679 2926 3717 sur

616 3745 887 3800 l’histoire
945 3747 1012 3801 de
1063 3743 1314 3814 France).
1395 3744 1781 3811 Quaestionem
1831 3746 1890 3798 in
1944 3747 2185 3814 ancipite
2234 3746 2497 3812 relinquo.
2584 3743 2651 3796 In
2706 3743 2928 3811 scriptis

620 3824 874 3879 Gulielmi
914 3824 1170 3893 Majoris,
1217 3824 1301 3878 uti
1338 3824 1489 3879 edita
1526 3828 1658 3878 sunt
1694 3840 1726 3878 a
1760 3824 2049 3893 D’Achery
2089 3826 2148 3879 in
2185 3841 2282 3880 suo
2323 3824 2619 3893 Spicilegio
2657 3823 2807 3876 Tom.
2846 3822 2922 3875 ΙΙ.

618 3921 670 3972 p.
713 3906 814 3957 159
852 3920 992 3971 sqq.,
1040 3910 1229 3957 votum
1265 3904 1368 3957 hoc
1404 3919 1515 3958 non
1557 3903 1789 3957 habetur
1824 3903 2115 3966 insertum;
2165 3903 2333 3959 editio
2370 3909 2552 3958 autem
2590 3918 2624 3957 a
2661 3898 2925 3969 scriptore

619 3982 862 4036 indicata
907 3983 975 4036 ad
1013 3998 1205 4036 manus
1254 3998 1361 4036 non
1398 3989 1513 4046 est,
1561 3988 1623 4036 ut
1670 3982 1977 4036 accuratius
2023 3999 2134 4036 rem
2184 3983 2386 4049 possim
2434 3980 2758 4036 examinare.
2830 3979 2925 4032 Vi-

620 4063 852 4116 dendum
909 4078 1066 4128 sane,
1127 4078 1197 4115 an
1245 4063 1374 4130 jure
1418 4062 1584 4116 Libro
1642 4061 1894 4114 Gulielmi
1950 4061 2177 4129 Majoris
2230 4068 2418 4116 votum
2473 4060 2624 4114 istud
2681 4060 2925 4114 editores

618 4141 967 4195 inseruerint.
