3281 5014
1137 452 1219 506 De
1258 451 1472 520 Synodo
1511 450 1849 506 Florentina.
2542 455 2646 506 375

330 598 617 658 sanctum
677 594 1018 677 procedere
1076 616 1153 657 ex
1199 593 1396 673 Patre
1445 598 1510 658 et
1557 592 1727 657 Filio
1769 615 1883 676 per
1914 594 2643 679 Qamjpirationem

333 697 399 755 et
446 691 528 755 ab
559 682 1156 774 QEQQAEiD-eipffiss
1250 690 1436 754 Hanc
1480 690 1626 754 fidei
1686 690 2150 773 professionem
2198 690 2298 753 die
2356 690 2424 754 8⁰
2472 692 2645 774 ejus-

331 788 474 852 dem
536 789 775 851 mensis
835 789 1218 852 obtulerunt
1282 786 1578 871 Eugenio
1632 786 1777 868 IV„
1847 789 1953 871 qui
2023 809 2164 850 eam
2224 787 2520 870 probavit
2580 795 2647 850 et

330 884 703 968 postulavit,
781 890 853 949 ut
921 885 1082 948 aliae
1152 886 1625 949 controversiae
1699 885 1774 948 de
1849 883 2252 968 purgatoriO,
2331 883 2408 947 de
2480 904 2646 966 pane

332 980 773 1046 Eucharistico
830 987 894 1045 et
951 982 1028 1045 de
1084 982 1364 1065 primatu
1427 980 1704 1045 Romani
1750 981 2082 1045 Pontificis
2139 980 2645 1046 absolverentur.

507 1131 612 1196 42.
683 1129 925 1195 Unioni
992 1130 1444 1194 accelerandae
1514 1131 1709 1193 etiam
1780 1129 1934 1214 quid
2002 1131 2281 1194 contulit
2336 1129 2647 1212 professio

329 1227 497 1306 fidei,
543 1250 734 1312 quam
777 1232 1246 1311 antexmortem
1293 1249 1475 1291 suam
1505 1226 1824 1311 Josephus
1869 1227 2232 1310 patriarcha
2279 1227 2450 1292 fecit.
2526 1225 2650 1290 Hic

331 1324 695 1407 patriarcha
760 1327 857 1388 vir
920 1328 1058 1388 erat
1120 1324 1326 1388 bonae
1390 1324 1623 1388 indolis
1689 1328 1756 1387 et
1821 1323 2045 1386 unioni
2116 1323 2406 1407 favebat3
2475 1322 2645 1386 haud

330 1427 549 1484 tamen
600 1420 996 1485 ostendebat*
1038 1440 1343 1502 magnum
1400 1421 1601 1484 animi
1647 1421 1959 1505 vigorem,
2016 1419 2419 1502 multumque
2472 1420 2646 1483 solli·

332 1518 498 1582 citus
559 1519 800 1594 fuerat,
864 1540 946 1580 ne
1011 1516 1218 1580 honor
1275 1518 1394 1600 ipsi
1456 1516 1710 1580 debitus
1771 1516 2145 1580 detrimenti
2201 1516 2353 1600 quid
2401 1521 2646 1599 patere-

332 1619 459 1677 tur.
561 1615 715 1678 Fere
761 1637 1010 1697 semper
1055 1614 1344 1677 infirmus
1391 1612 1559 1676 domi
1612 1614 2051 1690 detinebatur,
2099 1617 2167 1676 et
2214 1634 2474 1695 vespere
2520 1612 2643 1676 diei

332 1710 388 1776 9¹
433 1711 617 1776 Junii
664 1713 877 1776 subito
924 1711 1265 1775 defunct-us
1312 1714 1425 1774 est.
1518 1709 1644 1774 Sed
1690 1710 1906 1793 paucis
1953 1714 2106 1773 ante
2155 1714 2423 1773 mortem
2469 1709 2645 1773 horis

330 1810 589 1894 propria
652 1831 846 1872 manu
914 1809 1252 1891 scripserat
1306 1806 1473 1871 hanc
1526 1807 1674 1871 fidei
1730 1807 2220 1890 professionem,
2287 1812 2362 1869 ut
2426 1806 2641 1870 eadem

332 1908 714 1990 Imperatori
779 1904 1167 1969 traderetur:
1239 1902 1586 1986 Josephus,
1657 1902 2071 1967 miseratione
2138 1901 2365 1968 divina
2433 1901 2644 1967 archi-

330 2003 665 2085 episcopus
741 2000 1367 2084 Constantinopolis‚
1445 2020 1650 2065 novae
1717 1999 2000 2079 Romae,
2077 2004 2138 2064 et
2205 1998 2646 2065 oecumenicus

334 2098 749 2172 Patriarcha.
846 2098 1168 2178 Quoniam
1226 2097 1313 2161 ad
1364 2097 1559 2177 finem
1607 2096 1779 2160 vitae
1823 2117 1998 2160 meae
2045 2096 2318 2178 perveni
2371 2101 2432 2161 et
2476 2096 2643 2162 solu-

334 2202 527 2261 turus
556 2197 705 2279 jam
753 2215 1084 2260 commune
1129 2193 1447 2273 debitum,
1507 2193 1639 2258 Dei
1679 2192 1906 2274 qratia
1960 2193 2167 2258 scribo
2213 2198 2274 2257 et
2320 2193 2658 2259 subscribo-

333 2292 721 2358 sententiam
753 2313 961 2357 meam
993 2295 1213 2374 aperte
1244 2290 1667 2356 universitati
1705 2310 1994 2354 meorum
2023 2289 2329 2370 filiorum.
2411 2290 2646 2355 Omnia

331 2390 545 2472 iqitur
586 2410 749 2471 quae
795 2388 993 2453 sentit
1038 2392 1098 2452 et
1152 2408 1315 2469 quae
1361 2386 1760 2470 doymatieat
1817 2384 2131 2451 catholica
2182 2392 2242 2451 et
2297 2386 2648 2471 apostolica

333 2486 627 2553 Ecclesia
691 2485 778 2551 D.
825 2486 907 2551 N.
972 2487 1133 2551 Jesu
1201 2483 1455 2550 Christi
1518 2483 1796 2549 senioris
1861 2482 2135 2563 Romae,
2200 2484 2337 2567 ipse
2401 2504 2648 2567 quoque

332 2584 537 2649 sentio
559 2607 564 2612 ·
584 2589 646 2649 et
688 2584 776 2649 iis
821 2605 919 2649 me
975 2582 1473 2665 acquiescentem
1528 2581 1607 2647 do
1655 2602 1730 2646 ac
1775 2580 1931 2646 dico.
2024 2580 2344 2661 Profiteor
2401 2602 2650 2663 quoque

337 2681 780 2748 beatissimum
828 2682 1093 2746 Patrem
1140 2682 1421 2746 Patrum
1468 2699 1545 2743 ac
1590 2677 1966 2743 Maximum
2011 2677 2390 2758 Pontificem
2439 2682 2498 2743 et
2544 2678 2648 2743 Vi-

334 2777 589 2843 carium
637 2779 724 2842 D.
771 2778 854 2843 N.
902 2780 1062 2843 Jesu
1113 2776 1371 2843 Christi
1415 2775 1502 2841 ad
1547 2780 1787 2841 certam
1836 2774 2126 2841 omnium
2168 2774 2358 2856 fidem
2401 2775 2648 2859 facien-

334 2873 484 2937 dam
535 2877 644 2957 (εἰς
673 2882 928 2939 παντῶν
967 2873 1414 2958 ἀσφαλότητα),
1462 2893 1712 2938 necnon
1742 2872 2205 2955 puryatorium
2252 2874 2646 2938 animarum.

334 2970 418 3034 In
469 2969 704 3036 horum
750 2970 986 3052 quippe
1040 2970 1230 3050 fidem
1276 2968 1716 3052 subscriptum
1763 2973 1853 3033 est
1900 2968 2003 3033 die
2048 2968 2120 3033 9⁰
2165 2969 2408 3034 mensis
2454 2968 2650 3034 Junii

336 3066 509 3131 1429
552 3066 921 3132 Indictione
979 3068 1278 3132 secunda.
1340 3066 1506 3130 .Die
1568 3067 1749 3132 Junii
1814 3066 1925 3129 110
1988 3090 2129 3131 cum
2191 3089 2427 3152 magna
2487 3068 2648 3131 sole-

334 3166 605 3230 mnitate
661 3164 1038 3230 Patriarcha
1085 3165 1402 3249 Josephus
1464 3165 1755 3247 sepultus
1802 3167 1901 3226 est
1961 3164 2028 3227 in
2097 3163 2361 3228 ecclesia
2405 3162 2646 3228 Beatae

334 3256 576 3326 Mariae
608 3262 920 3347 Virginis

507 3404 607 3467 43.
683 3404 1014 3479 Quantum
1076 3400 1441 3485 pertinebat
1506 3398 1583 3462 ad
1647 3400 2060 3482 quaestiones
2121 3398 2197 3461 de
2251 3398 2643 3487 purgatorio
2677 3411 2965 3484 (tunes-tiones

331 3513 397 3563 et
453 3499 529 3563 de
593 3496 883 3584 bea-tilica
931 3496 1061 3561 Dei
1122 3495 1367 3559 visione
1420 3501 1571 3559 ante
1633 3494 1799 3557 diem
1857 3494 2084 3578 judicii
2140 3497 2437 3576 extremi,
2495 3495 2643 3559 illae
2740 3486 2899 3517 vanae.

331 3619 462 3661 non
518 3597 793 3660 multum
851 3594 1097 3679 negotii
1152 3594 1545 3668 attulerunt,
1608 3613 1806 3675 quum
1860 3592 2000 3674 jam
2062 3596 2255 3655 antea
2313 3591 2645 3656 Ferrariae
2718 3585 2721 3590 ⁴

332 3699 547 3757 essent
614 3696 934 3757 tractatae
1003 3712 1075 3755 ac
1139 3689 1365 3754 Graeci
1423 3711 1498 3753 ea
1562 3710 1726 3772 quae
1792 3689 1870 3752 ad
1932 3688 2163 3772 dogma
2230 3688 2647 3772 pertinebant

330 3794 478 3873 post
523 3789 775 3873 aliquot
822 3788 1283 3871 explicationes
1328 3787 1770 3850 admitterent.
1843 3786 2062 3862 Quoad
2099 3804 2339 3867 panem
2383 3784 2646 3872 Eucha-

329 3885 632 3951 risticum
687 3888 879 3951 etiam
937 3888 1409 3961 convenerunt,
1464 3883 1596 3947 sive
1654 3905 1943 3965 azymum
1999 3877 2643 3952 sive'Tefmhmaatum

330 3982 562 4069 pa‘ffem
620 4004 754 4047 esse
801 3982 1076 4046 validam
1124 4003 1195 4045 ac
1251 3980 1608 4070 legitimam
1658 3975 2060 4044 Sacramenti
2106 3980 2462 4044 materiam.
2555 3981 2646 4044 At

330 4082 623 4166 quaestio
678 4079 755 4143 de
812 4074 1094 4162 primatu
1140 4078 1419 4142 Romani
1470 4077 1804 4142 Pontificis
1848 4076 2169 4143 difficilior
2222 4078 2344 4141 fuit
2392 4082 2457 4140 et
2503 4077 2644 4141 lon-

328 4180 472 4263 gius
533 4181 934 4262 pertractata
996 4181 1109 4240 est.
1217 4175 1574 4258 Imperator
1636 4175 1809 4237 enim
1871 4174 2317 4238 consentiebat
2371 4173 2642 4256 quidem,
