3281 5014
996 470 1294 525 Processus
1331 473 1520 524 contra
1557 468 1919 537 Templarios.
2536 469 2605 523 99

287 635 348 678 a.
420 611 587 676 1308
649 612 993 688 concessit,
1061 618 1137 677 ut
1197 611 1681 696 indagationem
1749 614 1976 676 contra
2039 610 2437 695 Templarios
2507 633 2599 676 re·

284 716 650 781 sumerent:
708 709 828 772 sibi
878 730 1029 773 vero
1083 708 1435 774 reservavit
1491 729 1763 772 examen
1822 715 1891 773 et
1941 707 2339 774 sententiam
2386 707 2603 774 feren-

283 805 435 870 dam
481 805 559 870 de
602 809 744 869 toto
791 803 1034 870 Ordine
1088 826 1162 870 ac
1218 804 1296 869 de
1338 802 1599 869 Ordinis
1644 802 1957 889 Magistro
2013 804 2286 889 aliisque
2339 805 2604 869 summis

286 898 751 985 praepositis.¹)
843 901 1055 966 Variis
1112 902 1181 966 in
1247 900 1636 966 dioecesibus
1692 900 1942 966 Galliae
2003 905 2160 966 tunc
2218 901 2300 965 ab
2361 901 2603 985 episco-

285 998 403 1081 pis,
452 998 565 1082 qui
611 997 734 1062 sibi
782 998 1222 1082 adjunxerunt
1274 997 1433 1062 duos
1479 997 1849 1076 canonicos,
1904 996 2059 1063 duos
2108 995 2370 1061 Fratres
2415 997 2603 1063 Prae·

278 1094 601 1160 dicatores
657 1095 943 1180 duosque
1000 1092 1263 1160 Fratres
1311 1092 1623 1171 Minores,
1679 1093 2018 1178 inquisitio
2072 1093 2143 1158 in
2198 1092 2600 1177 Templarios

284 1190 538 1270 habita,
610 1191 907 1276 idemque
970 1192 1300 1277 negotium
1361 1193 1428 1256 in
1487 1191 1747 1273 synodis
1807 1190 2304 1275 provincialibus
2363 1196 2602 1256 tracta·

281 1294 425 1353 tum
471 1294 592 1353 est.
686 1288 830 1373 Ipse
877 1288 1180 1355 Pontifex
1227 1288 1509 1354 Pictavis
1555 1290 1703 1372 jam¹
1741 1288 2160 1372 septuaginta
2205 1287 2365 1353 duos
2411 1287 2599 1353 Tem·

282 1385 519 1468 plarios
564 1408 603 1450 a
657 1384 956 1469 Philippo
1002 1406 1152 1468 rege
1199 1407 1274 1450 eo
1319 1386 1544 1450 missos
1591 1385 1947 1463 audiverat,
1995 1391 2061 1450 et
2107 1407 2223 1469 per
2267 1393 2399 1450 tres
2442 1385 2601 1451 Car-

275 1481 529 1547 dinales
576 1484 770 1547 etiam
817 1484 887 1546 in
933 1482 1195 1547 civitate
1245 1481 1496 1547 Chinon
1545 1482 1900 1547 examinari
1950 1482 2188 1546 fecerat
2216 1481 2599 1567 Magistrum

282 1575 543 1644 Ordinis
592 1586 660 1643 et
716 1580 931 1663 plures
987 1578 1440 1661 Praeceptores
1498 1581 1796 1662 majores.
1894 1578 1982 1643 Hi
2039 1600 2261 1643 omnes
2323 1580 2597 1645 confessi

272 1680 436 1740 sunt
479 1677 702 1760 culpas
747 1698 916 1743 suas.
1009 1675 1136 1740 Sed
1181 1681 1469 1759 praestat
1524 1678 1725 1741 citare
1783 1675 2161 1741 relationem
2215 1676 2410 1758 ipsius
2459 1674 2597 1740 Cle·

278 1772 551 1850 mentis,
606 1773 701 1838 uti
758 1773 1033 1838 habetur
1080 1774 1148 1837 in
1198 1771 1680 1839 Constitutione
1732 1770 2013 1838 Faciem
2062 1770 2593 1853 misericordiam,

270 1889 406 1953 qua
450 1869 510 1934 d.
559 1869 618 1933 d.
665 1870 891 1935 Idibus
920 1870 1208 1955 Augusti
1250 1891 1308 1934 a.
1361 1871 1529 1934 1308
1574 1870 1944 1936 ulteriorem
1992 1870 2475 1955 inquisitionem
2524 1872 2593 1935 in

275 1967 540 2050 negotio
584 1965 1096 2051 Templariorum
1141 1967 1473 2052 disposuit.

453 2095 661 2176 „NoS,
723 2098 817 2162 ait
861 2097 1195 2177 Pontifex,
1256 2099 1432 2165 illius
1493 2100 1676 2184 cujus
1732 2098 1899 2164 vices
1956 2099 2109 2165 licet
2159 2099 2465 2164 immeriti
2519 2101 2589 2165 in
2632 2115 2898 2164 Constitutio

268 2195 465 2259 terris
511 2196 791 2279 gerimus
838 2195 1132 2279 vestigiis
1178 2195 1615 2279 inhaerentes,
1659 2196 1739 2260 ad
1783 2195 2239 2280 inquirendum
2287 2195 2364 2260 de
2404 2218 2589 2280 prae·
2609 2184 2925 2286 Ffflffffi‘'

264 2290 457 2356 dictis
527 2291 777 2355 ratione
840 2293 1100 2376 praevia
1160 2292 1458 2357 duximus
1523 2292 2020 2377 procedendum,
2091 2292 2455 2377 multosque
2512 2293 2590 2359 de

270 2388 818 2472 praeceptoribus,
885 2388 1303 2472 presbyteris,
1364 2391 1677 2455 militibus
1739 2395 1804 2454 et
1870 2390 2011 2453 aliis
2047 2388 2374 2456 ‘fratribus
2436 2389 2588 2454 dicti

266 2482 536 2550 Ordinis
595 2485 1022 2569 reputationis
1082 2509 1215 2552 non
1275 2488 1557 2557 modicae
1615 2488 1687 2553 in
1743 2491 1972 2553 nostra
2027 2487 2392 2571 praesentia
2444 2509 2591 2553 con·

264 2582 563 2658 stitutoS,
628 2583 937 2666 praestito
1002 2583 1084 2648 ab
1146 2584 1222 2648 iis
1276 2587 1679 2671 juramento,
1745 2583 1914 2669 quod
1973 2606 2166 2668 super
2230 2584 2589 2667 praemissis

269 2700 514 2744 meram
581 2684 647 2743 et
717 2680 973 2763 plenam
1037 2680 1223 2746 nobis
1291 2682 1584 2747 dicerent
1642 2682 2007 2759 veritatem,
2078 2702 2271 2764 super
2337 2679 2588 2765 praedi-

263 2775 393 2840 ctis
468 2774 1013 2861 interrogavimus
1085 2784 1151 2843 et
1225 2779 1731 2844 examinavimus
1805 2799 2009 2863 usque
2093 2777 2172 2842 ad
2247 2799 2587 2843 numerum

264 2872 688 2957 septuaginta
752 2874 1053 2960 duorum,
1120 2876 1342 2941 multis
1408 2897 1486 2940 ex
1554 2875 1865 2941 fratribus
1929 2868 2168 2940 nostris
2236 2873 2424 2938 nobis
2492 2896 2588 2938 as·

264 2969 686 3048 sistentibus,
771 2971 1242 3057 diligenterque
1317 2963 1536 3038 eorum
1611 2973 2041 3039 confessiones
2113 2994 2227 3065 per
2301 2960 2587 3055 publicas

269 3087 503 3130 manus
564 3066 630 3131 in
694 3068 1136 3134 authenticam
1193 3069 1574 3153 scripturam
1621 3069 1943 3150 redactas,
2007 3069 2178 3133 illico
2233 3067 2304 3131 in
2361 3072 2587 3131 nostra

263 3166 335 3227 et
402 3162 719 3227 dictorum
788 3164 1062 3230 fratrum
1130 3166 1520 3250 praesentia,
1590 3188 1663 3231 ac
1727 3166 1955 3231 deinde
2018 3163 2406 3253 interposito·
2470 3164 2588 3229 ali-

263 3281 543 3342 quorum
598 3261 847 3325 dierum
907 3262 1116 3345 spatio
1175 3263 1307 3346 legi
1361 3262 1626 3329 fecimus
1683 3284 1896 3327 coram
1954 3263 2139 3346 ipsiS,
2198 3265 2263 3325 et
2317 3258 2482 3324 illas
2517 3259 2585 3324 in

264 3376 383 3419 suo
426 3358 679 3441 vulgari
735 3358 999 3424 cuilibet
1043 3380 1262 3424 eorum
1310 3360 1573 3444 exponi,
1630 3361 1740 3444 qui
1793 3364 2273 3443 perseverantes
2319 3358 2388 3420 in
2435 3355 2583 3434 illis,

269 3474 377 3515 eas
438 3473 732 3537 expresse
780 3460 846 3519 et
901 3461 1131 3539 sponte
1184 3463 1376 3541 prout
1437 3457 1744 3523 recitatae
1806 3457 2068 3521 fuerant
2125 3454 2582 3539 approbarunt.

267 3546 432 3612 Post
491 3547 729 3634 illaque
792 3573 936 3616 cum
1005 3551 1316 3638 Magistro
1385 3562 1452 3619 et
1518 3553 2051 3638 Praeceptori‘bus
2121 3550 2395 3636 praefati
2466 3547 2581 3614 Or·

268 3643 440 3709 dinis
502 3646 914 3715 intendentes
976 3671 1164 3732 super
1223 3652 1587 3734 praemissis
1638 3652 1980 3738 inquirere
2045 3671 2157 3734 per
2216 3670 2336 3738 nos
2391 3647 2582 3731 ipsos,

261 3742 475 3826 ipsum
541 3741 928 3829 Magistrum
993 3755 1062 3812 et
1125 3747 1208 3812 N.
1255 3747 1593 3826 Franciae,
1662 3747 1742 3813 N.
1805 3746 2043 3812 Terrae
2098 3746 2583 3824 ultramarinae,

449 3969 491 4035 ²)
545 3970 802 4038 Epistola
852 3972 1151 4029 Clementis
1205 3974 1274 4030 ad
1327 3973 1657 4030 Gulielmum
1704 3950 2094 4045 inquisitorem
2144 3990 2248 4043 quo
2298 3976 2580 4045 suspensio

257 4046 513 4112 levatur,
578 4048 859 4105 invenitur
913 4069 998 4121 ap
1053 4052 1120 4106 D’
1124 4054 1339 4123 Achery
1392 4053 1654 4125 Spicileg.
1711 4055 1769 4110 in
1818 4056 1980 4113 Gesta
2034 4055 2291 4111 Guilelmi
2345 4055 2583 4130 Maybois

257 4141 418 4261 {wer
425 4126 1019 4263 quMairmepiscopi
1072 4132 1473 4203 Andeyavensis
1527 4134 1594 4188 ab
1649 4133 1875 4205 ipsomet
1923 4136 2112 4191 relata.
2207 4134 2390 4204 Spicil.
2448 4134 2579 4190 edit.

573 4224 608 4275 P
