3281 5014
317 1414 590 1458 {idololatria

635 427 740 480 142
1091 427 1292 482 XXXI.
1330 427 1412 482 De
1451 426 1749 481 abolitione
1788 427 2005 481 Ordinis
2043 426 2492 494 Templariorum.

636 573 762 632 tur.
863 566 970 632 Ita
1025 591 1076 633 e.
1125 589 1185 653 g.
1243 569 1313 633 in
1362 567 1579 633 Gallia
1631 569 2265 652 repraesentationes
2319 567 2705 633 dramaticae
2757 589 2950 654 popu·

630 666 801 729 lares
840 662 1236 748 (diableries)
1283 664 1521 748 passim
1552 663 2037 750 degenerabant
2080 667 2148 730 in
2183 666 2363 730 ludos
2407 668 2647 748 turpes,
2692 665 2763 728 in
2808 663 2947 747 qui-

635 760 754 825 bus
811 761 1052 825 similes
1082 763 1265 826 *ritus
1327 761 1740 826 inverecundi
1801 762 1993 827 sicuti
2048 763 2218 846 apud
2268 761 2672 846 Templarios
2728 781 2945 825 occur·

634 854 866 938 runt.¹)
941 856 1111 922 Usus
1155 880 1327 938 vem,
1370 858 1603 923 ritibus
1633 858 2084 924 inverecundis
2115 857 2192 923 ad
2237 858 2570 924 silentium
2617 856 2946 941 obligandi

635 952 803 1037 apud
874 956 1081 1017 varias
1149 954 1490 1023 societates
1557 954 1764 1019 mediiv
1816 956 1956 1019 aevi
2023 951 2436 1036 invenitur.²)
2550 953 2721 1018 Fieri
2792 975 2946 1017 sane

636 1051 850 1133 pot-uit
909 1051 1077 1133 apud
1139 1050 1563 1134 Templarios,
1632 1056 1708 1116 ut
1762 1053 1950 1116 multi
2010 1053 2123 1136 qui
2183 1051 2680 1135 recipiebantur
2715 1052 2946 1116 timore

637 1147 909 1231 perculsi
956 1148 1121 1211 ritus
1167 1148 1398 1231 impios
1441 1154 1507 1213 et
1549 1152 1773 1232 turpes
1817 1151 2230 1232 peragerent,
2285 1148 2445 1231 quin
2491 1153 2710 1212 tamen
2758 1146 2941 1211 fidem

639 1243 830 1328 plane
876 1244 1251 1328 abjicerent.
1343 1243 1533 1309 Certe
1579 1246 1835 1328 plurimi
1882 1264 2019 1323 ore,
2066 1248 2196 1310 non
2245 1243 2457 1325 corde,
2506 1267 2577 1309 se
2622 1244 2942 1309 Christum

638 1361 914 1425 negasse
957 1340 1279 1405 dixerunt.
1370 1341 1551 1418 Quod
1606 1342 1846 1406 attinet
1901 1343 1981 1406 ad
2024 1341 2454 1407 idololatriam
2511 1346 2578 1406 et
2628 1341 2944 1406 adoratio-

637 1459 789 1501 nem
843 1436 1026 1526 idoli,
1080 1439 1183 1502 vel
1243 1439 1470 1521 capitis
1528 1440 1853 1524 cujusdam
1909 1439 2196 1517 burbati‚
2261 1439 2360 1503 vel
2416 1438 2690 1521 colubri,
2748 1437 2945 1502 etiam

638 1534 964 1599 obscurior
1004 1555 1108 1599 ‘res
1155 1539 1281 1611 est,
1337 1557 1412 1599 ac
1458 1557 1771 1611 rumores,
1823 1537 1918 1600 uti
1961 1537 2100 1600 fieri
2146 1536 2338 1612 solet,
2394 1535 2694 1600 videntur
2737 1535 2947 1618 turpi-

637 1631 754 1695 bus
815 1632 1106 1714 turpiora
1167 1632 1503 1697 addidisse.
1593 1632 1818 1697 Potuit
1877 1638 2097 1697 tamen
2161 1634 2440 1697 existere
2499 1633 2667 1716 apud
2733 1633 2943 1715 plures

637 1729 1007 1810 superstitio
1071 1729 1293 1814 aliqua
1357 1729 1841 1806 Gnosticorum,
1905 1729 2432 1794 Manichaeorum
2496 1733 2565 1793 et
2630 1729 2942 1812 Albigen-

634 1824 801 1887 sium
847 1825 1166 1890 erroribus
1211 1828 1446 1906 affiniS‚
1491 1828 1587 1891 ita
1633 1831 1709 1891 ut
1753 1826 2135 1910 principium
2184 1827 2420 1890 malum
2467 1826 2549 1890 ad
2593 1824 2945 1890 obtinenda

635 1920 807 1984 bona
865 1924 1150 1997 terrena,
1214 1923 1334 1987 sub
1393 1924 1612 2007 aliqua
1673 1923 1886 2007 effigie
1944 1926 2256 2001 colerent,
2324 1923 2494 2008 quod
2550 1922 2791 1987 idolum
2847 1921 2944 1985 di-

624 2021 876 2080 ·cuntur
933 2014 1410 2098 Baphometum
1474 2019 1845 2102 appellasse.
1962 2018 2182 2083 Edidit
2239 2041 2315 2083 ea
2374 2019 2453 2082 de
2511 2040 2579 2082 re
2635 2017 2944 2082 Hammer

622 2111 1151 2178 dissertationem
1216 2114 1625 2200 inscriptam:
1699 2113 2093 2196 Mys-terium
2149 2112 2541 2197 Baphometi
2611 2114 2941 2192 detectum,

621 2230 745 2273 -seu
794 2208 1141 2293 Templarii
1200 2234 1414 2277 eorum
1463 2214 1903 2277 monumentis
1957 2209 2311 2294 convicti,3)
2368 2220 2564 2297 atque
2609 2211 2943 2277 ostendere

623 2306 902 2382 nititur,
961 2307 1060 2371 uti
1105 2307 1413 2391 diximus,
1470 2308 1863 2392 Templarios
1908 2310 2104 2373 fuisse
2151 2308 2491 2374 Gnostieos
2536 2314 2605 2373 et
2650 2307 2940 2391 ophitas,

622 2407 702 2467 -et
765 2401 968 2467 veluti
1028 2405 1197 2469 v‘tales
1263 2406 1653 2489 apostasiae,
1728 2405 2134 2471 idololatriae
2204 2412 2271 2470 et
2342 2405 2735 2487 impuritatis
2797 2424 2940 2468 reos

619 2499 847 2565 fuisse.
947 2501 1150 2567 Putat
1211 2525 1449 2569 nomen
1519 2501 1902 2587 Baphometi
1963 2502 2365 2568 efformatum
2432 2524 2567 2567 esse
2631 2524 2709 2566 ex
2775 2500 2941 2565 voci·

635 2597 754 2661 bus
809 2600 989 2682 βαφη
1035 2625 1291 2684 μητεος,
1349 2622 1515 2684 quae
1568 2600 1869 2683 spiritus,
1923 2599 2279 2682 sapientiae
2336 2620 2451 2663 seu
2505 2599 2677 2682 ignis
2734 2598 2941 2680 bapti·

618 2715 842 2756 smum
900 2695 1372 2778 significarent,
1425 2696 1489 2760 id
1546 2695 1717 2781 quod
1775 2699 1914 2760 erat
1962 2702 2250 2760 veterum
2298 2695 2747 2761 Gnosticorum
2801 2714 2941 2777 pro·

616 2789 922 2875 priumf)
1045 2790 1173 2857 Sed
1240 2793 1499 2883 longius
1566 2793 1692 2857 ista
1756 2793 1960 2876 petita
2023 2798 2178 2857 sunt
2239 2814 2359 2857 nec
2422 2791 2581 2856 satis
2649 2789 2937 2874 probata.

623 2890 1019 2974 Baphometi
1064 2913 1301 2965 nomen
1349 2911 1673 2954 censerem
1723 2892 1937 2973 potius
1950 2938 1967 2971 ,
2027 2911 2171 2954 cum
2219 2890 2359 2953 aliis
2409 2888 2804 2972 auctoribuS,
2862 2908 2938 2952 ex

617 2988 990 3056 ,Mahometi
1053 2994 1352 3071 corrupta
1413 3009 1566 3052 voce
1627 2985 1991 3050 formatum.
2107 2986 2314 3061 Quum
2379 2985 2608 3070 vulgus
2674 2984 2941 3049 nomina

813 3207 854 3274 ¹)
892 3208 958 3260 V.
996 3207 1066 3260 M.
1107 3207 1378 3268 Clement,
1425 3204 1670 3258 Histoire
1709 3204 1803 3259 des
1841 3204 1983 3260 fetes
2022 3203 2211 3259 civiles
2249 3209 2307 3258 et
2341 3203 2692 3271 religieuses,
2741 3215 2940 3270 usages

619 3285 855 3340 ancisus
906 3291 964 3340 et
999 3285 1282 3339 modernes
1330 3283 1396 3336 de
1443 3283 1498 3335 la
1534 3282 1770 3335 Flandre
1817 3288 1872 3337 et
1906 3284 2032 3337 d’un
2080 3284 2255 3352 grand
2302 3283 2524 3337 nombre
2568 3283 2635 3335 de
2671 3281 2834 3336 villes
2870 3295 2938 3335 en

631 3366 856 3420 France.
927 3366 1173 3418 Avesnes
1214 3364 1365 3415 1845.
1437 3361 1586 3413 Tom.
1626 3361 1698 3413 II.
1773 3361 1867 3415 Ch.
1909 3363 1991 3415 15.

811 3443 856 3511 2>
892 3445 982 3497 Ita
1009 3442 1202 3496 Wilke
1237 3441 1274 3494 1.
1313 3457 1357 3493 c.
1397 3439 1472 3492 II.
1516 3442 1630 3493 139.
1698 3440 1866 3507 „Eine
1905 3441 2161 3495 ahnliche
2196 3442 2301 3495 Art
2337 3457 2460 3494 zum
2494 3437 2938 3506 Stillschweigen

619 3541 702 3577 *zu
730 3522 1046 3587 verbinden,
1081 3520 1212 3574 fand
1238 3520 1356 3573 sich
1384 3518 1491 3572 seit
1527 3519 1648 3573 dem
1672 3519 2003 3574 Mittelalter
2036 3520 2124 3575 bei
2161 3521 2307 3575 allen
2333 3520 2550 3586 Gilden,
2586 3536 2674 3574 am
2703 3518 2938 3573 ⁴meisten

632 3601 721 3657 bei
759 3602 862 3656 den
900 3600 1286 3656 Steinmetzen.
1360 3597 1660 3665 (Holberg,
1695 3598 2110 3668 Beschreibung
2147 3601 2244 3655 der
2276 3600 2681 3653 Handelsstadt
2713 3599 2937 3666 Bet-gen

631 3681 688 3734 in
725 3679 1030 3748 Norwegen
1068 3679 1143 3732 II.
1182 3678 1234 3731 S.
1273 3677 1381 3742 59.)
1442 3678 1584 3730 Dass
1619 3693 1747 3730 man
1785 3678 1926 3732 noch
1962 3677 2413 3746 unanstandiger‚
2451 3678 2788 3746 gefflhlloser
2827 3677 2936 3730 und

622 3759 1036 3813 ‘schrecklicher
1081 3757 1286 3812 hierbei
1322 3756 1613 3811 verfahren
1658 3757 1866 3822 imane,
1912 3758 2102 3811 lehren
2149 3757 2236 3812 die
2283 3757 2562 3812 sinnlosen
2600 3756 2935 3822 Gebrauche,

630 3838 840 3893 welche
875 3837 963 3891 die
997 3836 1371 3890 franzosische
1399 3834 1794 3891 Freimaurerei
1829 3837 1887 3889 in
1924 3837 2080 3891 ihrer
2113 3837 2430 3904 Entartung
2465 3836 2704 3890 vormals
2741 3835 2799 3887 in
2827 3837 2936 3888 An·

631 3917 906 3983 wendung
943 3917 1214 3986 gebracht
1249 3916 1376 3980 hat,
1425 3929 1697 3983 wogegen
1738 3915 1868 3983 jene
1908 3917 2090 3970 Kiisse
2139 3917 2235 3970 der
2271 3916 2524 3987 Templer
2571 3915 2709 3969 noch
2758 3914 2937 3968 zulas-

624 3995 755 4064 sige
792 3994 1112 4050 Gebrauche
1151 3998 1398 4063 genannt
1431 3993 1653 4048 werden
1690 3994 1957 4049 konnen.“

809 4073 854 4143 ⁸)
891 4075 1069 4129 Mines
1107 4075 1173 4128 de
1210 4073 1459 4139 l’Orient,
1495 4082 1624 4127 tom.
1651 4072 1747 4126 VI.

807 4153 854 4222 ⁴)
889 4155 955 4207 V.
994 4154 1204 4219 Palma,
1240 4153 1512 4208 Praelect.
1552 4152 1613 4205 Τ.
1654 4152 1757 4206 ΙΠ.
1794 4152 1855 4206 Ρ.
1895 4154 1967 4206 11.
2009 4171 2053 4208 c.
2090 4154 2218 4208 XII.
