3281 5014
283 2087 466 2132 Roberti
510 2093 600 2132 ten·

347 2152 533 2195 dentiae.

627 420 731 471 202
1057 419 1289 473 XXXII.
1325 419 1408 472 De
1444 418 1805 473 Pontificibus
1841 418 2125 475 Avenione
2163 422 2523 477 commoratis.

627 582 708 624 ex
754 582 829 624 eo
876 566 1163 643 tempore
1210 582 1336 644 quo
1381 561 1489 625 ille
1536 559 1807 644 Neapoli
1857 562 2150 644 degerat,
2210 562 2393 626 valde
2439 562 2773 629 familiaris
2822 566 2956 630 fuit

629 660 695 720 et
742 657 1025 721 amicitia
1072 656 1428 723 devinctus

802 815 904 881 56.
958 815 1105 881 Jam
1165 815 1459 881 Clemens
1497 816 1608 894 V.,
1668 817 1769 881 uti
1826 816 2130 895 diximuS,
2187 840 2385 901 quum
2447 817 2794 901 Imperium
2838 842 2950 884 va·

624 918 858 992 casset,
914 912 1284 977 -Robertum
1351 914 1659 978 vicarium
1729 913 1991 997 Imperii
2061 914 2129 977 in
2195 913 2388 978 Italia
2456 920 2814 992 creaverat,
2878 920 2952 981 et

624 1009 793 1073 hunc
861 1009 1269 1091 vicariatum,
1335 1008 1539 1074 donec
1610 1030 1690 1073 ex
1755 1009 1999 1075 duobus
2069 1011 2601 1093 competitoribus
2673 1012 2745 1076 in
2816 1011 2943 1077 Im-

622 1110 983 1188 peratorem
1052 1106 1195 1189 quis
1262 1105 1678 1170 confirmatus
1747 1111 1937 1183 esset,
2006 1105 2295 1171 Joannes
2363 1105 2584 1172 XXII.
2658 1108 2950 1174 Roberto

624 1203 1048 1267 confirmavit.
1138 1201 1404 1266 Mirum‘
1443 1203 1730 1286 profecto
1789 1225 1921 1268 non
1981 1208 2106 1281 est,
2170 1203 2518 1269 Pontifices
2581 1205 2743 1269 illud
2801 1228 2947 1269 mu-

623 1320 743 1363 nus
801 1298 1087 1364 Roberto
1150 1299 1495 1363 contulisse
1561 1300 1831 1383 ejusque,
1890 1321 2086 1384 opera
2146 1321 2293 1363 usos
2354 1323 2517 1383 esse,
2576 1305 2652 1365 ut
2711 1324 2814 1367 res
2868 1303 2943 1366 in

619 1394 812 1459 Italia
858 1394 1265 1473 ordinarent,
1313 1397 1465 1479 jura
1510 1418 1623 1461 sua
1670 1401 2029 1479 tuerentur,
2075 1401 2141 1462 et
2187 1397 2508 1463 Ecclesiae
2554 1400 2945 1483 protectioni

621 1491 1049 1574 providerent.
1153 1490 1327 1557 Sane
1384 1491 1494 1556 vix
1554 1492 1716 1557 alius
1778 1493 1848 1557 in
1893 1492 2088 1559 Italia
2146 1496 2426 1559 inveniri
2481 1500 2764 1579 poterat,
2827 1496 2942 1580 qui.

622 1587 863 1652 efficaci
919 1588 1105 1652 modo
1170 1589 1384 1654 ordini
1442 1589 1839 1673 provideret,
1903 1595 1968 1656 et
2023 1613 2213 1655 ausus
2260 1588 2763 1669 Gibellinorum,
2796 1673 2799 1678 .
2827 1591 2942 1676 qui

621 1682 1009 1749 Pontificum
1070 1686 1323 1769 juribus
1393 1685 1615 1749 infesti
1687 1692 1897 1767 erant,
1965 1691 2408 1771 compesceret.
2516 1687 2612 1752 Ac
2674 1710 2946 1753 munere

621 1801 739 1844 suo
807 1803 1026 1846 revera
1087 1781 1410 1847 Robertus
1483 1782 1648 1846 bene
1717 1782 1978 1847 functus
2048 1790 2164 1848 est.
2232 1821 2319 1828 —-
2384 1783 2509 1850 Sed
2577 1773 2767 1849 simul
2830 1779 2943 1849 hic

620 1878 898 1943 maxime
958 1900 1031 1942 eo
1091 1877 1434 1958 tendebat,
1485 1873 1575 1943 “ut
1629 1876 1814 1943 'suam
1879 1877 1955 1944 in*
1996 1879 2202 1945 'Italia
2264 1885 2650 1964 potestatem
2718 1882 2936 1945 firma-

619 1976 718 2048 ret
779 1978 843 2039 et
897 1974 1347 2057 amplificaret,
1411 1978 1647 2058 utque,
1711 1975 1763 2038 si
1828 1975 1966 2040 fieri
2035 1983 2273 2060 posset,
2338 2000 2451 2042 rex
2509 1977 2739 2043 Italiae
2801 1978 2944 2061 ipse

622 2069 1142 2135 constitueretur.
1257 2069 1740 2135 Connexionem
1804 2070 2036 2137 Italiae
2095 2095 2235 2137 cum
2296 2072 2576 2157 Imperio
2645 2073 2933 2139 conside-

621 2166 811 2231 rabat
855 2167 951 2231 uti
997 2167 1145 2232 huic
1190 2189 1388 2252 regno
1433 2168 1754 2247 nocivam,
1811 2191 2018 2253 neque
2074 2169 2266 2256 hujus
2312 2172 2734 2236 connexionis
2781 2194 2939 2237 cen-

615 2264 799 2342 sebat
868 2286 1002 2329 esse
1058 2266 1167 2348 jus
1228 2265 1543 2349 quoddam
1608 2265 2083 2350 irrefragabile,
2153 2265 2264 2332 sed
2326 2263 2714 2333 auctoritate
2767 2268 2935 2333 Pon-

614 2361 805 2425 tificis
872 2383 1109 2425 nexum
1173 2360 1430 2425 dissolvi
1495 2383 1709 2446 posse3
1780 2367 2175 2448 conatusque
2241 2363 2547 2449 quosdam
2617 2364 2929 2439 adhibuit,

612 2461 686 2523 ut
761 2457 840 2523 ad
925 2457 1289 2543 solvendam
1360 2457 1530 2523 hanc
1608 2459 2079 2526 connexionem
2146 2460 2493 2527 Pontifices
2569 2462 2938 2528 adduceret.

612 2553 756 2620 Jam
819 2559 1121 2638 ¹tempore
1190 2555 1541 2620 Clementis
1591 2555 1668 2622 V.
1746 2560 1814 2621 et
1877 2556 2142 2622 Henrici
2196 2557 2346 2624 VII.
2416 2556 2926 2624 Instructionem

614 2672 688 2715 ea
752 2651 830 2714 de
894 2674 962 2715 re
1026 2653 1198 2716 misit
1260 2652 1338 2716 ad
1398 2653 1648 2737 legatos
1686 2675 1858 2721 ,suos
1923 2653 1992 2718 in
2059 2656 2234 2719 curia
2293 2656 2625 2739 pontificia
2688 2656 2926 2740 degen-

611 2751 726 2812 teS.
819 2746 897 2813 In
954 2748 1076 2813 hoc
1137 2748 1513 2814 documento
1576 2751 1948 2833 exponitur,
2012 2773 2091 2815 ex
2137 2750 2398 2836 Imperii
2460 2753 2931 2817 constitutione

610 2844 988 2930 frequenter
1034 2866 1268 2929 magna
1322 2846 1492 2909 mala
1550 2851 1691 2911 tum
1742 2846 1975 2912 Italiae
2030 2853 2171 2912 tum
2219 2848 2641 2914 Pontificibus
2692 2854 2758 2914 et
2804 2849 2924 2914 Ec-

611 2942 838 3007 clesiae
900 2942 1295 3026 provenisse,
1357 2941 1542 3006 modo
1600 2947 1806 3008 totam
1867 2946 2059 3010 istam
2117 2946 2597 3012 institutionem
2659 2947 2927 3031 degene-

610 3060 808 3117 rasse,
850 3060 924 3103 ac
968 3039 1344 3122 praesertim
1392 3037 1618 3103 Italiae
1664 3062 1802 3104 esse
1847 3043 2166 3122 nocivam,
2215 3064 2286 3108 eo
2335 3044 2434 3107 vel
2480 3044 2706 3129 magiS‚
2753 3042 2923 3127 quod

612 3134 1078 3200 Germanorum
1139 3135 1387 3200 indoles
1457 3136 1729 3201 barbara
1796 3160 2023 3222 parum
2092 3138 2278 3204 Italis
2338 3141 2714 3205 cultioribus
2775 3162 2928 3205 con-

548 3256 559 3267 ·
607 3229 910 3312 veniat.¹)
995 3231 1167 3296 Hinc
1222 3234 1415 3316 petit,
1472 3243 1547 3297 ut
1607 3233 1907 3300 Pontifex
1975 3236 2347 3302 electionem
2404 3236 2574 3322 regis
2630 3237 2702 3301 in
2761 3235 2920 3300 Ger-

607 3328 827 3392 mania
878 3325 1211 3412 impediat,
1273 3330 1376 3392 vel
1438 3330 1667 3394 saltem
1727 3353 2027 3396 coronam
2079 3332 2340 3416 Imperii
2402 3334 2526 3418 ipsi
2582 3356 2715 3398 non
2775 3355 2927 3399 con·

606 3424 820 3504 cedat,
889 3429 963 3489 ut
1014 3425 1207 3491 Italia
1262 3425 1342 3489 ab
1399 3427 1709 3510 ejusmodi
1764 3450 1933 3493 nexu
1995 3430 2302 3494 solvatur.
2406 3430 2642 3495 Censet
2697 3428 2921 3494 Ponti·

607 3523 781 3599 fices,
845 3523 944 3586 uti
1003 3524 1481 3589 constituerant
1525 3523 1904 3607 Imperium,
1961 3526 2056 3590 ita
2115 3526 2310 3590 etiam
2366 3529 2753 3592 auctoritate
2802 3548 2917 3590 sua

604 3624 847 3685 statum
905 3642 1118 3684 rerum
1179 3641 1361 3703 posse
1422 3621 1784 3686 immutare.
1847 3655 1935 3668 -—-
1996 3621 2238 3688 Eadem
2301 3626 2434 3688 fere
2491 3629 2555 3688 in
2620 3625 2747 3689 alia
2799 3621 2914 3687 In·

603 3714 962 3782 structione
1010 3716 1458 3796 continentur,
1522 3739 1686 3801 quae
1734 3740 1952 3783 versus
2012 3721 2206 3783 finem
2267 3721 2678 3804 pontificatus
2724 3718 2919 3787 Joan·

785 3974 825 4039 1)
861 3974 1242 4042 Imperatores,
1282 3975 1380 4041 ait,
1422 3975 1520 4044 „de
1558 3975 1750 4044 lingua
1788 3977 2075 4044 Germana,
2114 3995 2250 4046 quae
2290 3980 2578 4036 consuevit
2613 3980 2913 4047 producere

602 4058 824 4122 gentem
874 4055 1122 4108 acerbam
1159 4060 1215 4109 et
1265 4053 1667 4109 intractabilem
1716 4071 1852 4121 quae
1890 4057 2069 4125 magis
2121 4058 2388 4113 adhaeret
2436 4058 2751 4112 barbaricae
2788 4058 2918 4113 feri·

599 4133 724 4200 tati,
762 4149 922 4200 quam
960 4132 1297 4189 christianae
1339 4133 1687 4202 professioni,
1725 4175 1737 4188 .
1778 4175 1789 4187 .
1829 4176 1842 4188 .
1881 4152 2000 4189 cum
2037 4136 2250 4192 Italicis
2292 4153 2400 4192 non
2439 4137 2814 4192 conveniunt.“
