3281 5014
1140 400 1222 454 De
1261 400 1479 468 Synodo
1516 401 1852 456 Florentina.
2553 404 2655 457 391

339 563 533 604 mana
586 540 928 623 profitetur
977 539 1279 606 Ecclesia.
1382 542 1711 627 Eugenius
1770 566 1805 608 e
1851 543 2301 608 Cardinalibus
2358 552 2426 607 et
2476 566 2658 626 prae-

343 637 491 701 latis
538 635 807 701 Concilii
863 636 1199 719 deputavit
1254 639 1363 723 qui
1412 661 1554 703 011111
1606 637 1810 722 Syriis
1867 641 2269 718 conferrent,
2325 642 2519 725 hique
2562 662 2659 704 re-

342 739 668 817 pererunt,
716 754 821 797 eos
869 754 997 819 nep
1047 739 1217 799 recte
1260 736 1501 800 sentire
1547 736 1625 800 de
1672 737 2076 823 processione
2115 736 2393 821 Spiritus
2431 737 2658 815 sancti,

341 853 415 895 ac
456 830 536 892 de
582 830 831 894 duabus
859 831 1130 910 naturiS,
1176 827 1620 896 voluntatibus
1666 839 1733 896 et
1778 822 2254 916 operationibus
2300 835 2367 898 in
2401 833 2659 898 Christo

301 926 302 929 ’
343 927 639 993 Domino.
729 926 1132 1013 Quapropter
1177 949 1291 1011 pro
1346 929 1504 1011 ipsis
1548 931 1615 992 in
1672 930 1955 994 sessione
2000 928 2102 993 die
2151 928 2222 993 3⁰
2263 929 2660 1014 Septembris

342 1046 398 1088 a.
455 1024 623 1088 1444
669 1023 912 1104 habita,
960 1025 1289 1110 publicata
1329 1030 1427 1089 est
1472 1025 1620 1088 fidei
1667 1024 1972 1090 Formula
2003 1023 2225 1090 Multa
2269 1030 2330 1090 et
2374 1025 2660 1090 admira·

342 1119 529 1198 bilia,
590 1142 754 1204 quae
808 1123 1165 1189 doctrinam
1223 1121 1646 1186 orthodoxam
1693 1121 1771 1185 de
1816 1123 1961 1186 istis
2005 1124 2323 1206 capitibus
2370 1125 2659 1188 contine·

341 1217 484 1293 bat3
543 1217 760 1283 addita
819 1221 1083 1286 fuerunt
1140 1219 1264 1282 tria
1310 1216 1591 1282 Unionis
1648 1218 1906 1282 decreta
1952 1221 2091 1303 jam
2148 1217 2517 1298 confecta.²)
2577 1255 2653 1266 --

341 1313 647 1378 Chaldaei
687 1310 942 1401 quoque
990 1321 1055 1380 et
1100 1314 1461 1378 Maronitae
1506 1314 1775 1379 Romam
1834 1315 2079 1399 legatos
2133 1338 2280 1381 suos
2327 1317 2658 1391 miserunt,

341 1416 415 1474 ut
459 1412 764 1477 unionem
812 1413 1209 1498 perficerent.
1301 1409 1645 1475 Venerunt
1691 1412 1985 1476 videlicet
2030 1411 2406 1476 Timotheus
2455 1413 2658 1478 archi·

343 1508 677 1591 episcopus
738 1510 1075 1574 Tarsensis
1140 1505 1607 1572 Chaldaeorum
1670 1509 1740 1572 in
1799 1509 2010 1573 insula
2059 1508 2296 1590 Cyprn,
2360 1515 2426 1573 et
2483 1507 2662 1573 Isaac

342 1605 613 1669 nuntius
663 1605 843 1671 Eliae
891 1605 1165 1689 episcopi
1213 1603 1682 1669 Maronitarum
1738 1604 1808 1668 in
1857 1605 2079 1669 eadem
2129 1605 2359 1669 insula.
2452 1604 2659 1669 Maro-

343 1702 519 1765 nitae
571 1702 668 1766 illi
717 1701 1325 1778 Monothelitarum,
1382 1699 1681 1764 Chaldaei
1735 1723 1883 1765 vero
1931 1701 2428 1767 Nestorianismi
2492 1724 2661 1767 erro·

342 1819 443 1861 res
502 1799 932 1863 sectabantur.
1043 1796 1279 1882 Legati
1346 1801 1562 1861 autem
1633 1818 1848 1862 eorum
1919 1820 2034 1863 suo
2103 1820 2488 1883 suorumque
2547 1821 2661 1864 no·

343 1895 516 1958 mine
549 1917 792 1959 errores
824 1895 1230 1980 abjurarunt,
1276 1899 1343 1958 et
1387 1893 1743 1958 doctrinam
1785 1895 2163 1959 catholicam
2202 1897 2397 1979 juxta
2441 1900 2660 1978 aptam

343 1990 682 2055 formulam
725 1992 992 2074 professi
1041 1998 1196 2056 sunt
1240 1994 1310 2055 in
1357 1991 1626 2056 solemni
1678 1992 1961 2055 sessione
2007 1992 2230 2055 habita
2275 1992 2375 2055 die
2425 1989 2494 2054 7⁰
2523 1995 2655 2055 Au-

344 2088 519 2171 gusti
566 2110 622 2152 a.
675 2088 873 2166 1446,
933 2089 1027 2152 uti
1083 2088 1362 2152 habetur
1417 2087 1483 2151 in
1546 2087 1721 2150 bulla
1767 2086 2164 2152 Benedictus
2219 2087 2307 2151 sit
2347 2087 2532 2151 Deus
2589 2089 2655 2152 in

346 2205 421 2246 ea
467 2185 755 2249 sessione
803 2181 1055 2268 edita.²)

524 2334 627 2398 62.
679 2334 837 2399 Post
884 2335 1188 2398 unionem
1236 2334 1552 2397 variarum
1597 2333 1851 2397 illarum
1899 2334 2252 2410 nationum,
2303 2333 2658 2399 Concilium
2679 2353 2800 2394 Finis
2830 2352 2992 2424 ‘conei-

344 2429 792 2496 Florentinum
848 2455 903 2496 a.
961 2433 1126 2495 1445
1177 2430 1420 2495 Romae
1465 2431 1834 2494 conclusum
1891 2436 2005 2494 est.
2075 2465 2150 2473 —
2209 2429 2655 2515 Opportunum
2808 2416 2872 2457 ¹¹¹·

345 2529 602 2593 videtur
645 2529 749 2594 hic
798 2531 1339 2605 animadvertere,
1398 2528 1466 2592 in
1513 2518 1972 2612 illis'generali
2027 2528 2407 2611 populorum
2452 2531 2661 2605 orien-

344 2626 567 2690 talium
617 2627 695 2690 ad
744 2626 970 2691 Sedem
1019 2625 1450 2709 Apostolicam
1500 2646 1835 2705 concursu,
1890 2630 1954 2689 et
1999 2624 2069 2688 in
2119 2627 2357 2689 unione
2404 2625 2661 2690 illorum

345 2744 483 2786 cum
547 2723 831 2788 Ecclesia
878 2722 1200 2798 Romana,
1265 2722 1665 2805 apparuisse,
1728 2744 1923 2805 quam
1984 2721 2312 2804 sapienter
2372 2721 2664 2787 Christus

348 2819 663 2884 Dominus
717 2819 1038 2884 Ecclesiae
1097 2840 1247 2883 suae
1310 2818 1672 2902 prospiciat.
1777 2818 2051 2883 Divinus
2109 2818 2280 2882 enim
2342 2817 2664 2884 Ecclesiae

346 2921 596 2994 auctor,
660 2918 1039 3000 praevidens
1101 2916 1340 2980 bellum
1405 2916 1813 2993 acerrimum,
1870 2914 2038 2998 quod
2097 2915 2353 2979 saeculo
2407 2916 2488 2979 ab
2551 2915 2664 2980 illa

346 3019 560 3078 aetate
609 3013 898 3097 proximo
945 3011 1287 3088 LutheruS,
1334 3010 1638 3076 Calvinus
1683 3011 1919 3095 aliique
1965 3019 2306 3077 novatores
2344 3011 2664 3076 Ecclesiae

347 3112 612 3195 ejusque
665 3110 996 3174 doctrinae
1052 3112 1268 3173 essent
1314 3108 1589 3185 illaturi,
1645 3131 1780 3172 rem
1837 3110 1933 3172 ita
1977 3108 2320 3191 disposuit,
2376 3116 2450 3172 ut
2500 3111 2665 3173 circa

345 3207 625 3271 medium
687 3207 1010 3271 saeculum
1073 3205 1689 3288 decimumquintum
1754 3206 1821 3268 in
1886 3205 2217 3287 praeclara
2279 3208 2480 3269 totius
2544 3206 2662 3271 Ec·

346 3305 574 3369 clesiae
620 3303 988 3378 concordia,
1044 3305 1112 3366 in
1172 3321 1407 3384 magna
1452 3302 1823 3367 antistitum
1877 3301 2227 3365 latinorum
2283 3323 2357 3366 ac
2401 3323 2663 3384 graeco·

347 3423 491 3465 rum
550 3401 947 3485 frequentia,
1002 3400 1327 3464 communi
1388 3398 1796 3462 ecclesiarum
1845 3396 2128 3461 Orientis
2183 3403 2248 3461 et
2299 3396 2663 3462 Occidentis

349 3498 664 3583 suffragio
735 3502 801 3562 et
864 3498 1091 3581 plausu
1151 3495 1426 3560 Romani
1498 3494 1826 3559 pontificis
1900 3496 2242 3577 primatus,
2316 3498 2510 3578 atque
2589 3516 2664 3558 eo

347 3597 485 3678 ipso
541 3596 741 3659 totius
789 3593 1110 3659 Ecclesiae
1167 3601 1243 3657 ut
1302 3593 1627 3657 societatis
1673 3591 1943 3655 visibilis
2003 3591 2303 3654 ordinata
2361 3599 2427 3655 et
2482 3592 2666 3655 firma

349 3693 727 3757 constitutio
780 3691 1048 3756 definita
1105 3688 1333 3765 fuerit,
1395 3690 1716 3772 simulque
1773 3688 1936 3752 aliae
1993 3687 2322 3751 doctrinae
2369 3689 2581 3772 capita
2628 3711 2664 3752 a

347 3790 767 3854 novatoribus
816 3789 989 3853 brevi
1038 3792 1182 3872 post
1231 3788 1637 3871 impugnata,
1696 3786 1792 3849 uti
1841 3784 1936 3847 vis
1980 3785 2272 3849 sacrificii
2319 3782 2552 3848 Missae
2600 3790 2667 3849 et

351 3887 698 3951 existentia
747 3885 1122 3970 purgatorii.

530 4058 573 4125 ι)
611 4059 677 4113 v.
715 4059 899 4113 Labbe
938 4058 1096 4112 x111.
1138 4060 1289 4111 1222.

529 4138 574 4205 2)
614 4139 681 4192 v.
720 4138 902 4192 Labbe
937 4138 1092 4191 xm.
1138 4139 1289 4190 1225.
