3281 5014
1169 417 1252 471 De
1290 417 1533 471 Concilio
1570 416 1896 471 Basileensi.
2581 416 2686 468 359

373 560 691 623 unitatem
748 578 1147 642 quacumque
1206 558 1310 621 via
1362 558 1829 622 restituendam
1886 558 2194 638 esse,·ita
2251 561 2320 620 ut
2371 559 2523 641 jura
2573 557 2686 620 Ec·

371 656 600 721 clesiae
667 653 869 718 veluti
939 653 1285 717 obliterata
1357 659 1591 719 essent.
1714 653 1816 718 Ita
1884 654 2143 739 Αρρρᾳξ
2211 651 2497 736 Sylvius,
2570 653 2683 737 qui
2699 658 2823 760 ³⁰13,
2828 657 3014 762 5001&-

368 752 497 817 illis
541 752 762 816 diebus
795 750 1101 815 Friderici
1134 749 1254 814 III.
1300 750 1719 834 Imperatoris
1767 752 2146 815 secretarius
2197 755 2363 814 erat:
2418 747 2683 827 „Omni-
2738 731 2762 759 ⁰
2813 733 2825 760 ¹
2871 723 2980 761 ‘ata'

370 850 489 912 bus
558 849 850 931 displicet
914 847 1215 925 schisma,
1285 870 1503 913 omnes
1570 847 1940 912 abhorrent.
2053 846 2242 910 Viam
2307 852 2521 910 autem
2588 869 2684 911 so·

368 945 587 1030 piendi
633 946 754 1010 hoc
799 946 1037 1009 malum
1082 943 1345 1009 Carolus
1392 966 1503 1009 rex
1552 944 1885 1026 Franciae‚
1931 944 2057 1008 nisi
2102 943 2312 1017 fallor,
2362 949 2426 1008 et
2473 948 2682 1008 tutam

371 1046 437 1106 et
485 1042 741 1105 brevem
795 1041 1110 1119 ostendit,
1177 1045 1251 1105 ut
1306 1042 1420 1104 fiat
1477 1046 1833 1107 conventus
1892 1042 2254 1124 principum
2309 1041 2408 1104 vel
2468 1063 2687 1105 eorum

371 1137 712 1203 Oratorum
769 1139 838 1202 in
896 1137 1217 1202 communi
1273 1138 1488 1220 aliquo
1545 1140 1719 1215 locO,
1774 1138 2011 1221 ibique.
2040 1159 2170 1201 una
2222 1139 2542 1203 conclusio
2588 1160 2689 1201 re-

368 1235 643 1318 cipiatur
695 1256 809 1317 per
856 1256 1095 1299 omnes·
1147 1285 1162 1299 .
1212 1285 1226 1299 .
1278 1283 1291 1296 .
1348 1233 1527 1299 Haec
1571 1237 1676 1298 via
1731 1257 1863 1299 non
1920 1240 2133 1316 posset
2189 1234 2514 1318 impediri,
2569 1257 2689 1300 nec

377 1331 545 1414 Papa
609 1353 726 1395 nec
800 1331 1157 1396 Concilium
1231 1331 1430 1395 reniti
1498 1338 1790 1414 possent,
1872 1339 2182 1414 tanquam
2217 1389 2226 1406 ,
2260 1331 2379 1395 hoc
2448 1333 2686 1416 absque

367 1429 521 1510 ipsis
568 1429 705 1492 fieri
751 1430 1070 1513 nequiret.
1163 1428 1344 1493 Licet
1392 1429 1561 1492 enim
1621 1428 2016 1511 principibus
2062 1429 2496 1492 Saecularibus
2541 1450 2686 1493 con·

369 1525 588 1588 venire
650 1525 858 1588 invito
916 1525 1116 1600 cler0,
1180 1529 1245 1588 et
1306 1528 1529 1589 tamen
1591 1525 1724 1588 illic
1772 1526 1924 1588 unio
1986 1525 2124 1587 fieri
2184 1530 2418 1607 posset.
2513 1525 2680 1590 Nam

366 1622 476 1685 ille
522 1620 699 1704 Papa
759 1621 1164 1686 indubitatus
1228 1626 1430 1696 esset,
1495 1621 1595 1686 cui
1661 1643 1884 1685 omnes
1945 1621 2268 1704 principes
2326 1622 2679 1688 obedirent.

367 1716 516 1781 Non
574 1719 758 1782 video
812 1719 1106 1796 clericoS,
1165 1717 1276 1802 qui
1339 1718 1541 1783 velint
1602 1740 1718 1801 pro
1778 1718 1902 1782 ista
1947 1717 2049 1781 vel
2111 1718 2224 1782 illa
2277 1723 2459 1801 parte
2522 1742 2682 1783 niar-

366 1814 609 1897 tyrium
676 1814 904 1880 facere.
1012 1814 1252 1880 Omnes
1317 1815 1485 1879 hanc
1545 1815 1735 1879 fidem
1809 1814 2152 1894 habemuS,
2221 1837 2413 1899 quam
2477 1818 2711 1881 nostri.

365 1912 719 1996 principes,
781 1914 890 1997 qui
931 1913 985 1976 si
1031 1913 1314 1977 colerent
1359 1912 1627 1990 idolum,
1679 1917 1744 1976 et
1792 1935 1909 1978 nos
1953 1913 2323 1978 coleremus
2417 1912 2502 1976 Et
2550 1935 2681 1978 non

364 2009 571 2083 solum
618 2008 858 2092 Papam
904 2009 1014 2073 sed
1060 2009 1392 2074 Christum
1450 2010 1643 2074 etiam
1696 2031 2107 2094 negaremus,
2166 2013 2493 2094 potestate
2551 2033 2684 2074 sae·

365 2105 560 2169 culari
611 2111 904 2190 urgente.
989 2106 1153 2182 Quia
1195 2106 1497 2190 refriguit
1542 2107 1798 2184 caritaS,
1848 2113 1914 2170 et
1957 2108 2165 2171 omnis
2214 2108 2465 2172 interiit
2512 2107 2684 2189 fides,

362 2208 710 2286 utcumque
764 2204 850 2267 sit
906 2226 1125 2287 pacem
1180 2203 1640 2280 desideramus,
1701 2225 1862 2287 quae
1921 2205 2055 2267 sive
2112 2225 2226 2287 per
2281 2203 2453 2268 aliud
2511 2203 2680 2268 Con-

362 2298 576 2363 cilium
644 2300 777 2364 sive
840 2323 954 2382 per
1016 2307 1404 2364 conventum
1479 2299 1837 2382 principum
1902 2299 2120 2377 detur,
2191 2299 2378 2364 nihili
2449 2301 2677 2384 pendo,

363 2394 511 2461 Non
576 2397 749 2460 enim
810 2397 887 2459 de
949 2397 1239 2474 nomine,
1306 2396 1418 2460 sed
1481 2396 1557 2459 de
1619 2419 1688 2460 re
1751 2396 2268 2461 contendendum
2335 2402 2462 2473 est3
2526 2420 2681 2462 voca

360 2516 591 2577 panem
647 2495 703 2559 si
763 2493 973 2578 placet
1037 2494 1340 2578 lapidem,
1400 2497 1463 2558 et
1524 2493 1635 2557 des
1694 2492 1850 2557 mihi
1911 2493 2059 2559 dum
2121 2494 2418 2560 famesco.
2527 2493 2676 2561 Non

361 2597 622 2655 vocetur
666 2591 1052 2668 Concilium,
1109 2596 1373 2657 vocetur
1416 2597 1810 2666 conventus,
1857 2595 2119 2656 vocetur
2170 2592 2678 2670 conciliabulum,

360 2689 804 2772 congregatio,
862 2710 1221 2774 synagoga,
1280 2689 1440 2753 nihil
1497 2690 1800 2766 interest,
1859 2688 2007 2752 dum
2057 2685 2329 2754 schisma
2374 2689 2678 2772 depellat.

361 2783 510 2848 Ideo
555 2785 712 2849 mihi
760 2786 1097 2851 admodum
1142 2787 1385 2871 placet,
1446 2786 1617 2870 quod
1665 2808 1777 2850 rex
1825 2784 2138 2850 Franciae
2184 2788 2440 2865 scribit,
2496 2788 2677 2871 cujus

358 2883 723 2947 sententiae
801 2883 1266 2948 inhaererem.“
1290 2882 1339 2964 ¹)
1454 2884 1756 2959 Quamvis
1828 2884 1896 2947 in
1979 2882 2078 2947 his
2147 2882 2407 2948 Aeneae
2474 2882 2676 2966 Sylvii

359 2978 569 3041 verbis
616 2980 925 3062 quaedam
973 2980 1214 3044 ironice
1262 2980 1434 3045 dicta
1481 2980 1647 3056 sint,
1703 2980 1869 3043 bene
1915 2984 2133 3043 tamen
2184 2980 2495 3043 exhibent
2540 2983 2679 3044 ten·

359 3074 646 3139 dentiam
690 3077 948 3141 illorum
995 3083 1382 3159 temporum,
1428 3099 1624 3160 quum
1676 3076 1988 3160 principes
2037 3098 2114 3140 ex
2143 3076 2456 3141 discordia
2502 3078 2675 3141 inter

361 3170 741 3237 Pontificem
798 3178 864 3238 et
919 3172 1274 3238 Concilium
1336 3195 1451 3237 sua
1513 3171 1841 3238 commoda
1904 3175 1971 3236 in
2032 3173 2492 3238 detrimentum
2556 3173 2674 3237 Ec-

359 3268 587 3333 clesiae
633 3291 1004 3352 promovere
1052 3269 1412 3335 studerent.

535 3420 639 3482 25.
734 3417 1120 3483 Germaniae
1177 3418 1499 3501 principes
1559 3418 1760 3481 veluti
1817 3418 2246 3503 fluctuabant,
2305 3425 2498 3504 atque
2553 3420 2674 3483 mi-

360 3516 460 3578 nis
515 3515 889 3580 defectionis
943 3515 1020 3579 ad
1072 3516 1311 3579 multas
1374 3516 1814 3579 concessiones
1865 3515 2227 3599 Eugenium
2271 3537 2495 3601 cogere
2538 3521 2677 3580 stu-

358 3612 617 3676 debant.
733 3611 1038 3676 Pontifex
1116 3635 1171 3675 a.
1249 3612 1416 3675 1445
1496 3611 2002 3694 archiepiscopos
2081 3611 2527 3692 Coloniensem
2611 3618 2676 3677 et

358 3708 833 3794 Trevirensem‚
898 3710 1011 3792 qui
1069 3708 1546 3772 Basileensibus
1609 3709 1884 3773 maxime
1947 3709 2286 3787 favebant,
2353 3710 2674 3794 dignitate

356 3806 837 3897 suamprivavit3
898 3804 1049 3870 inde
1112 3806 1315 3888 major
1375 3804 1568 3868 etiam
1630 3813 1770 3868 orta
1834 3811 1929 3870 est
1983 3807 2341 3876 animorum
2398 3797 2673 3871 irritatio

357 3909 424 3965 et
493 3908 750 3968 auctum
821 3904 1178 3968 schismatis
1247 3902 1421 3985 pleni
1485 3902 1856 3985 periculum.
1959 3903 2516 3969 Adlaboraverunt
2583 3911 2676 3967 ta-

535 4154 578 4223 1)
618 4157 718 4221 Ep.
758 4157 824 4208 56
864 4156 930 4209 ad
971 4155 1135 4221 Casp.
1176 4154 1412 4209 Schlick.
