3281 5014
692 419 792 471 116
1143 416 1344 470 XXXI.
1382 416 1465 470 De
1506 416 1806 472 abolitione
1844 415 2066 471 Ordinis
2103 417 2549 485 Templariorum.

680 560 963 642 justam,
1023 580 1220 642 quum
1267 557 1666 641 Templarios
1723 557 2100 622 nullatenus
2156 580 2297 623 reos
2357 559 2555 623 fuisse
2613 556 3011 643 censeant.¹)

687 655 917 720 Restat
978 656 1207 741 igitur,
1266 663 1341 718 ut
1403 654 1870 730 examinemus,
1934 654 2087 737 quid
2143 655 2221 720 de
2282 654 2517 739 duplici
2573 655 2693 720 hac
2747 677 3004 721 accusa-

689 752 868 817 tione
914 751 1249 816 dicendum
1298 752 1403 815 sit.

357 886 675 995 “mm
866 901 972 964 33.
1038 898 1219 976 Quod
1286 897 1365 962 ad
1426 897 1822 962 clementem
1886 899 2260 964 Pontificem
2333 899 2602 975 attinet,
2676 899 3005 964 existima-

689 1019 860 1076 mus,
913 1018 1136 1061 revera
1192 1018 1337 1060 eum
1383 996 1451 1058 in
1498 995 1886 1080 quibusdam
1946 996 2224 1080 negotiis
2270 996 2578 1080 obsequio
2624 995 2822 1060 nimio
2865 1017 3004 1060 ces-

689 1093 846 1158 sisse
909 1092 1234 1177 philippe,
1302 1092 1679 1175 praesertim
1742 1091 1810 1155 in
1877 1115 1950 1157 eo
2013 1091 2184 1177 quod
2248 1092 2557 1157 Bonifatii
2628 1093 2999 1157 memoriam

688 1213 822 1256 non
869 1190 1289 1254 vindicaverit
1337 1188 1487 1253 inde
1532 1188 1613 1252 ab
1668 1189 1859 1253 initio
1914 1189 2142 1274 majori
2188 1190 2577 1254 auctoritate
2626 1194 2853 1253 contra
2897 1211 2997 1253 re-

690 1309 862 1373 gem,
931 1286 1229 1371 quodque
1290 1286 1476 1370 plura
1533 1307 1695 1369 quae
1758 1284 2124 1369 Philippum
2179 1286 2554 1371 pungebant
2608 1286 2677 1349 in
2740 1285 3001 1350 Consti-

689 1383 1053 1449 tutionibus
1114 1387 1178 1448 et
1240 1382 1524 1466 epistolis
1591 1381 2093 1447 Praedecessoris
2152 1383 2248 1447 sui
2309 1381 2444 1445 radi
2495 1383 2780 1467 jusserit.
2877 1379 2994 1447 Fe-

684 1481 846 1545 cisse
912 1484 1132 1545 tamen
1205 1478 1361 1543 haec
1429 1478 1615 1543 nobis
1687 1477 1975 1553 videtur,
2050 1477 2217 1564 quod
2280 1479 2688 1561 opinaretur,
2761 1479 2997 1544 honori

685 1576 1004 1643 Ecclesiae
1072 1575 1398 1660 expedire,
1472 1578 1545 1639 ut
1604 1574 1880 1661 juridice
1951 1574 2263 1640 Bonifatii
2330 1576 2703 1640 innocentia
2768 1581 3002 1640 contra

682 1674 1115 1740 accusationes
1165 1671 1499 1755 probetur,
1559 1673 1855 1756 quodque
1910 1672 2284 1737 concordiae
2340 1694 2480 1735 cum
2540 1693 2691 1754 rege
2743 1671 2998 1738 Galliae

681 1769 1022 1856 quaedam,
1077 1769 1269 1834 salvis
1326 1768 1685 1852 principiiS,
1742 1768 2001 1833 concedi
2057 1790 2244 1851 posse
2296 1768 2681 1833 aestimaret.
2775 1768 2988 1833 Etiam

683 1868 954 1932 elevatio
1012 1870 1112 1930 tot
1167 1865 1597 1949 praelatorum
1661 1863 1910 1929 Galliae
1971 1864 2050 1928 ad
2106 1863 2492 1949 dignitatem
2552 1862 2992 1930 Cardinalium

683 1963 1000 2029 Ecclesiae
1060 1961 1255 2025 saluti
1316 1961 1487 2025 haud
1554 1962 1834 2044 proficua
1899 1968 2065 2036 erat;
2140 1960 2252 2024 sed
2317 1961 2435 2026 hac
2498 1962 2565 2025 in
2644 1983 2713 2026 re
2774 1962 2998 2046 potius

680 2060 893 2124 minus
953 2058 1121 2122 felici
1171 2057 1395 2141 judicii
1451 2058 1735 2134 criterio,
1796 2057 2141 2141 animoque
2189 2059 2260 2120 in
2316 2056 2534 2122 Gallos
2588 2059 2779 2122 nimis
2844 2081 2996 2143 pro-

682 2178 903 2241 penSO,
950 2155 1326 2218 Pontificem
1373 2154 1579 2238 egisse
1623 2176 1974 2218 censemus,

854 2306 954 2371 34.
1013 2302 1353 2369 Caeterum
1401 2303 1646 2387 judicia
1690 2304 2009 2368 severiora
2054 2305 2123 2367 in
2170 2302 2566 2368 Clementem
2611 2304 2776 2387 apud
2821 2305 2985 2368 mul-

679 2409 781 2470 tos
845 2413 1136 2467 auctores
1197 2399 1348 2464 inde
1410 2400 1778 2482 provenisse
1842 2400 2167 2479 videntur,
2232 2400 2403 2484 quod
2463 2421 2612 2464 vera
2665 2400 2988 2465 haberent

679 2523 844 2585 quae
893 2497 1136 2563 Villani
1199 2494 1276 2561 de
1340 2497 1481 2579 ejus
1553 2496 1866 2563 electione
1934 2519 2008 2562 ac
2069 2497 2145 2561 de
2208 2497 2411 2580 pactis
2473 2520 2616 2562 cum
2684 2496 2989 2582 Philippo

677 2598 859 2662 initis
929 2597 1235 2660 narravit.
1347 2593 1524 2658 Haec
1586 2615 1743 2657 sane
1809 2593 2044 2678 abjecti
2108 2592 2495 2659 characteris
2559 2595 2986 2678 suspicionem

678 2695 846 2758 ultro
892 2691 1292 2773 excitabant,
1347 2713 1420 2755 ac
1466 2690 1543 2754 de
1590 2689 1922 2755 Clemente
1972 2691 2201 2755 merito
2258 2691 2692 2776 suggerebant
2733 2692 2988 2775 opinio·—

678 2813 858 2868 nem,
915 2811 1090 2866 eum,
1149 2788 1365 2852 servili
1422 2787 1698 2872 quadam
1744 2786 2172 2870 dependentia
2228 2788 2533 2872 ligatum,
2592 2788 2731 2873 regi
2790 2789 2992 2853 fuisse

675 2890 746 2953 in
806 2885 1094 2970 plurimis
1152 2885 1355 2949 docile
1408 2884 1934 2949 instrumentum.
2026 2885 2117 2947 At
2165 2885 2351 2947 istam
2401 2885 2842 2950 narrationem
2888 2885 2985 2949 fa·

678 2985 843 3050 bulis
889 2981 1342 3048 accensendam
1390 3001 1530 3044 esse
1575 3002 1708 3045 non
1756 2985 2014 3044 tantum
2061 2979 2410 3062 probabile,
2456 2982 2566 3045 sed
2611 2982 2805 3065 plane
2850 3002 2988 3046 cer·

676 3087 816 3146 tum
888 3084 1015 3155 est3
1081 3076 1253 3143 unde
1322 3078 1515 3141 etiam
1581 3076 1971 3161 praejudicia
2038 3086 2193 3141 sunt
2262 3078 2644 3162 abjicienda,
2713 3084 2777 3142 et
2846 3078 2987 3144 Cle-

676 3178 913 3244 mentis
969 3180 1154 3261 gesta
1215 3196 1421 3258 aequa
1475 3174 1662 3238 lance
1716 3173 2064 3256 pensanda.
2162 3172 2309 3237 Jam
2365 3197 2515 3239 vero
2571 3176 2776 3239 multa
2826 3176 2986 3240 fecit

676 3274 782 3339 hic
828 3272 1162 3345 Pontifex,
1219 3292 1383 3354 quae
1437 3292 1555 3334 nec
1602 3268 1927 3334 socordem
1979 3292 2096 3335 nec
2148 3272 2223 3335 de
2271 3270 2555 3336 Ecclesia
2599 3273 2811 3336 minus
2857 3274 2985 3336 sol·

678 3373 923 3436 licitum
985 3391 1130 3434 eum
1192 3367 1564 3432 ostendunt.
1654 3365 2071 3430 Conveniunt
2126 3366 2275 3432 dein
2326 3373 2651 3449 auctores,
2702 3370 2770 3432 in
2832 3390 2979 3453 pro-

678 3470 962 3534 motione
1009 3464 1274 3529 Henrici
1306 3462 1452 3527 Vll.
1511 3462 1590 3526 ad
1634 3462 2017 3548 dignitatem
2063 3465 2456 3548 imperialem
2510 3487 2651 3529 eum
2700 3465 2980 3550 Philippi

676 3570 893 3650 partes
951 3562 1324 3626 nullatenus
1379 3582 1514 3625 esse
1569 3564 1891 3638 secutum,
1954 3582 2026 3624 ac
2086 3561 2468 3626 documenta
2521 3562 2711 3626 etiam
2774 3584 2984 3646 nuper

676 3661 877 3739 edita,
945 3658 1179 3743 quibus
1243 3658 1615 3721 continetur
1676 3662 1920 3722 secreta
1983 3660 2212 3723 relatio
2275 3659 2636 3742 legatorum
2698 3658 2982 3742 Philippi

676 3758 755 3822 ad
803 3757 1194 3821 Clementem
1245 3751 1447 3837 (anno
1501 3754 1713 3830 1310),
1761 3753 2132 3832 ostendunt,
2183 3755 2431 3819 virilem
2478 3756 2760 3819 animum
2810 3753 2977 3818 Pon·

676 3854 833 3918 tifiei
879 3872 1010 3915 non
1067 3851 1372 3932 defuisse,
1430 3871 1733 3933 eumque,
1793 3871 1989 3933 quum
2049 3856 2346 3935 ageretur
2391 3851 2467 3914 de
2513 3850 2754 3916 honore
2798 3847 2983 3914 Sedis

676 4147 720 4198 Τ
776 4068 895 4200 ΧΙῙΙ)
931 4067 1114 4200 {gana
1145 4085 1198 4136 g.
1227 4068 1403 4122 Cantu
1436 4067 1565 4121 hist.
1594 4067 1742 4119 univ.
1768 4066 1828 4120 L.
1859 4066 2012 4120 XIII.
2055 4083 2099 4121 c.
2126 4071 2201 4135 6.;
2239 4069 2594 4137 Damberger,
2633 4068 2985 4134 Geschichte,
