3281 5014
837 444 920 499 De
958 443 1461 507 ReservationibuS,
1497 443 1755 511 AnnatiS,
1794 442 2152 498 Commendis.
2539 443 2641 496 231

511 586 614 651 87.
679 585 968 652 Joannes
1030 583 1249 650 XXII.
1322 585 1530 658 varias
1592 586 1834 649 iterum
1898 606 2033 648 non
2098 587 2352 648 tantum
2424 583 2643 648 Cardi·
2702 597 2789 638 Pon
2762 596 2939 667 maces

333 683 622 764 nalibuS,
692 683 803 749 sed
860 683 1055 748 etiam
1114 684 1254 768 aliis
1310 682 1580 767 largitus
1637 685 1739 746 est
1794 681 2226 754 commendas,
2292 681 2398 745 sed
2446 680 2645 744 Bene·
2776 658 2864 699 ⁸¹¹¹·

333 781 612 866 ᾶ-ζρῳξῇ
601 779 747 844 XII.
818 803 991 845 anno
1067 765 1234 845 1335
1299 776 1634 871 reyocavit
1689 797 1906 866 omnes
1966 776 2369 842 commendas
2427 761 2643 859 factas

324 896 449 959 per
506 865 1025 958 praedecessores
1095 894 1247 940 suos
1312 874 1388 939 de
1449 860 1732 938 ecclesiis
1776 861 2269 940 cathedralibus
2329 877 2390 938 et
2452 871 2644 938 abba-

336 971 450 1037 tiis
509 971 1015 1054 quibuscumque
1066 970 1398 1055 personis,
1462 969 1743 1053 exceptis
1801 967 2268 1035 Cardinalibus
2283 1019 2299 1049 ,
2369 988 2647 1051 quorum

335 1068 741 1135 commendas
798 1068 1089 1135 nondum
1147 1066 1587 1148 revocavit.¹)ae
1650 1068 1789 1145 Quo
1847 1069 2294 1145 subinnuitur,
2360 1088 2646 1151 sperasse

339 1166 748 1244 Pontificem,
810 1171 1169 1249 opportune
1231 1166 1426 1230 etiam
1488 1164 1832 1249 aliquando
1891 1188 1929 1229 a
1990 1186 2058 1229 se
2119 1165 2403 1229 revocari
2464 1185 2648 1247 posse

339 1262 741 1328 commendas
812 1261 1267 1328 cardinalium.
1388 1261 1681 1326 Clemens
1736 1260 1848 1326 VI.
1921 1262 2405 1345 episcopatuum
2478 1282 2649 1325 com-

338 1359 601 1424 mendas
676 1381 811 1424 non
871 1358 1126 1424 videtur
1199 1358 1611 1434 concessisse,
1686 1380 1807 1424 nec
1872 1363 2432 1436 commemoratur,
2507 1379 2649 1423 eum

336 1456 406 1519 in
479 1455 935 1521 distribuendis
1015 1455 1404 1519 commendis
1474 1455 1658 1519 valde
1729 1455 1980 1539 largum
2055 1455 2282 1529 fuisse3
2359 1460 2649 1519 attamen

334 1552 754 1617 Innocentius
802 1550 915 1617 VI.
978 1552 1210 1616 iterum
1281 1552 1483 1633 primo
1544 1572 1719 1616 anno
1788 1551 2201 1635 pontificatus
2266 1552 2361 1616 sui
2430 1574 2650 1616 omnes

337 1649 744 1713 commendas
806 1649 1149 1714 revocavit.
1264 1645 1579 1730 Sinqulas
1645 1647 2048 1713 commendas
2119 1647 2196 1712 de
2263 1645 2652 1712 cathedrali-

339 1743 456 1811 bus
502 1743 601 1809 vel
652 1742 808 1810 aliis
852 1742 1129 1809 ecclesiis
1143 1792 1161 1824 ,
1226 1741 1670 1824 monasteriis,
1719 1742 2130 1827 praelaturis
2147 1792 2165 1824 ,
2219 1741 2650 1826 prioratibus,

336 1839 797 1926 diynitatibus,
835 1838 1328 1924 personatibus,
1384 1838 2101 1919 administrationibus,
2151 1838 2413 1921 officiis,
2473 1839 2653 1905 bene-

334 1937 529 2020 ficiis,
608 1937 999 2004 auctoritate
1071 1936 1445 2021 Apostolica
1509 1955 1899 2002 revocamus.
1917 1933 1972 2019 ²)
2091 1937 2365 2021 Excepit
2431 1941 2652 2000 tamen
2696 1984 2749 2050 Χ

341 2038 535 2102 etiam
588 2036 725 2120 ipse
780 2035 1177 2126 Qardinales3
1234 2058 1313 2100 ex
1369 2057 1494 2120 quo
1544 2035 1901 2120 colligitur,
1963 2033 2191 2099 horum
2250 2032 2454 2099 statui
2511 2055 2657 2098 con·

339 2133 629 2199 venienti
687 2133 878 2197 aliter
938 2132 1253 2216 provideri
1310 2153 1444 2197 non
1499 2133 1806 2215 potuisse.
1910 2130 2166 2196 Minora
2212 2131 2405 2197 etiam
2467 2136 2657 2195 erant

339 2229 777 2308 incommoda,
840 2229 1010 2314 quod
1052 2228 1502 2294 cardinalibus
1561 2228 1862 2293 dioecesis
1925 2229 2142 2312 aliqua
2201 2228 2271 2294 in
2337 2249 2657 2293 commen-

340 2327 486 2392 dam
541 2327 823 2393 daretur.
918 2325 1087 2392 Nam
1142 2326 1434 2410 quamvis
1490 2346 1566 2389 ea
1621 2328 1868 2405 aetate,
1930 2323 2187 2408 quando
2244 2325 2474 2409 aliquis
2522 2325 2656 2407 epi-

340 2445 565 2509 scopus
608 2423 689 2487 ad
735 2424 1168 2489 cardinalatus
1214 2423 1600 2509 dignitatem
1644 2422 2163 2505 promorebatur,
2210 2421 2513 2486 dioecesis
2546 2420 2657 2485 ad-

342 2520 894 2587 ministrationem
961 2522 1098 2606 ipse
1161 2521 1486 2586 dimittere
1557 2524 1622 2584 et
1685 2518 1850 2584 alius
1917 2520 2246 2603 episcopus
2306 2519 2377 2583 in
2446 2520 2655 2584 locum

339 2620 541 2702 ipsius
588 2617 919 2682 succedere
965 2619 1233 2695 soleret,
1277 2622 1504 2702 postea
1547 2620 1770 2682 tamen
1791 2666 1806 2695 ,
1865 2617 1962 2680 uti
2010 2623 2075 2681 et
2121 2616 2361 2681 nostris
2406 2616 2658 2695 diebus,

341 2714 719 2780 cardinales
762 2715 1161 2799 episcopatus
1207 2736 1354 2779 suos
1392 2716 1530 2799 jam
1579 2714 1864 2778 retinere
1911 2717 2410 2779 consueverunt.

523 2881 626 2959 88,
703 2878 789 2945 Su
803 2881 1183 2964 bsequentes
1267 2880 1525 2964 quidem
1596 2879 1947 2945 Pontifices
2024 2880 2265 2963 pariter
2339 2901 2661 2944 commen-

342 2978 567 3042 darum
642 2999 826 3041 usum
903 2976 1296 3061 restringere
1370 2981 1873 3055 consueverunt,
1947 2976 2058 3041 sed
2136 2986 2423 3061 tempore
2491 2975 2660 3041 schi-

342 3075 567 3139 smatis
632 3080 699 3139 et
767 3077 1078 3157 sequente
1144 3076 1361 3138 aetate
1425 3072 1633 3138 adhuc
1697 3073 1902 3158 magis
1964 3073 2252 3138 inolevit.
2359 3073 2661 3150 Quamvis

344 3172 515 3236 enim
589 3170 710 3254 ipsi
783 3169 1127 3235 Pontifices
1203 3170 1456 3253 saepius
1538 3174 2017 3254 conquerantur
2090 3170 2168 3235 de
2235 3171 2373 3253 ipso
2442 3191 2661 3234 rerum

344 3271 524 3332 statu
568 3267 939 3350 disciplinae
986 3266 1451 3331 ecclesiasticae
1495 3266 1883 3350 perniciosO,
1941 3271 2163 3332 tamen
2214 3271 2477 3351 propter
2522 3289 2659 3331 ma-

343 3364 558 3428 litiam
619 3367 979 3446 temporum
1045 3361 1213 3427 haud
1268 3367 1652 3446 perventum
1717 3366 1815 3427 est
1878 3363 1959 3427 ad
2019 3365 2158 3448 ejus
2222 3363 2657 3429 abolitionem.

346 3459 617 3544 Singula
675 3459 778 3524 hic
833 3459 1131 3543 persequi
1191 3459 1456 3543 longum
1503 3463 1626 3539 est;
1686 3459 1964 3524 sufficiat
2011 3482 2086 3525 ea
2145 3482 2660 3541 commemorare,

346 3578 508 3640 quae
554 3558 623 3620 in
680 3577 860 3621 sacra
906 3554 1167 3639 Synodo
1213 3554 1598 3620 Tridentina
1653 3555 1774 3620 hac
1819 3557 1897 3621 de
1953 3578 2023 3621 re
2072 3557 2245 3623 fucta
2302 3565 2369 3621 et
2410 3562 2660 3621 statuta

346 3660 519 3718 sunt.
620 3650 753 3735 Ipsi
809 3650 1074 3718 Concilii
1131 3650 1499 3716 Tridentini
1544 3650 1770 3718 Patres
1826 3656 2117 3737 quamvis
2174 3654 2484 3720 desiderio
2542 3653 2655 3717 fia·
2681 3653 2771 3759 Cd¹¹
2744 3655 2996 3759 wilmuff·

348 3755 616 3833 grarent
664 3748 1282 3833 exstinguendarum
1330 3750 1588 3832 penitus
1635 3749 2182 3828 commendarum,
2244 3750 2662 3815 delinimento

345 3852 565 3910 tamen
644 3846 861 3929 aliquo
937 3845 1246 3909 utendum
1324 3844 1447 3909 sibi
1523 3868 1862 3925 censuere,
1939 3847 2339 3914 ineluctabili
2414 3848 2661 3912 incum-

532 4096 573 4162 ¹)
607 4096 692 4149 Ex
716 4095 868 4150 Vitis
904 4095 1190 4151 Benedicti
1229 4113 1313 4165 ap.
1351 4097 1619 4165 Raynald.
1661 4115 1707 4153 a.
1749 4099 1903 4153 1335.
1940 4118 1990 4155 n.
2030 4102 2115 4154 67.

527 4174 576 4243 2)
612 4174 676 4228 V.
715 4175 982 4243 Raynald.
1025 4192 1072 4230 a.
1114 4178 1268 4232 1353.
1310 4194 1360 4231 n.
1400 4179 1484 4230 32.
