3281 5014
1273 460 1355 515 De
1393 459 1751 514 CommendiS.
2556 461 2659 512 219

339 602 822 685 fungebantur,
887 623 993 666 eas
1053 603 1668 667 commendaverunt
1725 601 1918 666 vicini
1980 600 2355 666 monasterii
2417 600 2661 665 abbati·

346 699 493 776 bus,
553 698 660 783 qui
725 700 996 764 istarum
1056 698 1459 763 ecclesiarum
1520 704 1869 781 proventus
1933 698 2274 779 haberent,
2336 698 2660 781 presbyte-

342 817 449 860 ros
515 817 630 878 pro
701 817 880 860 sacro
944 796 1014 859 in
1089 796 1179 860 eis
1251 795 1607 859 ministerio
1677 795 1962 870 alerent,
2044 800 2109 858 et
2177 795 2659 877 reparationum

341 898 639 975 sumptus
704 892 1009 957 facerent.
1125 890 1230 956 Ita
1300 888 1363 955 S.
1431 890 1784 975 Gregorius
1849 890 1937 956 M.
2009 890 2112 969 (L.
2179 890 2293 954 III.
2362 912 2460 974 ep.
2529 889 2659 972 18.)

342 988 675 1053 ecclesiam
735 987 799 1052 S.
858 987 1185 1053 Pancratii
1247 987 1722 1053 commendavit
1782 988 2012 1052 Mauro
2067 988 2286 1052 abbati
2346 994 2660 1052 monaste·

345 1086 425 1149 rii
493 1085 837 1149 vicinioris
938 1083 1295 1149 Ecclesiam
1368 1081 1432 1148 S.
1490 1081 1867 1162 Pancratii‚
1933 1085 2026 1150 ait
2097 1084 2430 1160 Pontifex,
2498 1103 2661 1164 quae

340 1183 488 1245 erat
535 1178 873 1244 commissa
909 1179 1331 1263 presbyteria
1376 1180 1754 1262 frequenter
1799 1180 2152 1264 neylectam
2194 1179 2402 1262 fuisse
2437 1201 2660 1263 coyno·

342 1276 575 1341 vimus
638 1326 652 1341 .
716 1328 730 1343 .
791 1325 804 1339 .
893 1276 978 1340 Te
1046 1276 1367 1343 Mauram
1435 1275 1729 1341 abbatem
1787 1276 2202 1359 providimus
2259 1296 2660 1359 praeponen-

340 1373 527 1451 dum,
596 1376 953 1438 statuentes
1015 1377 1091 1439 ut
1160 1378 1372 1438 terras
1433 1373 1783 1455 praefatae
1864 1373 2157 1439 ecclesiae
2225 1377 2285 1437 et
2353 1371 2662 1455 quicquid

337 1469 500 1535 illuc
543 1468 896 1535 intraverit
941 1469 1265 1535 antedicto
1321 1475 1433 1535 tuo
1479 1469 1874 1535 monasterio
1920 1469 2141 1536 debeat
2196 1469 2534 1553 applicari.
2565 1520 2578 1533 .
2605 1519 2658 1535 ..

343 1565 778 1650 Pereqrinum
823 1565 959 1631 illic
1002 1566 1226 1631 debeas
1271 1565 1575 1632 adhibere
1609 1565 2096 1648 presbyterum,
2159 1565 2273 1648 qui
2318 1586 2657 1631 sacrarum

337 1662 696 1728 missarum
746 1662 956 1746 possit
1002 1662 1315 1728 solemnia
1361 1662 1696 1728 celebrare.
1792 1663 1993 1743 Quem
2041 1668 2256 1729 tamen
2302 1667 2363 1728 et
2407 1663 2480 1729 in
2526 1685 2656 1728 mo-

339 1758 634 1825 nasterio
680 1762 792 1825 tuo
838 1757 1137 1824 habitare
1182 1764 1242 1824 et
1288 1759 1520 1825 exinde
1563 1759 1739 1824 vitae
1795 1758 2089 1825 subsidia
2134 1758 2366 1824 habere
2411 1779 2658 1825 necesse

338 1860 451 1921 est.
546 1856 842 1922 Vicissim
905 1864 1166 1940 propter
1224 1858 1683 1923 monachorum
1746 1858 2058 1923 incuriam
2115 1857 2414 1923 abbatiae
2459 1880 2658 1943 quan·

338 1955 547 2038 doque
595 1952 1213 2019 commendabantur
1258 1952 1647 2039 episcopis.¹)

521 2121 623 2186 75.
695 2121 905 2186 Justis
963 2121 1165 2206 igitur
1217 2119 1295 2186 de
1353 2122 1561 2187 causis
1615 2122 2026 2187 commendae
2081 2127 2236 2186 sunt
2288 2121 2653 2196 institutae,

336 2224 405 2282 et
452 2219 711 2302 quando
757 2222 1019 2301 propter
1064 2240 1285 2284 causas
1323 2219 1537 2301 justas
1582 2218 1848 2293 dantur,
1896 2218 2157 2282 minime
2199 2218 2655 2302 improbandae

336 2324 515 2381 sunt.
608 2313 882 2392 Verum,
949 2313 1480 2399 quemadmodum
1539 2317 1608 2379 in
1669 2315 1860 2378 rebus
1920 2313 2217 2379 humanis
2280 2315 2656 2398 contingere

337 2412 534 2495 solet,
578 2412 648 2475 in
695 2411 863 2476 hanc
907 2434 1040 2476 rem
1088 2433 1343 2497 quoque
1380 2411 1623 2502 abusus
1665 2412 2079 2495 irrepserunt.
2171 2411 2437 2488 Quando
2484 2412 2655 2476 enim

339 2510 599 2574 saeculo
656 2507 768 2573 VI.
841 2514 905 2573 et
979 2507 1279 2593 deinceps
1354 2506 1673 2592 principes
1747 2509 1893 2573 laici
1969 2515 2036 2574 et
2123 2531 2417 2592 proceres
2488 2509 2656 2573 bona

339 2607 772 2672 ecclesiastica
841 2605 1147 2670 invadere
1213 2612 1595 2689 coeperunt,
1670 2604 1791 2689 ipsi
1863 2611 2183 2671 certarum
2252 2606 2654 2670 ecclesiarum

340 2712 409 2767 et
451 2704 859 2767 abbatiarum
909 2708 1260 2786 proventus
1309 2702 1845 2767 commendarunt
1900 2724 2033 2766 non
2080 2708 2339 2768 tantum
2390 2704 2656 2779 clericis,

338 2800 451 2865 sed
509 2799 705 2864 etiam
761 2799 936 2864 laicis
993 2799 1071 2862 de
1126 2798 1455 2883 republica
1510 2799 1672 2863 bene
1731 2799 2005 2882 meritis„
2067 2800 2443 2883 praesertim
2491 2800 2652 2863 mili·

338 2898 543 2974 tibus,
609 2896 710 2959 vel
772 2896 852 2960 ad
915 2896 1384 2979 compensanda
1448 2917 1667 2960 eorum
1735 2895 1996 2973 merita,
2063 2897 2166 2960 vel
2231 2903 2305 2961 ut
2363 2918 2514 2981 opes
2577 2898 2656 2961 ad

341 2994 580 3058 bellum
640 2992 993 3077 gerendum
1053 2986 1391 3057 haberent.
1500 2991 1666 3057 Inde
1727 2993 1909 3075 origo
1969 2993 2490 3058 commendaram
2548 2994 2657 3057 lai·

340 3113 558 3157 carum
619 3094 684 3154 et
745 3089 1146 3165 militarium,
1218 3111 1383 3173 quae
1444 3089 1738 3172 gravium
1794 3090 2105 3153 malorum
2167 3094 2388 3174 atque⁴
2421 3089 2655 3153 abusu-

340 3210 451 3252 um
514 3207 745 3251 causae
807 3186 1219 3251 exstiterunt.
1330 3183 1496 3249 Nam
1566 3186 1635 3249 in
1703 3186 1981 3250 ecclesiis
2054 3190 2117 3250 et
2176 3186 2454 3251 abbatiis
2515 3187 2657 3250 istis

340 3284 518 3349 laicis
571 3289 637 3347 et
688 3283 1002 3346 militibus
1061 3281 1552 3359 commendatis,
1609 3282 1845 3364 passim
1903 3281 2122 3345 divina
2175 3282 2386 3348 officia
2445 3289 2510 3347 et
2556 3291 2659 3346 sa-⁴

340 3403 517 3445 crum
569 3379 995 3445 ministerium
1052 3378 1583 3462 negligebantur,
1644 3378 1981 3462 disciplina
2034 3379 2389 3443 monastica
2444 3384 2509 3443 et
2554 3401 2655 3442 re-

337 3477 586 3562 gularis
632 3475 1043 3541 observantia
1092 3474 1598 3540 collabebantur.

524 3642 624 3707 76.
676 3641 956 3706 Pravum
998 3641 1200 3705 istum
1246 3661 1486 3704 morem
1536 3639 1811 3704 Romani
1855 3638 2203 3705 Pontifices
2250 3644 2445 3725 atque
2493 3639 2654 3704 Con·

342 3740 490 3804 cilia
534 3739 661 3803 illis
718 3737 1115 3821 temporibus
1172 3737 1396 3801 habita
1451 3758 1708 3819 prorsus
1763 3736 1989 3801 tollere
2033 3737 2449 3817 studuerunt,
2507 3758 2652 3820 ope·

338 3857 604 3920 ramque
645 3834 961 3899 dederunt
1007 3834 1254 3915 sedu10‚
1308 3840 1384 3897 ut
1429 3832 1709 3897 ecclesiis
1770 3837 1835 3896 et
1891 3835 2296 3898 monasteriis
2343 3833 2509 3898 bona
2556 3856 2653 3896 re·

339 3935 799 4010 stituerentur3
867 3930 1037 4014 quod
1098 3931 1409 4014 paulatim
1466 3929 1768 3994 effectum
1833 3934 1948 3994 est.
2057 3928 2327 3995 Sublato
2387 3930 2652 3995 tandem

527 4189 567 4255 ¹)
605 4189 671 4244 V.
702 4189 1045 4245 Thomassin.
1101 4191 1227 4245 Vet.
1255 4196 1311 4245 et
1336 4206 1461 4244 nov.
1491 4189 1639 4244 Eccl.
1680 4188 1895 4256 discipl.
1923 4189 1985 4242 P.
2016 4188 2088 4241 H.
2126 4189 2186 4242 L.
2214 4187 2315 4241 111.
2352 4188 2409 4242 C.
2439 4188 2506 4242 X.
2535 4204 2649 4257 sqq.

2736 2131 2928 2177 Abusus.
