3281 5014
1120 448 1201 502 De
1240 447 1404 501 Bulla
1441 446 1524 501 Ne
1552 451 1877 517 praetereat.
2543 449 2648 501 203

333 593 435 655 nis
478 589 701 654 XXII.
748 613 801 655 c.
849 612 905 653 a.
959 542 1129 652 1334
1174 612 1211 653 a
1259 588 1502 654 Guelfis
1548 589 1776 654 Italiae
1834 590 1967 654 suis
2015 590 2263 655 nuntiis
2314 589 2650 654 Avenione

328 687 714 772 degentibus
761 687 1134 751 transmissa
1181 683 1384 768 fuit.¹)

512 837 615 901 57.
682 835 875 900 Hisce
941 834 1335 900 documentis
1400 834 1583 898 valde
1647 835 1864 910 affinis
1929 838 2027 899 est
2088 833 2279 898 Bulla
2340 833 2650 918 quaedam

329 933 574 999 Joanni
614 931 836 997 XXII.
899 931 1222 1015 adscripta
1283 929 1383 995 Ne
1433 934 1829 1013 praetereat,
1893 954 2020 1016 qua
2083 953 2120 995 a
2179 930 2488 996 Pontifice
2551 952 2651 994 re-

334 1052 483 1094 vera
539 1026 735 1096 Italia
797 1052 835 1091 a
891 1050 1093 1113 regno
1157 1033 1223 1093 et
1281 1028 1547 1112 imperio
1605 1025 1990 1092 Germaniae
2049 1031 2401 1110 separatur.
2496 1026 2649 1109 Pro-

334 1132 664 1210 ponuntur
711 1126 917 1210 primo
976 1126 1044 1190 in
1092 1125 1311 1189 eadem
1361 1125 1604 1190 motiva
1661 1124 1971 1209 ejusmodi
2025 1124 2301 1203 decreti,
2363 1123 2649 1207 deprom-

335 1228 445 1307 pta
493 1246 568 1289 ex
618 1222 801 1287 malis
847 1244 1008 1306 quae
1055 1223 1248 1286 variis
1306 1221 1702 1305 temporibus
1759 1242 1837 1283 ex
1883 1220 2157 1304 Imperio
2214 1220 2648 1303 provenerint,

331 1326 402 1386 et
448 1321 766 1384 recensita
812 1318 890 1382 ad
937 1318 1203 1382 verbum
1251 1318 1386 1384 fere
1431 1319 1527 1383 uti
1584 1320 1654 1382 in
1703 1314 2263 1382 Instructionibus
2313 1318 2449 1400 jam
2497 1317 2650 1380 cita·

331 1418 418 1484 tis
479 1419 962 1481 enumerantur.
1064 1414 1232 1479 Dein
1288 1438 1438 1481 vero
1489 1414 1797 1479 Pontifex
1860 1414 2184 1478 decretum
2245 1435 2427 1477 suum
2477 1412 2649 1477 hisce

333 1514 542 1578 verbis
591 1513 922 1577 enuntiat:
984 1509 1158 1591 Quia
1203 1510 1415 1593 iyitur
1459 1511 1603 1593 ipsa
1660 1529 1859 1574 causa
1910 1506 2352 1574 institutionis
2398 1512 2457 1572 et
2503 1528 2646 1572 con·
2713 1501 2959 1604 Dgffigssfn'

329 1607 723 1674 servationis
780 1606 1059 1689 Imperii
1122 1607 1392 1672 cessavit
1454 1613 1514 1672 et
1575 1605 1794 1685 desiit,
1870 1604 2030 1687 quin
2092 1604 2338 1687 potius,
2412 1608 2486 1670 ut
2545 1602 2645 1668 de-

332 1705 545 1771 clarat
609 1708 899 1782 eventus,
968 1704 1042 1769 in
1112 1704 1475 1787 oppositum
1543 1724 1606 1768 se
1666 1701 2005 1781 convertit,
2076 1700 2242 1780 Nos,
2312 1701 2399 1766 ad
2461 1721 2647 1782 quem

329 1800 600 1885 speciali
664 1800 1136 1884 praeroyativd
1202 1800 1491 1883 pertinet
1573 1804 1636 1864 et
1698 1797 2223 1883 praeeminentia
2285 1796 2647 1880 potestatis,

330 1898 594 1963 evellere
653 1901 847 1979 atque
908 1897 1265 1977 destruere,
1316 1896 1624 1980 plantare
1684 1901 1746 1961 et
1804 1894 2173 1975 aedificare,
2236 1893 2521 1959 dividere
2576 1914 2652 1959 ac

331 1994 556 2074 unire,
621 1995 697 2059 de
758 1989 1225 2076 omnipotentia
1287 1992 1527 2060 summi
1579 1991 1837 2073 Patris,
1900 1997 1961 2057 et
2016 1992 2452 2075 apostolorum
2511 1989 2653 2075 ejus

336 2090 522 2158 Petri
567 2095 628 2155 et
673 2090 877 2156 Pauli
922 2111 1031 2173 spe
1076 2095 1252 2156 certa
1299 2090 1549 2171 confisi,
1609 2110 1959 2171 eorumque
2017 2088 2263 2155 muniti
2311 2087 2648 2171 suffrayiO,

330 2188 410 2254 de
453 2188 748 2271 fratrum
794 2191 1168 2253 nostrorum
1201 2187 1485 2268 consilio,
1534 2207 1806 2252 assensu
1837 2206 2161 2270 perpensa
2194 2184 2651 2250 deliberatione

329 2284 622 2366 firmato,
692 2304 772 2348 ex
821 2282 1209 2366 praemissis
1261 2283 1768 2349 rationabilibus
1832 2284 2048 2348 causis
2109 2286 2168 2347 et
2228 2281 2412 2363 aliis,
2486 2301 2650 2364 quas

323 2379 785 2464 praesentibus
847 2379 1053 2446 inseri
1117 2384 1327 2445 mater
1396 2380 1736 2446 oblivionis
1790 2380 2150 2464 prolixitas
2218 2400 2351 2445 non
2418 2377 2648 2457 suasit,

330 2477 739 2562 provinciam
795 2476 1038 2544 Italiae
1099 2476 1179 2544 ab
1240 2477 1452 2544 eodem
1511 2477 1786 2562 imperio
1848 2482 1909 2544 et
1967 2499 2166 2561 reqno
2219 2473 2650 2543 Alamanniae
2741 2497 2810 2600 54

334 2575 626 2641 totaliter
670 2575 1019 2641 eximentes
1072 2575 1285 2658 ipsam
1331 2576 1411 2641 ab
1458 2575 1876 2659 subjectione,
1933 2574 2394 2641 communitate
2439 2578 2500 2641 et
2530 2573 2647 2655 ju·

335 2672 715 2739 risdictione
754 2673 1120 2738 eorumdem
1165 2672 1356 2756 reyni
1400 2677 1462 2737 et
1505 2671 1771 2756 imperii
1816 2692 2226 2755 separamus,
2274 2669 2646 2751 dividimus,

325 2790 450 2853 per
493 2773 722 2853 partes
782 2769 1171 2850 scindimus,
1243 2789 1319 2835 ac
1381 2769 1457 2833 de
1507 2769 1853 2853 potestatis
1923 2773 2186 2834 nostrae
2234 2766 2647 2851 plenitudine

333 2865 689 2932 liberamus
734 2866 1169 2946 decernentes,
1225 2869 1302 2932 ut
1346 2865 1528 2931 nullo
1573 2886 1866 2948 unquam
1919 2871 2199 2949 tempore
2245 2864 2644 2947 conjunqan-

333 2967 449 3029 tur
493 2966 554 3027 et
595 2961 949 3042 uniantur,
1007 2967 1125 3029 aut
1167 2961 1421 3039 inuno
1467 2983 1729 3045 corpore
1780 2962 2052 3028 existere
2097 2966 2507 3040 censeantur,
2567 2979 2645 3023 ex

332 3080 405 3125 eo
431 3059 805 3143 praecipue,
857 3059 1025 3141 quod
1052 3079 1275 3125 earum
1317 3060 1818 3143 provinciarum
1865 3058 2058 3141 lonya
2088 3058 2455 3142 diffusaque
2491 3079 2646 3141 pro-

333 3156 536 3221 tentio
582 3155 676 3221 sic
720 3155 1067 3239 confundit
1111 3160 1172 3221 et
1214 3156 1484 3239 impedit
1528 3156 1733 3222 unius
1784 3155 2126 3239 reynantis
2157 3154 2647 3238 jurisdictionis

330 3257 395 3318 et
434 3252 935 3337 yubernationis
979 3252 1289 3337 effectum,
1339 3253 1506 3336 quod
1549 3253 1847 3336 ipsarum
1895 3272 2057 3319 cura
2098 3252 2399 3335 perplexe
2443 3252 2644 3337 neyli-

328 3347 551 3432 qitur,
621 3353 683 3415 et
740 3349 895 3415 dum
948 3348 1339 3433 imperantis
1402 3349 1667 3416 animus
1729 3349 1815 3415 ad
1875 3350 2085 3415 multa
2147 3348 2495 3430 dividitur,
2561 3349 2648 3415 ad

331 3445 600 3529 sinqula
653 3467 770 3529 per
827 3467 1214 3530 consequens
1272 3447 1674 3526 minoratur,
1730 3446 1808 3511 de
1859 3446 2176 3530 reqimine
2224 3450 2284 3510 et
2323 3445 2645 3529 quberna·

331 3541 538 3623 tione,
599 3563 744 3608 cum
792 3543 1213 3627 providentia
1269 3544 1444 3628 reqis
1501 3538 1754 3609 aeterni
1813 3548 1873 3608 et
1929 3542 2293 3609 eorumdem
2349 3542 2644 3624 fratrum

332 3643 710 3704 nostrorum
755 3639 1022 3705 consilio
1069 3644 1128 3705 et
1173 3640 1631 3705 deliberatione
1676 3641 1946 3706 solemni
1988 3640 2246 3706 cautius
2284 3640 2643 3722 provisuri,

328 3755 411 3800 ac
453 3735 855 3801 declarantes
898 3757 1172 3819 reynum
1210 3736 1623 3820 praedictum
1659 3737 2088 3803 Alemanniae
2128 3757 2169 3801 a
2195 3757 2393 3820 reqno
2425 3736 2642 3802 Fran-

330 3831 470 3896 ciae
516 3831 715 3897 claris
759 3831 1081 3915 distinqui
1127 3833 1427 3898 terminis
1472 3838 1532 3898 et
1576 3833 1752 3899 notis
1794 3832 2037 3914 finibus
2084 3832 2365 3899 limitari
2410 3832 2643 3898 distin-

515 4102 556 4172 1)
593 4104 930 4159 Documenta
979 4103 1113 4157 haec
1149 4103 1429 4171 publicata
1477 4103 1629 4159 fuere
1664 4080 1816 4159 ¹hisce
1864 4104 2022 4159 annis
2070 4120 2154 4171 ap.
2192 4104 2451 4170 Bonaini,
2500 4104 2642 4157 Acta

327 4180 559 4236 Henrici
587 4181 738 4250 VII.;
779 4182 821 4235 I.
862 4185 980 4236 232.
1054 4181 1366 4238 Florentiae
1411 4186 1560 4236 1877.
