3281 5014
618 413 687 464 78
1070 409 1274 464 XXXI.
1312 411 1395 464 De
1432 411 1731 466 abolitione
1768 411 1989 466 Ordinis
2028 412 2472 480 Templariorum.

617 549 925 616 Pontifex
982 573 1134 616 usus
1192 557 1292 617 est
1335 553 1403 616 in
1450 558 1591 619 toto
1644 554 1770 617 isto
1815 555 2110 637 negotio,
2170 555 2415 618 varium
2465 564 2566 618 est
2602 552 2931 639 judicium.

619 647 751 711 Alii
796 648 997 725 enim,
1056 649 1150 712 uti
1212 654 1382 714 certe
1426 650 1492 714 in
1553 650 1843 733 pluribus
1907 651 2214 734 negotiis,
2276 651 2368 715 ita
2427 651 2622 715 etiam
2680 650 2800 715 hac
2858 646 2930 715 in

618 766 686 807 re
733 745 1006 808 nimium
1052 766 1194 809 eum
1238 746 1612 811 existimant
1657 746 1921 811 cessisse
1967 746 2296 831 Philippo,
2353 748 2462 831 qui
2512 748 2695 812 bonis
2740 747 2932 812 Tem-

619 841 967 923 plariorum
1011 842 1414 925 acquirendis
1457 842 1781 926 inhiabat3
1838 843 1949 907 alii
1994 865 2144 907 vero
2187 849 2487 919 censent,
2533 843 2653 908 hoc
2698 845 2766 907 in
2816 864 2931 907 ne·

619 938 798 1022 gotio
842 935 1222 1002 Pontificem
1283 939 1496 1022 potius
1553 941 1920 1004 constantia
1975 940 2251 1025 quadam
2308 946 2376 1005 et
2434 941 2739 1004 firmitate
2777 962 2930 1005 con—

618 1034 922 1098 veniente
984 1035 1121 1119 regi
1180 1034 1540 1113 obstitisse,
1602 1040 1798 1120 atque
1852 1038 1946 1101 ita
2007 1040 2226 1102 omnia
2278 1042 2596 1122 quantum
2658 1040 2933 1121 poterat,

620 1131 1020 1213 disposuisse,
1066 1133 1165 1196 uti
1203 1132 1504 1215 justitiae
1537 1138 1606 1196 et
1635 1133 1950 1216 aequitati
1983 1156 2334 1199 consonum
2367 1139 2522 1198 erat.
2573 1171 2660 1181 —
2703 1134 2928 1197 Anim-

620 1227 1082 1292 advertendum
1131 1250 1322 1313 porro
1371 1235 1496 1310 est,
1548 1229 1895 1294 recentiori
1953 1239 2239 1314 tempore
2295 1232 2483 1315 plura
2530 1235 2785 1313 reperta
2830 1230 2932 1293 vel
3050 1219 3056 1224 ⁹

618 1324 897 1407 primum
943 1324 1268 1407 publicata
1324 1347 1462 1389 esse
1508 1326 1894 1390 documenta
1938 1329 2154 1411 magni
2199 1328 2508 1393 momenti
2553 1327 2633 1390 ad
2677 1347 2933 1391 causam

619 1420 1131 1505 Templariorum
1198 1421 1701 1505 dijudicandam,
1766 1425 2045 1507 indeque
2081 1424 2347 1488 'factum
2418 1445 2588 1502 esse,
2659 1429 2734 1488 ut
2790 1445 2933 1487 eru·

619 1517 737 1581 diti
800 1518 1004 1582 nostri
1065 1519 1368 1602 temporis
1433 1520 1873 1603 quaestionem
1938 1521 2105 1585 hanc
2166 1521 2375 1585 denuo
2440 1520 2662 1584 multis
2732 1520 2930 1585 discu-

619 1614 810 1678 tiant.
902 1612 996 1679 Ut
1041 1637 1192 1681 vero
1237 1638 1377 1680 eam
1433 1616 1686 1700 plenius
1732 1620 1798 1681 et
1854 1618 2215 1682 accuratius
2264 1620 2546 1681 tractare
2599 1616 2934 1700 possimne,

622 1712 1049 1776 necessarium
1096 1713 1238 1787 erit,
1286 1714 1479 1777 etiam
1525 1713 1686 1778 alios
1734 1713 2044 1796 quosdam
2086 1719 2358 1779 eventus
2404 1717 2763 1796 temporum
2797 1712 2937 1777 Cle·

623 1809 857 1873 mentis
888 1807 971 1873 V.
1019 1807 1436 1874 considerare.

304 1925 560 2028 cssffiggffi
690 1959 691 1964 κ
742 1915 745 1918 ’
799 1924 861 1989 2.
926 1913 1288 2003 Scriptores
1342 1922 1684 2005 praecipui
1740 1925 1861 2007 qui
1912 1923 2034 1987 hac
2091 1923 2161 1987 in
2224 1922 2598 2007 quaestione
2643 1901 2937 2005 ‘possunt

565 2016 577 2027 ’
624 2021 872 2085 consuli
917 2024 1102 2084 sunt:
1161 2019 1553 2102 Raynaldus,
1602 2019 1898 2085 Annales
1943 2040 2001 2083 a.
2047 2016 2503 2086 1305—1314.
2554 2055 2637 2062 —--
2683 2016 2937 2083 Natalis

624 2116 1019 2194 Alexander,
1093 2114 1268 2181 Hist.
1328 2115 1467 2180 eccl.
1532 2136 1690 2181 saec.
1753 2115 1872 2181 XI
1878 2116 1942 2179 V.
2008 2115 2286 2182 Dissert.
2346 2115 2445 2179 10.
2510 2135 2654 2179 cum
2717 2117 2934 2179 annot.

625 2211 871 2298 Mami.
926 2249 1011 2288 -ε
1068 2211 1324 2294 Palma,
1386 2211 1698 2277 Praezect.
1750 2212 1836 2277 H.
1883 2211 1968 2277 Ε.
2026 2211 2093 2276 Τ.
2143 2210 2283 2294 ΙΙΙ.
2335 2233 2407 2294 p.
2451 2210 2550 2277 II.
2607 2232 2653 2277 c.
2704 2209 2803 2274 12.
2851 2247 2938 2255 —

630 2312 896 2394 Dupuy,
956 2307 1252 2373 Histoire
1304 2308 1382 2372 de
1440 2308 1506 2373 la
1560 2308 2064 2375 condamnation
2119 2308 2229 2391 des
2287 2307 2654 2391 Templiers.
2733 2306 2938 2377 ‚Paris

642 2408 869 2472 1650„
936 2405 1269 2470 Bruxelle‘s
1339 2407 1522 2471 1751.
1591 2402 1712 2482 -J
1746 2406 2029 2488 Wilcke‚
2092 2403 2463 2470 Geschichte
2521 2404 2631 2469 des
2692 2402 2940 2482 Ordens

623 2504 738 2569 der
791 2501 1315 2592 Tempelherren„
1374 2502 1577 2569 Nebst
1594 2501 1884 2585 -Bericht
1927 2501 2089 2568 iiber
2133 2501 2309 2567 seine
2347 2500 2808 2586 Beziehunqen
2852 2520 2938 2566 zu

625 2600 751 2666 den
796 2597 1272 2685 Freimaurern
1313 2599 1453 2665 und
1495 2599 1618 2666 den
1662 2620 1910 2666 ‘neuern
1958 2598 2232 2665 Pariser
2280 2598 2636 2682 Templer‘n.
2711 2599 2826 2665 Ed.
2874 2598 2937 2677 2.

626 2698 818 2777 Halle
874 2697 1038 2761 1860
1093 2695 1260 2781 (cum
1311 2696 1621 2781 Catalogo
1668 2702 2003 2762 auctorum
2059 2698 2171 2781 qni
2231 2697 2309 2762 de
2356 2696 2739 2780 Templariis
2790 2718 2938 2781 ege·

625 2791 830 2877 runt).
895 2830 982 2840 —
1045 2793 1337 2872 Giirtler,
1415 2793 1722 2858 Historia
1805 2792 2341 2874 Templariorum.
2474 2791 2938 2876 Amstelodami

626 2891 817 2956 1692.
850 2927 935 2936 —
968 2889 1065 2955 De
1097 2889 1426 2968 Hammer,
1474 2888 1870 2972 Mysterium
1902 2888 2295 2972 Baphometi
2338 2888 2667 2954 detectum.
2745 2889 2940 2970 Vien-

624 3009 749 3076 nae
808 2988 975 3051 1818
1029 2984 1274 3075 (Mines
1334 2988 1412 3052 de
1459 2987 1764 3063 l'Orient,
1827 2987 1902 3052 Τ.
1937 2985 2099 3068 VI.).
2159 3024 2247 3032 —-
2306 2986 2642 3061 Michelet,
2704 2984 2940 3050 Ρνοοὲε

623 3082 735 3148 des
789 3082 1169 3166 TemplierS,
1232 3084 1304 3149 Τ.
1352 3084 1404 3149 Ι.
1456 3084 1642 3149 1841.
1702 3083 1776 3149 Τ.
1830 3084 1908 3150 11.
1963 3085 2147 3149 1851.
2205 3083 2410 3148 Paris.
2470 3119 2555 3128 —-
2612 3082 2937 3162 Boutaric,

628 3178 918 3246 Cle'ment
962 3179 1029 3258 V,
1074 3178 1626 3263 Plzilippe-le-Bel
1651 3184 1712 3243 et
1756 3178 1844 3261 les
1906 3177 2279 3263 Templier8‚
2329 3176 2554 3245 Revue
2592 3179 2702 3245 des
2750 3200 2940 3262 ques-

627 3370 726 3422 par
761 3354 842 3407 les
881 3354 1152 3407 ecrivains
1190 3353 1644 3422 ecclesiastiques.
1719 3354 1821 3409 Ces
1860 3353 2133 3409 ecrivains
2188 3360 2286 3408 ont
2321 3352 2415 3407 fini
2453 3369 2556 3420 pai·
2592 3345 2942 3419 comprendre

612 3432 766 3501 *qu’il
799 3432 984 3487 fallait
1021 3433 1229 3487 choisir
1265 3438 1423 3488 entre
1459 3434 1515 3487 la
1551 3433 1872 3501 culpabilite
1918 3433 2014 3487 des
2052 3437 2276 3486 accuses
2323 3438 2380 3486 et
2429 3431 2577 3485 celle·
2603 3432 2671 3485 de
2707 3429 2941 3499 l'Eglise

628 3512 719 3579 qui
763 3512 844 3566 les
878 3528 927 3565 ¹a
962 3511 1313 3566 condamnes:
1362 3510 1444 3565 les
1480 3513 1747 3579 premiere
1793 3528 1862 3566 ne
1915 3515 2155 3580 peuvent
2202 3514 2317 3566 etre
2356 3509 2599 3564 declares
2634 3509 2943 3570 innocente,

629 3606 758 3645 sans
809 3606 912 3657 que
949 3590 1094 3644 leurs
1139 3589 1306 3657 juges
1334 3589 1534 3644 ‚soient
1576 3606 1844 3645 reconnus
1891 3589 2234 3659 coupables.“
2307 3589 2390 3643 La
2435 3588 2682 3643 doctrine
2725 3590 2945 3645 ,secrete

626 3671 723 3725 des
761 3669 1094 3737 Templiers,
1140 3684 1237 3736 par
1272 3669 1344 3722 M.
1381 3668 1682 3724 Loiseleur.
1754 3669 1917 3723 Paris
1954 3662 2203 3734 Dur-and,
2256 3670 2412 3723 1872.
2461 3695 2524 3703 —
2575 3667 2828 3722 Nescivit
2861 3666 2943 3721 vi·

628 3748 829 3804 delicet
867 3748 955 3803 hic
993 3752 1199 3814 auctor,
1239 3748 1542 3816 scriptores
1590 3748 1994 3804 ecclesiasticos
2041 3747 2346 3817 generatim
2383 3762 2552 3815 usque
2590 3748 2661 3800 ad
2696 3742 2943 3814 tempora

626 3828 936 3883 recentiora
972 3827 1312 3896 Templarios
1342 3827 1623 3895 judicasse
1671 3843 1795 3882 reos
1834 3833 1892 3882 et
1929 3826 2124 3881 merito
2163 3841 2505 3895 suppressos.
2577 3826 2778 3880 Eorum
2812 3839 2941 3879 cau·

626 3922 745 3961 sam
781 3906 964 3974 potius
1010 3907 1137 3961 inde
1174 3922 1208 3960 a
1245 3908 1461 3961 saeculo
1507 3906 1694 3974 elapso
1735 3905 2010 3961 mediante
2060 3910 2417 3974 susceperunt
2452 3905 2835 3959 Protestantes
2881 3910 2941 3958 et

627 3985 1051 4052 Rationalistae,
1091 3985 1217 4040 dein
1253 3986 1420 4040 etiam
1455 3985 1595 4040 varii
1635 3984 1925 4039 Catholici.
1998 3985 2103 4039 Sed
2146 3983 2416 4039 immerito
2452 3983 2637 4038 verbis
2672 3983 2786 4037 illis
2823 3983 2940 4038 vel·

628 4065 713 4119 uti
764 4063 1034 4131 innuitur,
1083 4064 1486 4120 ecclesiasticos
1536 4063 1828 4133 praecipue
1878 4064 2025 4118 cordi
2071 4061 2324 4117 habuisse
2369 4062 2802 4131 Templariorum
2849 4063 2942 4116 de·

628 4143 948 4200 sensionem.
