3281 5014
1122 448 1206 503 De
1243 448 1609 503 exstinctione
1644 447 1969 502 schismatis
2622 452 2723 503 301

410 586 649 651 Eadem
714 588 815 653 die
879 588 1112 672 viginti
1177 592 1311 653 tres
1376 587 1747 654 Cardinales
1810 594 2178 672 praesentes
2243 611 2385 654 cum
2451 592 2725 677 triginta

408 683 735 767 deputatis
781 685 1121 749 nationum
1169 687 1469 750 conclave
1516 686 1788 770 ingressi
1837 691 2021 761 sunt,
2086 693 2152 751 et
2198 690 2486 771 quamvis
2537 689 2723 754 initio

409 781 492 845 ob
548 782 943 846 simultatem
997 781 1367 865 nat-ionum,
1428 805 1589 866 quae
1649 786 1954 866 papatum
2015 783 2136 847 sibi
2185 783 2506 849 vindicare
2560 786 2726 851 desi-

408 878 752 953 derabant,
816 877 1131 942 discordia
1188 884 1329 942 orta
1381 885 1580 970 esset,
1647 886 1864 943 tamen
1922 901 2068 943 mox
2128 902 2203 943 ea
2262 880 2514 964 sedata,
2579 889 2726 965 post

407 975 689 1039 triduum
737 975 837 1039 die
884 972 995 1040 11⁰
1027 972 1412 1040 Novembris
1458 999 1513 1039 a.
1569 976 1736 1038 1417
1784 976 2183 1040 unanimiter
2230 979 2295 1040 in
2345 976 2726 1043 Pontificem

407 1071 746 1155 elegerunt
794 1070 1102 1136 Ottonem
1155 1061 1532 1136 Columnam
1579 1072 1989 1137 Cardinalem
2039 1072 2418 1151 Diaconum,
2468 1076 2579 1158 qui
2625 1074 2727 1139 die

405 1163 522 1230 20⁰
583 1155 971 1231 Novembris
1020 1153 1364 1232 ordinatus
1426 1170 1785 1252 presbyter,
1848 1171 2051 1233 altera
2111 1169 2212 1233 die
2263 1170 2600 1237 Dominica
2657 1173 2728 1235 in

409 1264 672 1329 ecclesia
733 1263 1221 1329 Constantiensi
1285 1266 1555 1330 solemni
1620 1268 1753 1330 ritu
1812 1273 1877 1330 et
1936 1289 2076 1331 cum
2141 1269 2421 1332 maxima
2479 1269 2727 1333 laetitia

409 1361 715 1427 Pontifex
757 1365 1166 1425 consecratus
1212 1366 1277 1425 et
1311 1368 1657 1427 coronatus
1698 1363 1827 1427 fuit
1870 1365 1989 1428 sub
2031 1365 2293 1428 nomine
2326 1363 2618 1452 Ᾱζᾳνΐίὶηἰ
2660 1364 2725 1438 Y.

404 1460 554 1542 Ipse
610 1458 876 1522 sessioni
937 1458 1461 1542 quadragesimae
1528 1460 1846 1524 secundae
1918 1466 1984 1523 et
2048 1461 2318 1525 caeteris
2379 1484 2579 1547 usque
2648 1462 2727 1527 ad

406 1555 572 1619 diem
621 1555 774 1638 22¹²&
816 1555 1054 1637 Aprilis
1101 1577 1157 1618 a.
1211 1556 1409 1633 1418,
1469 1578 1597 1641 quo
1644 1555 1745 1619 die
1795 1557 2020 1620 habita
2067 1562 2163 1621 est
2218 1560 2418 1622 sessio
2465 1560 2728 1644 quadra·

407 1654 651 1738 gesima
696 1652 928 1737 quinta
973 1655 1039 1715 et
1087 1652 1338 1729 ultima,
1388 1652 1730 1735 praesedit.

590 1751 691 1813 19.
740 1748 840 1812 Ad
885 1746 1414 1842 [affirmationem
1461 1749 1784 1814 Ecclesiae
1830 1750 2000 1833 quod
2047 1754 2323 1833 spectat,
2373 1753 2511 1835 jam
2570 1758 2729 1817 ante

408 1846 786 1910 electionem
849 1844 1120 1909 Martini
1167 1844 1248 1910 V.
1313 1846 1669 1911 commissio
1739 1867 1814 1908 ex
1883 1848 2074 1911 variis
2145 1847 2516 1912 nationibus
2576 1872 2723 1914 con-

407 1945 639 2007 stituta
702 1947 871 2019 erat,
936 1947 1010 2005 ut
1066 1944 1278 2025 capita
1334 1943 1809 2007 reformationis
1870 1944 2201 2009 faciendae
2258 1952 2727 2030 proponerent;

407 2045 553 2123 post
622 2039 999 2104 electionem
1069 2060 1220 2104 vero
1284 2038 1554 2104 Martini
1614 2041 1948 2123 negotium
2011 2042 2179 2105 istud
2251 2042 2527 2107 ulterius
2592 2049 2725 2107 tra-

405 2140 651 2201 ctatum
700 2140 812 2199 est.
905 2136 1052 2201 Jam
1100 2136 1700 2213 animadvertimu8‚
1755 2135 2021 2200 nimiam
2076 2158 2216 2201 sese
2275 2138 2730 2203 manifestasse

405 2233 803 2299 tendentiam
861 2234 1297 2317 restringendi
1344 2235 1497 2316 jura
1543 2234 1906 2309 pontificis,
1970 2255 2082 2297 seu
2140 2236 2351 2315 potius
2412 2257 2596 2298 usum
2657 2245 2724 2299 et

407 2330 903 2414 applicationem
976 2331 1215 2413 jurium
1289 2331 1423 2414 ejus
1502 2331 1567 2393 in
1650 2331 2191 2413 exemptionibUS‚
2270 2332 2723 2396 reservationi-

395 2428 555 2510 bus,
610 2426 1110 2511 provisionibuS,
1171 2429 1460 2504 annatiS,
1521 2427 1938 2510 commendiS,
1989 2431 2111 2492 etc.
2203 2426 2506 2503 Quamvis
2552 2429 2724 2493 enim

406 2531 694 2608 tempore
760 2523 1127 2588 schismatis
1198 2524 1297 2587 his
1364 2525 1430 2587 in
1502 2526 1690 2590 rebus
1753 2527 1931 2590 varia
1987 2546 2155 2609 quae
2213 2526 2424 2589 minus
2495 2547 2723 2591 conve-

406 2621 678 2685 niebant
738 2620 1125 2701 acciderent,
1187 2622 1509 2687 immerito
1571 2626 1791 2686 tamen
1851 2622 2008 2686 talia
2070 2644 2233 2707 quae
2290 2625 2549 2686 tantum
2598 2641 2731 2704 per

407 2715 701 2782 accidens
762 2717 1033 2781 abusum
1096 2739 1310 2782 secum
1378 2719 1704 2802 tulerunt,
1773 2719 1973 2783 veluti
2036 2718 2461 2783 maximorum
2523 2720 2721 2785 malo-

406 2837 549 2878 rnm
598 2814 849 2879 fontem
906 2814 1123 2897 plnres
1181 2814 1688 2880 considerarunt.
1783 2814 1910 2879 Sed
1967 2818 2161 2879 etiam
2217 2815 2391 2880 inter
2438 2817 2722 2880 membra

407 2911 923 2976 commissionum
980 2912 1313 2995 variasque
1375 2913 1674 2976 nationes
1739 2934 1886 2976 mox
1948 2911 2262 2976 discordes
2326 2912 2404 2975 de
2463 2912 2728 2995 punctis

407 3006 831 3072 reformandis
891 3029 959 3071 se
1018 3008 1521 3072 manifestarunt
1577 3008 1934 3090 opiniones,
2043 3006 2147 3071 Sic
2204 3029 2256 3072 e.
2316 3028 2377 3091 g.
2441 3010 2730 3073 maxima

408 3115 549 3169 orta
627 3109 726 3168 est
801 3105 1240 3169 controversia
1313 3107 1390 3169 de
1477 3104 1822 3169 collatione
1899 3105 2374 3169 beneficiorum.
2509 3105 2719 3182 Quum

409 3202 579 3265 enim
638 3201 748 3265 alii
806 3203 1275 3265 reservationes
1332 3200 1609 3265 Romani
1658 3199 1986 3265 Pontificis
2038 3199 2157 3265 hac
2217 3201 2287 3264 in
2345 3224 2415 3266 re
2477 3203 2721 3267 vellent

404 3298 796 3382 restringere
859 3302 925 3361 et
985 3296 1342 3361 Ordinariis
1403 3298 1668 3361 liberam
1732 3297 2143 3362 collationem
2205 3299 2555 3363 multorum
2615 3302 2719 3365 be-

406 3395 776 3459 neficiorum
850 3392 1234 3468 adscribere,
1310 3393 1446 3469 alii,
1516 3414 1589 3458 ac
1653 3395 2030 3477 praesertim
2090 3394 2381 3477 deputati
2448 3394 2725 3460 Univer-

406 3491 696 3567 sitatum‚
743 3490 1160 3555 difficultates
1197 3510 1465 3573 magnas
1498 3496 1856 3554 moverunt.
1927 3490 2501 3575 conquerebantur
2548 3495 2716 3556 enim

408 3588 715 3666 maxime,
780 3587 861 3651 ab
919 3587 1227 3670 episcopis
1287 3588 1456 3651 viros
1513 3588 1760 3670 negligi
1819 3587 2066 3665 doctos,
2131 3610 2168 3650 a
2222 3587 2515 3654 Romano
2569 3611 2728 3654 vero

406 3684 722 3750 Pontifice
781 3684 881 3749 his
943 3684 1170 3747 melius
1230 3683 1568 3771 provideri.
1674 3683 1890 3748 Etiam
1953 3684 2163 3768 quoad
2222 3684 2716 3750 diminutionem

408 3785 789 3846 annatarum
848 3781 1244 3865 aliorumque
1297 3780 1687 3845 tributorum
1745 3802 1890 3844 mox
1940 3781 2341 3845 observatum
2391 3783 2544 3859 fuit,
2604 3805 2718 3846 ne-

406 3878 750 3943 cessarium
819 3877 1085 3942 omnino
1155 3898 1290 3941 esse
1357 3876 1652 3942 Romano
1724 3877 2052 3953 Pontifici,
2132 3876 2579 3943 cardinalibus
2653 3882 2729 3943 et

408 3974 754 4039 curialibus
830 3972 1190 4056 providere,
1266 3980 1341 4037 ut
1414 3973 1771 4038 necessaria
1845 3974 1924 4036 ad
1991 3979 2232 4037 statum
2302 3978 2367 4038 et
2436 3975 2717 4060 dignita-

407 4076 537 4136 tem
612 4068 856 4134 tuenda
930 4068 1274 4148 haberent,
1349 4092 1560 4154 neque
1636 4070 1827 4133 aliter
1900 4070 2053 4153 ipsis
2122 4071 2439 4152 provideri
2512 4093 2722 4155 posse.

408 4166 779 4253 praesertim
835 4189 1032 4250 quum
1090 4167 1462 4249 patrimonii
1508 4164 1573 4232 S.
1624 4165 1800 4230 Petri
1852 4169 2205 4248 proventus
2262 4172 2480 4231 essent
2533 4166 2724 4233 valde

2812 611 2983 655 Electio

2777 674 2957 716 Martini
2974 674 3040 718 V„
