3281 5014
634 446 738 498 130
1090 444 1290 497 XXXI.
1330 444 1413 498 De
1450 443 1751 499 abolitione
1788 444 2007 498 Ordinis
2044 445 2485 511 Templariorum.

629 586 985 650 veniuntur
1037 587 1109 650 in
1161 584 1665 669 depositionibus
1722 585 1917 649 etiam
1971 586 2278 669 quaedam
2341 587 2411 651 in
2471 586 2788 671 capitibus
2843 608 2944 652 ac·

629 681 980 747 cusationis
1034 704 1165 746 non
1225 685 1566 760 contenta,
1628 704 1705 745 ex
1764 682 1993 766 quibus
2053 688 2274 747 tamen
2316 684 2639 767 corruptio
2685 684 2938 748 illorum

633 780 912 844 virorum
977 778 1320 863 colligitur.
1429 776 1535 843 Sic
1595 784 1822 842 narrat
1882 777 2118 842 Petrus
2177 778 2255 842 de
2319 777 2382 844 S.
2438 779 2757 843 Mamerto
2814 802 2942 844 ser-

632 876 838 939 viens:
907 874 1114 955 „Item
1172 874 1338 938 dixit
1402 877 1720 957 (receptor
1782 872 2147 939 Guilermus
2205 876 2284 940 de
2347 874 2797 960 Lotharingia)
2863 876 2942 952 ei,

629 972 805 1036 inter
850 971 1007 1035 alias
1038 971 1500 1035 instructiones
1548 992 1707 1054 quas
1740 970 2021 1045 faciebat
2049 971 2128 1035 de
2168 973 2423 1055 punctis
2459 972 2723 1047 ordinis,
2772 971 2940 1056 quod

630 1078 767 1131 non‘
825 1066 1151 1131 accederet
1210 1067 1290 1130 ad
1337 1067 1634 1131 mulieres
1694 1071 2054 1151 suspectae,
2117 1069 2269 1151 quia
2328 1069 2381 1132 si
2435 1069 2943 1152 committeretur

629 1186 744 1248 per
804 1164 1069 1241 fratres,
1130 1161 1429 1246 perderet
1486 1162 1807 1245 habitum3
1873 1162 1983 1227 sed
2044 1165 2097 1229 si
2158 1166 2567 1249 contingeret
2625 1187 2768 1229 eum
2826 1165 2941 1241 ire,

629 1261 756 1324 iret
794 1260 890 1324 ita
941 1265 1127 1324 caute
1181 1259 1349 1344 quod
1403 1259 1758 1337 nescirent,
1815 1260 1967 1344 quia
2020 1261 2089 1324 in
2148 1261 2462 1346 religiosis
2509 1266 2651 1325 erat
2693 1262 2940 1344 turpius

632 1357 803 1442 quod
862 1358 1036 1421 irent
1098 1357 1307 1440 palam
1364 1355 1444 1419 ad
1511 1355 1716 1421 dictas
1772 1356 2073 1421 mulieres
2135 1379 2328 1439 quam
2385 1359 2455 1422 in
2518 1357 2720 1422 aliis.“
2741 1356 2792 1439 1)
2856 1392 2941 1402 —

632 1453 861 1518 Frater
915 1452 1307 1537 Raynaudus
1354 1451 1710 1537 Bergeron,
1768 1454 2053 1517 serviens
2101 1455 2184 1517 45
2244 1476 2595 1531 annorum,
2651 1458 2942 1537 receptus

633 1556 770 1615 erat
822 1556 973 1615 ante
1022 1550 1057 1613 7
1119 1571 1324 1614 annos
1386 1571 1499 1633 per
1556 1549 1825 1613 fratrem
1888 1548 2311 1615 Laurentium
2370 1550 2449 1615 de
2495 1550 2701 1614 Belna
2765 1571 2941 1634 prae-

509 1658 614 1688 0¹⁰¹¹
632 1651 986 1730 ceptorem,
1043 1646 1152 1730 qui
1209 1646 1335 1710 fuit
1379 1645 1749 1709 combustus
1796 1644 2079 1711 Parisiis.
2178 1646 2375 1726 „Cum
2432 1648 2569 1731 ipse
2612 1648 2800 1712 testis
2846 1667 2939 1709 es·

629 1749 730 1809 set
784 1745 1109 1807 uxoratus
1164 1746 1232 1805 et
1290 1743 1490 1806 frater
1536 1741 1730 1826 Hugo
1784 1742 1862 1806 de
1908 1742 2215 1807 Cabilone
2270 1744 2487 1821 miles,
2543 1748 2702 1807 tunc
2758 1764 2942 1827 prae-

629 1844 848 1924 ceptor
891 1839 1117 1903 domus
1161 1839 1239 1903 de
1270 1838 1396 1902 Val
1443 1838 1602 1902 Tors
1656 1838 1967 1903 suasisset
2010 1840 2097 1916 ei,
2152 1840 2321 1924 quod
2368 1862 2501 1904 una
2555 1861 2698 1905 cum
2742 1860 2942 1903 uxore

629 1960 744 2002 sua
802 1938 1110 2014 intraret,
1171 1936 1374 1999 dictus
1431 1936 1616 1999 testis
1679 1935 1845 1999 dixit
1908 1935 2079 2018 quod
2127 1958 2260 2000 non
2315 1936 2620 2019 intraret,
2682 1936 2809 2000 nisi
2850 1958 2945 1999 re-

631 2039 923 2097 maneret
982 2032 1104 2096 sibi
1165 2054 1329 2096 uxor
1387 2053 1528 2106 sua3
1591 2036 1658 2095 et
1718 2052 1862 2095 cum
1926 2031 2134 2097 dictus
2204 2034 2385 2097 miles
2449 2032 2569 2097 hoc
2624 2033 2746 2096 sibi
2797 2052 2940 2115 per-

631 2130 949 2210 mitteret,
1008 2129 1214 2192 dictus
1269 2129 1453 2192 testis
1507 2129 1690 2192 venit
1745 2129 1814 2192 in
1869 2129 2130 2213 capella.
2190 2178 2206 2195 .
2258 2178 2274 2195 .
2321 2178 2335 2193 .
2396 2129 2482 2193 Et
2533 2151 2679 2194 cum
2731 2128 2940 2193 dictus

629 2228 831 2292 frater
890 2225 1282 2289 Laurentius
1343 2231 1643 2309 tangeret
1709 2225 1797 2304 ei,
1862 2226 2034 2309 quod
2100 2226 2440 2310 oportebat
2503 2248 2647 2290 eum
2715 2245 2941 2290 vovere

630 2324 1027 2398 castitatem,
1085 2322 1252 2386 idem
1299 2322 1486 2386 testis
1532 2322 1725 2399 dixit,
1778 2322 1949 2405 quod
1994 2344 2332 2407 nunquam
2374 2323 2494 2387 hoc
2539 2323 2780 2386 faceret
2824 2344 2943 2386 nec

629 2422 908 2486 intraret
952 2419 1271 2495 ordinem,
1337 2418 1463 2482 nisi
1521 2427 1885 2482 remaneret
1946 2419 2069 2484 sibi
2128 2441 2291 2484 uxor
2349 2441 2465 2483 sua
2525 2426 2591 2483 et
2649 2420 2744 2499 ita
2800 2424 2941 2482 erat

631 2519 754 2584 sibi
810 2518 1216 2602 permissum3
1274 2520 1337 2580 et
1393 2516 1693 2580 recedens
1749 2517 1833 2580 ab
1887 2517 2026 2600 ejus
2080 2518 2444 2600 praesentia
2488 2516 2686 2580 exivit
2732 2516 2939 2598 capel-

631 2619 782 2682 lam.
898 2614 1124 2678 Dictus
1193 2634 1343 2676 vero
1410 2613 1614 2676 frater
1671 2611 2066 2677 Laurentius
2139 2622 2205 2677 et
2274 2613 2533 2697 quidam
2602 2613 2796 2691 alius,
2863 2612 2942 2675 de

629 2716 814 2799 cujus
871 2712 1133 2776 nomine
1192 2731 1324 2773 non
1382 2709 1636 2785 recolit,
1690 2709 1895 2773 secuti
1948 2709 2216 2774 fuerunt
2273 2709 2565 2773 eumdem
2614 2713 2681 2773 et
2728 2729 2943 2792 repre-

629 2810 1001 2875 henderunt
1068 2829 1245 2880 eum,
1313 2805 1596 2869 dicentes
1666 2805 1838 2889 quod
1903 2811 2041 2869 erat
2105 2805 2325 2870 fatuus
2386 2806 2538 2890 quia
2606 2804 2943 2869 recusabat

631 2908 831 2973 talem
891 2910 957 2969 et
1025 2909 1280 2968 tantum
1352 2901 1694 2980 honorem,
1765 2901 2103 2967 suadentes
2173 2901 2374 2966 eidem
2444 2901 2612 2985 quod
2680 2901 2941 2974 rediret,

633 3007 787 3094 quia
831 3005 996 3068 bene
1043 3004 1213 3065 esset
1243 2998 1385 3074 sibi,
1435 3003 1499 3062 et
1545 2995 1683 3080 ipse
1713 3000 1773 3060 et
1818 3017 1989 3062 uxor
2023 3017 2146 3062 sua
2181 3000 2586 3080 ponerentur
2630 3000 2693 3059 et
2736 2999 2945 3060 essent

631 3100 833 3169 simul
894 3096 968 3162 in
1036 3114 1173 3162 wna
1236 3094 1436 3158 dom0.
1535 3094 1680 3179 Ipse
1745 3117 1893 3159 vero
1958 3096 2050 3160 sic
2111 3095 2412 3160 inductus
2476 3117 2588 3178 per
2651 3116 2787 3177 eos,
2844 3114 2943 3157 re·

633 3221 857 3266 versus
919 3201 1016 3260 est
1075 3215 1217 3257 cum
1280 3192 1370 3255 eis
1433 3192 1511 3254 ad
1570 3191 1804 3255 dictam
1867 3191 2197 3274 capellam.
2313 3190 2497 3254 Tunc
2565 3195 2781 3254 autem
2848 3187 2943 3252 di·

631 3303 775 3363 ctus
820 3294 1023 3359 frater
1069 3288 1457 3354 Laurentius
1515 3289 1669 3352 fecit
1728 3310 1873 3351 eum
1911 3290 2132 3372 jurare
2186 3285 2578 3365 castitatem,
2640 3285 2944 3351 obedien-

633 3395 822 3468 tiam,
886 3438 902 3454 .
962 3437 976 3452 .
1037 3437 1051 3451 .
1117 3385 1288 3469 quod
1345 3403 1478 3448 non
1541 3381 1917 3449 habitarent
1974 3403 2117 3447 cum
2183 3381 2453 3447 muliere
2515 3405 2636 3448 nec
2698 3381 2943 3448 oscula·

632 3491 868 3554 rentur
926 3484 1129 3548 eam.“
1226 3481 1444 3546 Secuti
1501 3480 1652 3544 dein
1714 3485 1869 3545 sunt
1931 3482 2094 3545 ritus
2157 3480 2370 3544 illiciti
2433 3480 2626 3544 soliti.
2731 3481 2946 3560 „Dicit

634 3588 831 3652 etiam
887 3581 1096 3645 dictus
1153 3579 1342 3643 testis
1401 3577 1571 3663 quod
1632 3579 1768 3662 ipse
1825 3578 2151 3641 confessus
2212 3576 2343 3640 fuit
2398 3576 2475 3640 de
2535 3576 2719 3641 dictis
2780 3597 2943 3639 erro·

631 3684 840 3758 ribuS,
904 3680 973 3744 in
1036 3677 1200 3741 festo
1259 3675 1544 3741 Paschae
1606 3678 1766 3739 tunc
1832 3672 2128 3758 sequenti
2194 3669 2517 3756 (receptus
2581 3677 2721 3737 erat
2779 3674 2947 3737 circa

632 3782 872 3845 festum
933 3773 999 3840 S.
1063 3772 1356 3856 Martini)
1418 3772 1605 3836 fratri
1660 3770 2005 3835 Guilielmo
2067 3770 2235 3834 dicto
2296 3768 2596 3833 Menavel
2660 3769 2944 3854 ejusdem

634 3874 924 3950 Ordinis,
994 3872 1107 3956 qui
1160 3870 1436 3935 absolvit
1491 3890 1665 3949 eum,
1739 3868 2033 3952 injuncta
2090 3867 2211 3929 sibi
2272 3867 2701 3950 poenitentia,
2773 3864 2944 3949 quod

625 3973 962 4057 jejunaret
1021 3972 1265 4051 septem
1324 3965 1545 4029 diebus
1592 3963 1891 4041 Veneris,
1963 3962 2180 4027 dicens
2240 3962 2362 4026 sibi
2423 3961 2626 4046 quod,
2684 3983 2762 4025 ex
2819 3984 2947 4046 quo

812 4174 856 4242 1)
892 4175 1029 4230 Ihm.
1068 4176 1113 4229 Ι.
1149 4191 1202 4242 p.
1239 4176 1361 4228 587.
