3281 5014
1089 433 1171 487 De
1213 434 1427 500 Synodo
1466 434 1801 488 Florentina.
2496 429 2601 488 385

412 617 414 619 ·
460 574 564 637 54.
625 572 1289 638 Animadvertendum
1347 575 1577 639 deinde
1636 582 1760 657 est,
1823 577 1874 641 si
1930 578 2352 641 conferuntur
2406 576 2601 641 lectio

275 691 514 754 graeca
573 676 640 755 et
696 672 886 734 lectio
934 671 1167 754 latina,
1219 673 1396 736 illam
1452 672 1692 756 optime
1740 673 1957 737 eodem
2015 695 2206 737 sensu
2264 695 2337 739 ac
2382 677 2599 737 textus

283 767 523 830 latinus
571 767 848 850 intelligi
891 789 1110 851 posse;
1167 772 1363 852 atque
1409 768 1474 832 id
1519 791 1677 833 sane
1726 770 2032 854 exigitur,
2093 770 2350 854 quando
2396 791 2600 833 unum

274 864 736 927 documentum
791 863 1025 946 duplici
1073 864 1376 929 idiomate
1431 867 1829 948 proponitur.
1923 865 2085 932 Nam
2135 868 2329 932 verba
2373 888 2601 949 graeca
2643 910 2693 975 7(

273 961 435 1023 καθ’
485 961 557 1022 ὃν
600 961 836 1041 τρόπον
892 960 1057 1024 bene
1115 962 1508 1044 respondent
1553 963 1693 1026 voci
1748 963 1991 1027 latinae
2045 961 2599 1044 quemadmodum,

286 1065 351 1119 et
411 1057 682 1138 primum
752 1056 912 1120 illud
980 1059 1087 1120 καὶ
1154 1059 1399 1140 pariter
1458 1059 1652 1122 verbo
1719 1057 1914 1122 etiam
1980 1061 2173 1142 plane
2238 1061 2597 1142 respondet.

282 1154 357 1216 In
430 1151 745 1236 Originali
812 1153 1189 1218 authentico
1255 1153 1635 1219 Florentino
1703 1156 1882 1219 deest
1952 1158 2339 1240 praepositio
2402 1160 2467 1220 ἓν
2531 1158 2598 1220 in

275 1249 561 1314 secundo
612 1251 843 1331 incise,
911 1253 1002 1314 ita
1066 1257 1141 1314 ut
1200 1252 1479 1334 legatur:
1540 1253 1677 1315 καθ
1729 1254 1828 1315 ’ὃν
1891 1254 2126 1334 τρόπον
2185 1254 2292 1316 καὶ
2352 1255 2417 1316 ἓν
2475 1260 2601 1323 τοῖς

277 1354 650 1428 πρακτικοῖς
705 1353 832 1410 τῶν
887 1349 1348 1429 οἶκουμενίκων
1405 1349 1729 1421 συνόδων,
1795 1350 1901 1411 καὶ
1951 1357 2076 1420 τοῖς
2137 1353 2323 1431 ἱεροῖς
2378 1352 2600 1413 κάνοσι

282 1445 787 1526 διαλαμβάνεται.
872 1444 1233 1508 Secundum
1280 1443 1678 1510 Hellenistas
1727 1447 1846 1511 hoc
1893 1447 1962 1509 in
2011 1467 2159 1510 casu
2207 1448 2413 1529 prima
2459 1468 2600 1529 par-

283 1541 483 1603 ticula
534 1542 643 1604 καὶ
697 1541 1056 1605 necessario
1102 1541 1412 1605 vertenda
1470 1546 1570 1605 est
1626 1563 1743 1623 per
1801 1563 2016 1606 vocem
2078 1539 2350 1624 etiam.¹)
2439 1542 2599 1605 Tur·

284 1644 639 1700 recremata
684 1624 983 1718 jam-illo
1027 1643 1316 1720 tempore
1374 1635 1682 1715 advertit,
1741 1638 1869 1701 illis
1916 1638 2124 1702 verbis
2170 1635 2601 1716 confirmatio-

282 1753 431 1818 nem
488 1735 840 1812 contineri,
901 1738 1223 1817 quatenus
1281 1734 1597 1817 primatus
1657 1734 1989 1798 stabilitur
2045 1756 2241 1799 secun
2288 1757 2396 1798 um
2454 1757 2602 1798 nor-

282 1852 453 1894 mam
516 1828 1021 1913 Scripturarum,
1084 1834 1150 1893 et
1204 1831 1623 1894 confirmatur
1679 1830 2076 1895 documentis
2126 1828 2602 1915 TraditioniS,²)

280 1936 480 2010 atque
537 1930 727 1990 etiam
787 1927 909 2009 ipsi
966 1925 1190 1990 Graeci
1249 1927 1419 1991 uniti
1475 1932 1733 1992 textum
1791 1928 1883 1992 sic
1933 1928 2408 2011 intelligebant.
2458 1927 2603 1992 Ita

285 2024 506 2087 scribit
551 2022 871 2106 Josephus
923 2024 1256 2107 episcopus
1302 2023 1774 2106 Methonensis:
1833 2022 2061 2088 Sancti
2115 2027 2176 2087 et
2230 2027 2375 2088 acta
2421 2043 2598 2088 oecu-

283 2118 681 2184 menicorum
733 2117 1171 2183 Concilioram
1216 2118 1331 2183 hoc
1378 2117 1735 2190 luculenter
1781 2117 2241 2202 confirmant-⁶³)

451 2254 565 2317 55.
628 2252 834 2328 Quum
881 2274 1026 2315 vero
1074 2252 1417 2317 adversarii
1465 2252 1660 2318 tricas
1706 2252 1898 2316 etiam
1947 2257 2215 2317 nectant
2261 2275 2338 2317 ex
2385 2260 2598 2335 postu«-
2629 2261 2913 2314 Imperatoris

282 2350 530 2414 latione
586 2371 777 2432 quam
823 2347 1182 2430 Imperator
1235 2348 1507 2426 fecerat,
1569 2370 1655 2441 ne
1707 2348 2025 2415 diceretur
2073 2351 2141 2413 in
2186 2349 2596 2426 definitione,
2640 2321 2892 2374 ‘mmmm‘

286 2445 668 2514 Pontificem
743 2445 978 2510 habere
1053 2445 1397 2528 primatum
1458 2443 1699 2543 j'lsssstff.-
1736 2443 1912 2518 dicta
1982 2444 2406 2530 Sanctorum,
2487 2443 2599 2510 sed

277 2543 484 2624 jaggta
529 2546 812 2620 tenorem
851 2561 1218 2621 „cai-ionum,
1280 2541 1437 2606 haec
1487 2544 1680 2627 juvat
1737 2550 1980 2607 notare.
2069 2544 2248 2627 gCum
2308 2543 2596 2609 definitio

286 2640 579 2705 confecta
634 2639 1018 2722 Imperatori
1078 2640 1428 2722 legeretur,
1485 2639 1708 2721 aliqua
1766 2640 1973 2703 voluit
2024 2642 2282 2706 mutari.
2357 2636 2598 2706 Conti-

286 2734 479 2800 nebat
538 2733 963 2819 (διελάμβανε)
1019 2738 1363 2816 praeterea
1428 2733 1642 2816 quoad
1692 2733 2051 2818 privileqia
2109 2734 2358 2816 Papae,
2430 2734 2600 2816 quod

278 2830 519 2895 habeat
573 2851 649 2896 ea
701 2831 900 2918 jugata
955 2830 1554 2902 determinationem
1610 2850 1835 2895 sacrae
1881 2830 2263 2914 Scripturae
2310 2836 2372 2898 et
2425 2831 2599 2896 dicta

288 2926 697 2993 Sanctorum.
768 2927 910 2991 Hoc
954 2926 1151 2992 etiam
1191 2948 1324 3014 non
1361 2925 1658 3009 placebat
1688 2926 2101 3007 Imperatori.
2172 2927 2281 2993 An
2327 2928 2387 2993 si
2432 2927 2598 3010 quic,

281 3023 539 3105 inquit,
595 3023 991 3090 Sanctorum
1047 3022 1123 3090 in
1168 3023 1437 3105 epistola
1491 3022 1772 3089 honorat
1812 3022 2094 3105 Papam,
2156 3023 2429 3106 excipiet
2483 3023 2600 3090 hoc

219 3154 230 3164 —
277 3142 405 3203 pro
443 3119 852 3203 privileyio?
907 3120 1079 3185 Voce
1122 3119 1295 3190 dicta
1340 3119 1736 3189 Sanctorum
1792 3123 2216 3191 sumebantur
2259 3144 2298 3185 a
2345 3121 2598 3186 Latinis

286 3241 401 3302 pro
448 3218 855 3300 Traditione,
905 3216 1264 3300 Imperator
1308 3222 1521 3282 autem
1572 3217 1700 3308 alig
1745 3240 1935 3282 sensu
1983 3240 2058 3283 ea
2103 3217 2425 3296 sumebat,
2472 3220 2607 3283 acsi

279 3315 555 3399 quodvis
571 3295 882 3378 ''ffivbum
943 3314 1211 3397 alicujus
1269 3309 1493 3377 Sancti
1558 3312 1788 3380 Latini,
1842 3313 2220 3398 allegarent.
2323 3314 2599 3383 Restite-

287 3421 444 3475 runt
501 3410 721 3475 Latini
786 3411 977 3484 initio
1045 3410 1353 3484 dicentes:
1438 3407 1615 3476 Unde
1676 3407 1908 3478 melias
1968 3429 2308 3491 possumus
2369 3409 2600 3475 habere

270 3505 674 3588 primatum,
731 3525 927 3587 quam
983 3524 1065 3570 ex
1119 3504 1382 3588 scriptis
1426 3504 1823 3577 Sanctorum
1869 3508 2081 3590 ,(παρὸ
2143 3510 2493 3589 γράφουσιν
2540 3510 2607 3571 οἳ

283 3602 517 3685 duod?
597 3604 810 3678 Vides,
851 3605 987 3687 jam
1041 3603 1327 3675 indicata
1373 3602 1709 3686 Scriptura
1755 3605 1859 3687 agi
1889 3603 1985 3668 2de
2031 3604 2214 3668 fonte
2259 3604 2598 3670 confirma-

285 3701 498 3763 tionis.
596 3698 687 3763 At
726 3718 875 3761 vero
916 3697 1292 3781 Imperator
1338 3697 1621 3780 coyebat,
1669 3697 1785 3766 ibi·
1808 3697 2063 3780 aliquid
2107 3698 2383 3781 apponi;
2434 3698 2596 3763 dice-

279 3793 396 3858 bat
438 3794 612 3859 enim
655 3797 732 3859 ut
777 3792 1160 3859 adderetur:
1217 3793 1472 3872 „Juxta
1520 3798 1803 3873 tenorem
1849 3799 2212 3862 canonum“
2259 3798 2596 3881 (κατατὴν

467 4002 506 4067 ¹)
547 4003 654 4056 Uir.
694 4003 888 4069 Maret,
926 4004 1014 4057 Du
1051 4004 1269 4059 Concile
1310 4011 1413 4061 etc.
1453 4012 1494 4062 t.
1533 4007 1577 4059 I.
1617 4024 1671 4075 p.
1702 4009 1821 4060 490.

465 4081 510 4149 ²)
551 4083 721 4150 Super
759 4083 978 4137 decreto
1017 4083 1248 4137 Unionis
1286 4084 1479 4140 Graec.
1517 4085 1711 4140 Venct.
1756 4086 1910 4139 1561.
1950 4086 1986 4139 f.
2026 4089 2108 4140 35.

465 4159 508 4228 3)
547 4162 688 4215 Vide
726 4161 882 4214 citat.
919 4178 1005 4229 ap.
1043 4162 1455 4231 Hergenrother
1491 4163 1787 4232 Antijanus
1826 4182 1878 4232 p.
1919 4167 2036 4219 120.

2279 4253 2381 4307 25*
