3281 5014
316 2176 388 2216 An
397 2176 602 2218 {madver-

395 2237 536 2278 tenda.

640 418 706 467 14
1212 417 1384 469 ΧΧΧ.
1424 418 1505 472 De
1544 417 1876 480 Pontificatu
1912 418 2180 472 Bonifatii
2208 418 2361 471 VIII.

637 558 1002 631 minebant,
1062 579 1178 621 nec
1237 558 1391 641 ipsis
1446 561 1702 641 gratum
1762 581 1899 624 esse
1952 562 2194 642 potuit,
2256 561 2425 645 quod
2486 561 2607 624 sub
2663 560 2954 624 custodia

637 652 847 718 Caroli
896 654 1065 738 regis
1128 654 1196 717 in
1248 655 1530 719 conclavi
1591 659 1897 720 coarctati
1946 662 2184 721 essent.
2290 655 2462 721 Hinc
2515 657 2949 723 conscientiae

634 771 788 815 suae
831 750 1142 834 imprimis
1197 753 1660 816 consuluerunt
1712 775 1785 817 ac
1826 756 1980 818 vota
2024 754 2444 818 contulerunt
2486 755 2557 818 in
2605 775 2783 829 eum,
2840 753 2952 837 qui

638 847 976 911 manifeste
1038 847 1213 911 inter
1272 852 1556 912 caeteros
1618 850 1947 914 eminebat
2011 854 2078 914 et
2140 871 2293 932 prae
2357 850 2626 914 caeteris
2691 857 2951 933 propter

638 949 860 1007 notam
929 945 1068 1027 ejus
1137 944 1206 1007 in
1272 944 1550 1028 negotiis
1611 946 1906 1029 peritiam
1975 946 2243 1024 idoneus
2311 947 2389 1011 ad
2447 946 2773 1011 Ecclesiae
2839 967 2952 1031 gu·

638 1040 932 1104 bernium
1003 1039 1362 1106 videbatur.
1475 1041 1774 1108 Tradunt
1839 1044 2031 1107 etiam
2109 1043 2391 1108 historici
2467 1042 2640 1108 illius
2705 1048 2954 1126 tempo-

636 1136 753 1212 riS,
817 1135 1251 1201 Coelestinum
1312 1138 1671 1203 obsecrasse
1720 1138 2094 1205 cardinales
2155 1161 2272 1223 per
2329 1161 2508 1204 sacra
2569 1140 2816 1216 omnia,
2879 1146 2953 1204 ut

636 1232 758 1296 sibi
831 1234 1214 1318 quantocius
1285 1234 1664 1301 Pontificem
1737 1237 2199 1321 subrogarent3
2282 1258 2354 1300 ac
2420 1259 2551 1300 non
2634 1237 2953 1300 immerito

638 1330 1040 1414 conjicimus,
1105 1333 1186 1396 ab
1247 1353 1321 1395 eo
1370 1330 1772 1397 Bonifatium
1836 1331 2217 1418 quibusdam
2272 1333 2601 1396 laudatum
2660 1340 2726 1397 et
2784 1355 2956 1398 com·

641 1427 1010 1492 mendatum
1058 1427 1334 1510 fuisse.¹)

1661 1753 1665 1757 ⁴
1756 1755 1850 1824 11.

639 1883 767 1946 De
780 1882 1065 1946 initalia
1096 1883 1640 1962 Pontificatus
1662 1883 2093 1962 Bonifatii
2110 1881 2350 1945 VIII.
2375 1899 2476 1945 ac
2498 1883 2598 1946 de
2617 1883 2952 1964 oriyv'ne

725 1979 1069 2043 dissidii
1105 1979 1332 2044 inter
1371 1979 1659 2057 ipsum
1700 1985 1782 2043 et
1821 1979 2327 2057 Philippum
2365 1977 2863 2044 Pulchrum.

822 2154 920 2215 15.
993 2155 1362 2234 Antequam
1413 2151 1724 2215 Bonifatii
1784 2156 1967 2234 gesta
2013 2172 2499 2235 prosequamur,
2569 2151 2692 2216 duo
2748 2153 2952 2215 anim-

643 2250 970 2313 advertere
1022 2249 1308 2332 juvabit:
1392 2245 1456 2310 1⁰
1502 2246 1651 2312 Non
1716 2248 1778 2310 id
1840 2249 1906 2310 in
1966 2249 2407 2330 quaestionem
2453 2248 2661 2328 venit,
2733 2254 2949 2311 utrum

642 2345 1007 2411 Bonifatius
1049 2344 1228 2409 VIII.
1303 2346 1497 2409 fuerit
1570 2339 1873 2408 Pontifex
1939 2345 2497 2428 imperfect-ionum
2563 2347 2786 2409 naevis
2855 2367 2954 2408 ca·

642 2464 820 2520 rens,
883 2448 949 2504 et
1008 2441 1366 2525 sapientiae
1419 2441 1918 2524 sanctitatisque
1979 2441 2349 2525 singularis,
2442 2439 2511 2505 Si
2576 2441 2717 2525 quis
2782 2441 2954 2505 enim

645 2539 970 2603 existimat
1026 2540 1219 2603 variis
1279 2537 1901 2621 imperfectionibus,
1966 2560 2019 2601 e.
2078 2560 2137 2623 g.
2199 2539 2396 2602 nimio
2462 2539 2661 2602 animi
2720 2538 2954 2614 ardori,

643 2659 788 2700 eum
850 2635 1049 2699 fuisse
1110 2636 1490 2714 obnoxium,
1556 2640 1622 2699 et
1682 2636 1989 2720 quaedam
2055 2637 2267 2700 minus
2329 2641 2687 2719 opportune
2743 2635 2956 2717 dispo-

640 2732 869 2808 suisse,
930 2731 1051 2796 hac
1107 2731 1184 2795 de
1241 2754 1311 2795 re
1357 2753 1487 2796 non
1551 2733 1966 2817 litigabimuS.
2061 2732 2184 2798 Sed
2246 2734 2539 2817 arguitur
2585 2731 2953 2795 Bonifatius

642 2825 1392 2916 crimissymstravmm,
1467 2834 1662 2913 atque
1738 2830 1892 2894 haec
1969 2829 2287 2893 accusatio
2362 2851 2438 2892 ex
2516 2826 2952 2891 monumentis

641 2947 843 3009 nuper
911 2924 1097 2990 editis
1163 2924 1284 2991 hoc
1352 2932 1636 3009 tempore
1706 2926 1940 2990 iterum
2011 2927 2284 3009 speciem
2358 2924 2697 3008 quamdam
2769 2944 2952 2987 acce-

640 3024 806 3106 pisse
875 3022 1148 3087 videtur.
1248 3022 1379 3088 Sub
1445 3022 1566 3087 hoc
1635 3022 1839 3106 igitur
1909 3031 2197 3106 respectu
2269 3022 2405 3085 vita
2465 3020 2784 3085 Bonifatii
2853 3041 2955 3083 ex-

639 3118 986 3184 aminanda
1032 3125 1158 3197 est,
1208 3142 1280 3184 ac
1324 3120 1707 3193 videbimuS,
1767 3122 1995 3183 merito
2044 3120 2181 3202 ejus
2229 3120 2599 3182 memoriam
2650 3122 2721 3181 ut
2769 3114 2951 3200 probi

639 3237 714 3279 ac
787 3214 1078 3293 honesti,
1155 3218 1285 3281 imo
1359 3217 1634 3301 insignis
1710 3215 2072 3291 Pontificis,
2151 3215 2482 3278 vindicari.
2610 3212 2953 3277 Praeterea

640 3334 789 3376 vero
858 3315 1188 3393 asseritur,
1269 3314 1667 3380 Bonifatium
1737 3332 1975 3393 mag-na
2039 3333 2184 3376 cum
2248 3310 2554 3374 violentia
2624 3332 2691 3374 se
2749 3309 2955 3372 immi·

637 3409 871 3473 scuisse
917 3409 1102 3475 rebus
1149 3411 1606 3493 temporalibus
1654 3408 2008 3493 principum
2065 3429 2137 3470 ac
2190 3406 2505 3489 principia
2552 3408 2743 3489 plane
2790 3406 2956 3469 falsa

641 3527 780 3569 esse
836 3508 1143 3572 secutum.
1233 3506 1452 3583 Quoad
1505 3505 1627 3571 hoc
1674 3503 2034 3588 apparebit,
2090 3502 2401 3567 Bonifatii
2450 3502 2764 3586 principia
2818 3522 2952 3565 non

640 3603 769 3667 alia
840 3602 1071 3681 fuisse,
1146 3624 1340 3686 quam
1411 3600 1703 3687 Gregorii
1743 3600 1918 3675 VIL,
1996 3600 2346 3665 Alexandri
2411 3598 2530 3663 111.
2615 3603 2681 3662 et
2760 3596 2955 3661 Inno-

641 3699 837 3763 centii
882 3698 1032 3776 111„
1098 3700 1401 3783 illamque
1468 3699 1936 3763 accusationem
2006 3697 2247 3779 pariter
2314 3717 2450 3760 esse
2516 3695 2797 3758 inanem.
2869 3727 2955 3736 —-

640 3796 1057 3861 Advertimus
1114 3796 1187 3858 2⁰
1245 3818 1378 3861 non
1443 3795 1629 3859 nobis
1692 3795 2089 3877 propositum
2148 3814 2313 3869 esse,
2378 3800 2452 3856 ut
2504 3791 2722 3855 omnia
2783 3789 2957 3853 facta

821 3985 861 4054 ι)
897 3987 1039 4040 Vide
1074 3986 1344 4054 Raynald.
1390 4003 1437 4041 a.
1480 3988 1631 4039 1294.
1676 4013 1747 4022 —
1796 3982 2222 4038 Praenuntiasse
2274 3982 2325 4035 S.
2366 3980 2737 4035 Coelestinum
2786 3978 2956 4031 Boni-

637 4067 776 4121 fatio
824 4066 1226 4136 pontificatum,
1280 4065 1471 4120 scribit
1517 4064 1703 4118 Jacob.
1756 4061 2118 4130 stephanides
2170 4060 2508 4125 Cardinalis,
2565 4058 2728 4126 idque
2776 4072 2834 4110 se
2886 4072 2955 4110 ex

640 4146 815 4213 ipsius
853 4145 1120 4199 Bonifatii
1159 4147 1492 4212 aliorumque
1530 4160 1622 4198 ore
1660 4142 1955 4210 accepisse.
