3281 5014
223 1814 227 1817 ,
313 1776 603 1820 Commoratio

344 1838 390 1879 in
418 1837 576 1881 Gallia.

639 455 741 507 148
1056 452 1290 505 XXXII.
1326 452 1408 507 De
1447 451 1807 506 Pontificibus
1849 453 2128 508 Avenione
2166 453 2530 508 commorati&

633 593 985 672 diminuta,
1045 595 1175 658 imo
1231 594 1423 658 etiam
1481 595 2020 685 via—Qa—eparata
2072 594 2401 658 schismati
2457 616 2529 657 ac
2574 595 2766 659 variis
2811 617 2949 659 ma—

632 692 732 770 lis,
777 711 940 774 quae
986 695 1208 774 postea
1253 691 1595 755 subsecuta
1643 683 1817 755 sunt}
1897 688 2077 755 Haec
2117 685 2748 756 tamen'ffiscrimina
2794 713 2949 755 sane

632 808 765 852 non
815 787 987 852 illico
1032 809 1098 850 se
1146 788 1679 869 manifestarunt;
1738 787 1845 852 sed
1894 789 2171 865 tardiuS,
2217 810 2415 873 quum
2462 788 2648 851 malis
2696 788 2948 871 magnis

635 885 906 948 societas
974 885 1328 948 christiana
1383 886 1519 967 jam
1586 884 1995 963 obrueretur,
2065 905 2294 950 causae
2358 885 2616 949 illorum
2680 884 2948 947 fuerunt

636 980 889 1064 plenius
934 985 1318 1064 perspectae.

811 1093 870 1159 2.
929 1093 1079 1159 Non
1133 1094 1480 1159 defuerunt
1534 1096 1711 1160 inter
1766 1101 2056 1160 auctores
2112 1096 2486 1179 praesertim
2544 1095 2772 1173 ltaloS‚
2835 1096 2946 1177 qui

634 1193 875 1275 stylum
910 1213 1121 1258 suum
1180 1191 1244 1254 in
1306 1189 1656 1256 Pontifices
1712 1191 2199 1256 Avenionenses
2259 1191 2702 1263 vehementius
2763 1213 2949 1256 acue-

632 1293 809 1367 runt,
857 1293 924 1352 et
952 1288 1144 1351 variis
1191 1288 1455 1371 prolatis
1487 1289 2004 1358 accusationibus
2050 1288 2127 1352 de
2164 1310 2388 1353 eorum
2433 1288 2721 1371 personis
2768 1310 2950 1353 acer-

633 1385 774 1449 bius
819 1385 1155 1468 conquesti
1185 1389 1358 1448 sunt.
1431 1382 1742 1449 Attamen
1792 1385 2069 1468 plurima
2109 1385 2230 1449 hac
2275 1385 2344 1449 in
2391 1406 2460 1448 re
2498 1391 2652 1448 sunt
2681 1385 2946 1452 omnino

635 1487 1040 1565 exaggerata.
1161 1480 1297 1544 Imo
1360 1482 1533 1545 inter
1598 1480 1941 1545 Pontifices
2004 1479 2497 1546 Avenionenses
2558 1481 2770 1564 plures
2843 1503 2950 1545 ex-

633 1579 948 1644 stiterunt
1008 1578 1254 1642 eximiis
1313 1578 1662 1642 virtutibus
1724 1579 2039 1663 insignes,
2102 1600 2180 1641 ex
2241 1579 2471 1662 quibus
2532 1576 2833 1642 Urbanus
2866 1577 2945 1642 V.

636 1676 808 1739 inter
852 1673 1092 1739 Beatos
1148 1675 1406 1749 colitur:
1469 1695 1689 1739 omnes
1744 1679 1962 1739 autem
2019 1676 2283 1751 fuerunt
2337 1676 2458 1738 viri
2513 1675 2793 1762 mpgibus
2831 1675 2949 1760 jn-

636 1771 824 1858 t-eggi,
870 1772 1176 1861 dignique
1210 1759 2021 1854 Principis‘Kpostolorum
2061 1792 2468 1837 successores,
2514 1806 2601 1815 —-
2646 1770 2751 1834 Ad
2797 1792 2947 1834 cau-

637 1891 773 1933 sam
834 1863 1210 1951 veru-quod
1269 1872 1517 1951 spectat
1573 1869 2094 1934 commorationis
2150 1867 2538 1932 Pontificum
2597 1869 2668 1931 in
2716 1866 2947 1945 Gallia,

636 1964 808 2029 haud
863 1963 1362 2029 existimandum
1411 1969 1535 2041 est,
1592 1964 2065 2048 beneplacitum
2120 1969 2186 2029 et
2239 1966 2600 2048 exemplum
2652 1963 2948 2027 Clemen-

636 2063 722 2127 tis
754 2060 865 2137 V.‚
927 2061 1409 2126 affectionemve
1465 2060 1542 2124 ad
1603 2062 1832 2125 solium
1891 2062 2169 2144 patrium
2217 2061 2415 2125 fuisse
2466 2061 2593 2125 illis
2638 2061 2944 2125 motivum

635 2160 1076 2242 praecipuum,
1133 2180 1244 2224 cur
1290 2157 1623 2221 Avenione
1677 2158 2118 2222 subsisterent.
2209 2155 2335 2221 Sed
2391 2155 2604 2221 variae
2658 2178 2765 2221 eos
2817 2178 2950 2220 mo-

635 2264 869 2320 verunt
935 2255 1252 2332 rationes,
1327 2254 1407 2317 ob
1476 2275 1634 2336 quas
1703 2254 2128 2337 opportunius
2197 2252 2261 2317 id
2327 2276 2463 2319 esse
2524 2257 2944 2336 censuerunt3

634 2355 762 2418 imo
808 2353 1025 2437 plures
1072 2351 1451 2416 necessitate
1496 2349 1769 2433 quadam
1817 2350 1953 2414 fere
1998 2350 2287 2415 adstricti
2336 2350 2738 2414 videbantur.
2812 2349 2951 2425 Qua

631 2451 713 2515 de
759 2471 830 2515 re
875 2449 980 2514 hic
1024 2468 1224 2531 pauca
1269 2446 1478 2512 dicere
1527 2445 1830 2512 sufficiat.

812 2565 870 2629 3.
949 2563 1178 2647 Itaque
1246 2566 1385 2625 tum
1457 2559 1753 2624 Clemens
1805 2556 1883 2623 V.
1951 2565 2092 2624 tum
2149 2561 2617 2644 subsequentes
2673 2559 2947 2624 Pontifi-

632 2684 737 2727 ces
799 2666 875 2723 ut
937 2660 1006 2723 in
1056 2657 1267 2723 Gallia
1329 2661 1671 2721 manerent
1725 2656 2000 2721 maxime
2059 2678 2134 2721 eo
2189 2657 2465 2740 permoti
2528 2662 2710 2734 sunt,
2779 2655 2948 2739 quod

636 2757 880 2823 Romae
947 2757 1099 2839 ipsis
1160 2753 1340 2818 sedes
1396 2775 1532 2817 non
1589 2753 1917 2817 videretur
1975 2774 2196 2817 secura
2259 2753 2342 2816 ob
2404 2751 2749 2836 factiones,
2809 2752 2951 2836 qui·

574 2922 577 2925 Α
635 2855 757 2918 bus
803 2853 998 2918 Italia
1041 2855 1108 2916 et
1154 2852 1293 2934 ipsa
1336 2849 1492 2914 ditio
1541 2849 1970 2914 ecclesiastica
2015 2848 2534 2933 perturbabatur.
2625 2847 2723 2912 Ac
2768 2848 2822 2911 si
2870 2869 2947 2911 ex

635 2974 766 3018 una
823 2953 1036 3034 parte,
1097 2946 1248 3011 dum
1308 2946 1658 3029 periculum
1705 2945 2002 3011 vitabant
2063 2945 2294 3030 majori
2351 2945 2624 3028 expositi
2681 2944 2950 3009 fuerunt

633 3046 985 3114 discrimini
1034 3047 1226 3129 juxta
1280 3043 1439 3107 illud
1495 3047 1751 3126 poetae:
1810 3041 2088 3119 „Incidit
2142 3043 2212 3106 in
2266 3039 2580 3124 Scyllam,
2641 3041 2752 3124 qui
2810 3039 2951 3104 vult

634 3146 841 3211 vitare
899 3140 1360 3224 Charybdim“;
1424 3161 1503 3203 ex
1563 3140 1769 3204 altera
1827 3143 2009 3222 parte
2068 3160 2203 3202 non
2268 3141 2484 3221 potest
2539 3138 2795 3220 negari,
2859 3158 2953 3200 re-

635 3246 789 3306 vera
832 3238 1396 3303 commorationem
1453 3237 1523 3300 in
1570 3234 1748 3299 Urbe
1802 3256 1877 3299 eo
1929 3238 2216 3319 tempore
2273 3233 2760 3299 difficultatibus
2815 3234 2952 3317 ple-

632 3361 819 3415 nam,
879 3338 1009 3400 imo
1068 3355 1261 3418 saepe
1318 3333 1772 3418 impossibilem
1830 3332 2044 3396 fuisse.
2147 3331 2582 3396 Recolendum
2638 3334 2764 3411 est,
2813 3332 2951 3414 jam

636 3433 1059 3521 praecedente
1105 3435 1394 3514 tempore
1440 3431 1813 3513 frequenter
1844 3428 2192 3493 Pontifices
2239 3429 2432 3492 etiam
2468 3427 2756 3504 eximioS‚
2806 3448 2955 3510 pro-

638 3539 783 3617 pter
828 3530 1142 3595 factiones
1173 3527 1485 3592 nobilium
1534 3533 1602 3590 et
1639 3525 2115 3590 turbulentiam
2147 3525 2366 3608 populi
2398 3522 2697 3602 Romani,
2746 3521 2953 3586 Roma

630 3629 932 3694 debuisse
988 3624 1235 3704 cedere,
1297 3629 1364 3688 et
1415 3624 1488 3687 in
1551 3622 1695 3687 aliis
1751 3622 2123 3686 civitatibus
2177 3621 2491 3685 territorii
2544 3620 2954 3685 ecclesiastici

637 3727 738 3790 vel
783 3724 1017 3788 Italiae
1062 3722 1276 3788 sedem
1324 3742 1506 3785 suam
1551 3720 1770 3800 figere.
1863 3717 2238 3795 Quindecim
2283 3716 2736 3801 praecedentes
2780 3714 2953 3780 Pon·

629 3823 840 3888 tifices
884 3818 1034 3884 inde
1090 3819 1172 3884 ab
1216 3815 1601 3882 Innocentio
1648 3813 1796 3890 1V.‚
1854 3815 1995 3898 qui,
2052 3813 2161 3878 diu
2210 3816 2419 3891 exsul,
2477 3818 2623 3896 post
2677 3817 2954 3876 mortem

636 3917 945 3983 Friderici
991 3916 1073 3981 Π.
1138 3938 1194 3978 a.
1257 3914 1424 3977 1253
1443 3959 1459 3989 ‚
1517 3909 1663 3974 licet
1710 3908 2055 3973 tristitiam
2109 3929 2330 3974 sereno
2383 3909 2574 3974 vultu
2618 3907 2953 3991 palliaret,

628 4011 863 4080 urbem
915 4010 1230 4077 sollicitus
1283 4012 1344 4073 et
1386 4005 1676 4090 pavidus
1728 4004 2027 4083 intravit,
2040 4003 2087 4090 ¹)
2150 4028 2369 4071 omnes
2427 4006 2953 4091 frequentissime

817 4183 858 4253 ¹)
896 4186 1212 4240 Matthaeus
1249 4183 1430 4249 Paris,
1468 4183 1539 4234 ad
1576 4197 1622 4234 a.
1666 4183 1818 4234 1253.
