3281 5014
820 494 928 559 ‘De
966 506 1207 560 decretis
1245 505 1512 561 Sessionis
1550 513 1776 574 quartae
1814 516 1871 562 et
1907 508 2144 575 quintae.
2551 512 2655 564 307

344 645 661 710 Martinus
717 647 1066 711 solemnem
1123 646 1604 712 damnationem
1663 649 2020 726 declinam,
2084 651 2275 724 dixit,
2335 674 2402 715 se
2458 652 2521 715 id
2566 676 2659 717 so·

343 742 477 805 lum
525 743 882 826 approbare
939 743 1108 826 quod
1154 745 1320 808 circa
1375 746 1712 809 materiam
1758 746 1904 810 fidei
1965 748 2397 812 conciliariter
2441 749 2655 814 decre-

343 844 482 902 tum
553 845 711 905 erat.
822 838 961 914 Qua
1027 839 1463 905 declaratione
1528 842 1876 907 declinavit
1939 843 2417 908 damnationem
2484 846 2658 910 illius

343 936 564 1017 libelli,
610 936 719 1019 qui
766 939 1022 1000 tantum
1057 959 1094 1001 a
1125 938 1495 1001 nationibus
1543 936 2017 1020 (nationaliter)
2064 942 2453 1023 proscriptus
2501 948 2657 1007 erat.

347 1032 551 1097 Simul
621 1042 841 1096 tamen
909 1032 1218 1099 indirecte
1287 1055 1405 1098 suo
1475 1034 1776 1118 loquendi
1840 1035 2026 1100 modo
2089 1038 2374 1120 generali
2447 1040 2660 1103 omnia

343 1130 600 1193 decreta
658 1130 823 1194 circa
880 1131 1214 1194 materiam
1268 1129 1415 1195 fidei
1471 1132 1900 1197 conciliariter
1954 1133 2125 1196 facta
2182 1155 2251 1196 se
2305 1136 2659 1217 approbare
2743 1159 2748 1164 ’

343 1226 680 1298 indicavit,
749 1248 882 1290 non
947 1248 1099 1290 vero
1164 1225 1370 1311 alia.1)
1478 1228 1644 1304 Quid
1704 1233 1924 1293 autem
1986 1230 2100 1293 illa
2161 1232 2350 1295 verba
2410 1232 2657 1315 signifi-

346 1328 495 1387 cent
539 1320 1103 1405 circfflammateriam
1146 1322 1326 1403 fidei,
1388 1325 1716 1409 colligitur
1773 1347 1851 1389 ex
1908 1330 2216 1391 contextu
2274 1333 2340 1391 et
2399 1351 2477 1392 ex
2533 1329 2659 1391 fine

344 1420 631 1484 Concilii.
711 1419 1048 1504 Agebatur
1093 1441 1169 1483 ea
1216 1422 1546 1485 occasione
1592 1422 1670 1487 de
1710 1423 2122 1505 opinionibus
2170 1427 2450 1489 erroneis
2497 1448 2660 1509 quae.

345 1517 728 1600 spectabant
780 1517 1158 1581 occisionem
1216 1519 1511 1600 tyranni,
1571 1541 1644 1582 ac
1699 1519 1777 1582 de
1832 1519 2064 1602 quibus
2120 1522 2372 1604 saepius
2432 1522 2498 1586 in
2548 1522 2658 1586 illo

346 1614 630 1679 Concilio
698 1614 941 1677 mentio
1011 1614 1184 1677 facta
1250 1617 1408 1691 erat.
1524 1613 1890 1679 Exstinctio
1959 1615 2238 1680 haeresis
2305 1623 2369 1682 et
2430 1619 2659 1682 erroris

343 1716 704 1793 praeterea,
765 1731 964 1794 quum
1019 1710 1363 1774 exstinctio
1417 1710 1780 1776 schismatis
1838 1714 2005 1775 esset
2061 1713 2302 1793 primus
2349 1715 2522 1790 finis,
2586 1723 2659 1778 ut

342 1829 568 1890 scopus
627 1807 793 1870 alter
843 1805 1113 1871 Concilii
1168 1806 1557 1884 habebatur,
1623 1814 1689 1871 et
1736 1807 2040 1872 Oratores
2095 1808 2328 1874 Poloni
2384 1832 2656 1895 conque-

341 1905 652 1968 rebantur
721 1904 799 1967 de
863 1900 1106 1986 Synodi
1168 1904 1588 1988 negligentia.
1712 1905 1992 1969 Proinde
2066 1909 2323 1990 quando
2375 1908 2660 1992 loquitur
2713 1981 2716 1982 ⁷

343 2000 669 2065 Martinus
711 1999 792 2068 V.
844 1999 921 2063 de
971 2000 1242 2065 materia
1295 2000 1474 2075 fidei,
1537 2002 1850 2084 intelligit
1911 2023 2010 2079 ea,
2075 2026 2235 2087 quae
2286 2006 2451 2069 circa
2506 2006 2659 2069 hae-

341 2120 515 2162 reses
583 2103 650 2162 et
714 2118 959 2160 errores
1019 2097 1192 2160 facta
1252 2104 1460 2165 erant.
1521 2134 1609 2142 —
1673 2097 1946 2163 Limitat
2005 2099 2155 2164 dein
2219 2099 2540 2165 Martinus
2580 2101 2659 2169 V.

342 2216 642 2277 expresse
687 2193 1232 2277 ⁰approbationem
1294 2193 1370 2257 ad
1435 2216 1538 2270 ea,
1603 2217 1770 2279 quae
1832 2196 1900 2259 in
1961 2197 2246 2261 materiis
2307 2197 2451 2261 fidei
2514 2218 2656 2281 eon:

342 2291 664 2357 ciliariter
738 2290 992 2355 decreta
1069 2294 1285 2365 erant,
1362 2313 1436 2355 eo
1513 2292 1649 2374 ipso
1726 2292 2054 2356 declinans
2129 2295 2657 2376 approbationem

422 2373 565 2386 ,υ--ο-ο,

347 2412 593 2472 eorum,
647 2409 812 2472 quae
858 2386 1282 2450 tumultuario
1330 2387 1515 2451 modo
1563 2389 1665 2452 vel
1711 2410 1823 2470 per
1864 2390 2162 2452 nationes
2208 2394 2465 2454 tantum
2512 2391 2656 2472 (ng-

346 2484 709 2554 tionaliter)
770 2484 1023 2549 decreta
1081 2488 1284 2549 erant.
1390 2483 1667 2549 Videtur
1724 2483 2030 2549 Pontifex
2100 2486 2352 2570 quidem
2420 2487 2658 2553 directe

343 2578 658 2668 edgitasse
724 2583 801 2646 de
871 2581 1130 2665 negotio
1197 2581 1370 2645 illius
1446 2579 1859 2665 Falkenberg
1934 2590 1999 2646 et
2067 2584 2267 2647 libelli
2343 2586 2477 2668 ejus
2550 2585 2656 2669 qui

343 2681 677 2745 dicebatur
735 2702 771 2742 a
834 2678 1210 2743 nationibus
1273 2679 1404 2762 jam
1466 2679 1885 2762 proscriptu8‚
1950 2679 2059 2744 sed
2122 2682 2413 2763 generali
2475 2681 2659 2745 modo

345 2778 649 2862 loquendi
712 2776 984 2851 indicat,
1053 2797 1120 2838 se
1187 2771 1359 2838 nihil
1421 2776 1741 2858 accipere,
1810 2775 1934 2840 nisi
2000 2776 2168 2860 quod
2232 2779 2661 2843 conciliariter

344 2880 661 2939 statutum
714 2877 870 2936 erat.

527 3022 628 3087 28.
701 3021 782 3085 In
849 3019 1132 3085 Concilio
1192 3019 1683 3084 constantiensi
1745 3019 1929 3101 plura
1992 3025 2249 3102 praeter
2313 3022 2651 3104 antiquum
2695 3034 2796 3104 §qn
2823 3033 2962 3075 eonci-

345 3125 412 3184 et
475 3118 819 3204 juridicum
891 3137 1133 3180 morem
1203 3114 1634 3179 Conciliorum
1703 3115 2104 3191 acciderunt;
2189 3117 2486 3181 nolumus
2555 3122 2657 3181 ta-
2673 3095 2844 3137 haum
2861 3094 2989 3137 fam·

344 3238 492 3280 men
539 3216 718 3279 illam
762 3235 1003 3289 vocem,
1051 3209 1490 3276 conciliariter
1534 3209 1815 3289 decreta,
1872 3213 2142 3276 nimium
2191 3234 2437 3297 urgere.
2531 3213 2657 3278 Sed

343 3317 632 3389 constat,
693 3310 1048 3375 Martinum
1101 3310 1166 3373 id
1222 3308 1451 3373 saltem
1510 3308 1947 3391 requisivisse,
2004 3316 2079 3374 ut
2135 3334 2265 3376 non
2322 3311 2506 3375 modo
2551 3318 2658 3374 tn-

342 3409 691 3472 multuario
755 3411 818 3471 et
880 3405 1277 3481 inordinate,
1346 3425 1465 3468 nec
1525 3425 1642 3487 per
1704 3407 1998 3470 nationes
2064 3411 2353 3484 tantum,
2418 3407 2528 3472 sed
2591 3409 2655 3471 in

344 3505 538 3588 plena
597 3504 865 3569 Concilii
924 3503 1210 3566 sessione
1269 3502 1559 3585 generali
1616 3505 1682 3564 et
1744 3500 2288 3568 consentientibus
2339 3501 2657 3568 Cardina-

362 3593 604 3627 *aff-‘'¹’'
1903 3600 1910 3604 ·

525 3754 566 3825 ²)
607 3758 699 3810 Ita
733 3771 845 3809 rem
885 3756 1089 3822 optime
1123 3755 1362 3823 explicat
1401 3756 1466 3809 cl.
1504 3755 1700 3810 Hefelc
1739 3762 1931 3811 contra
1967 3757 2325 3812 assertionem
2365 3775 2470 3825 qua
2506 3759 2655 3812 Hub-

343 3838 428 3891 ler
465 3837 773 3902 contendit,
816 3837 915 3890 illa
952 3837 1119 3891 verba
1164 3836 1318 3890 unice
1355 3836 1424 3890 ad
1463 3835 1744 3904 negotium
1784 3841 1840 3890 et
1874 3836 2118 3891 libellum
2154 3837 2191 3890 J
2194 3836 2386 3890 oannis
2422 3838 2657 3893 Falken-

343 3917 482 3984 berg
528 3915 818 3970 referenda
864 3931 1000 3970 esse.
1075 3916 1141 3968 In
1190 3915 1510 3982 quaestione
1558 3915 1625 3969 de
1672 3914 2038 3983 tyrannicidio
2087 3917 2345 3970 damnata
2382 3917 2564 3972 fuerat
2601 3918 2658 3970 in

344 4011 476 4050 sess.
513 3995 661 4050 XIV.
709 3994 960 4049 doctrina
1004 3995 1232 4050 Joannis
1269 3994 1437 4049 Parvi
1483 3995 1548 4049 de
1593 3994 1751 4049 licito
1798 3995 1905 4049 imo
1951 3994 2227 4050 meritorio
2273 3997 2657 4062 tyrannicidi0‚

345 4093 377 4130 a
427 4074 662 4129 subditis
713 4074 877 4129 etiam
931 4074 1116 4130 dolose
1163 4080 1494 4143 perpetrato.
1589 4073 1929 4143 Quapropter
1975 4077 2045 4128 ad
2092 4076 2233 4129 hanc
2284 4076 2656 4141 quaestionem

344 4155 510 4209 verba
544 4154 772 4208 Martini
799 4154 865 4209 V.
913 4161 1061 4209 certe
1108 4154 1311 4221 optime
1358 4153 1733 4223 applicantur3
1784 4161 2032 4209 attamen
2078 4156 2235 4209 modo
2282 4155 2526 4223 loquitur
2562 4171 2655 4223 ge·

343 4233 533 4289 nerali.
609 4234 676 4292 V.
712 4233 922 4311 H—efele‚
961 4234 1018 4286 C.
1057 4233 1122 4287 G.
1148 4234 1275 4288 VII.
1315 4234 1363 4300 ἓ.
1403 4237 1522 4287 778.
