3281 5014
1022 429 1105 483 De
1139 428 1305 484 Bulla
1349 427 1528 483 Unam
1554 428 1835 484 Sanctam.
2513 430 2583 484 65

262 568 379 656 (ad
433 571 846 656 patientiam)
900 570 1241 636 Ecclesiae.
1343 568 1447 638 Ita
1500 571 1852 636 universim
1907 571 2349 637 subm-dinatio
2402 575 2582 655 pote·

265 668 460 733 statis
507 666 884 750 temporalis
922 667 1048 730 sub
1092 666 1412 751 spirituali
1459 668 1860 751 exprimitur.
1873 665 1922 753 ¹)

447 816 550 880 70.
597 815 835 894 Quodsi
880 815 1071 881 modo
1124 819 1532 899 comparatur
1578 815 1975 882 Constitutio
2034 815 2246 883 Unam
2289 820 2582 895 sanctam
2603 810 2763 853 ‘'m'‘
2806 811 2914 855 ⁰⁰¹²·

264 935 413 979 cum
471 913 921 978 Decretalibus
973 912 1348 978 Innocentii
1402 910 1522 977 ΙΙΙ.
1578 909 1780 977 Novit
1835 917 1903 978 et
1956 911 2089 978 Per
2128 872 2888 991 Venerabilem,⁸i·.ioti²1ttoe⁰.⁸

266 1010 427 1075 haec
500 1014 862 1093 opportune
938 1008 1366 1074 animadverti
1443 1014 1742 1093 possunt:
1820 1006 1891 1073 1⁰
1953 1011 2036 1076 In
2105 1009 2583 1076 Constitutione

281 1103 494 1171 Unam
553 1107 849 1170 sanctam
908 1105 1187 1169 maxime
1247 1104 1605 1170 adstruitur
1669 1112 1735 1170 et
1803 1107 2126 1172 evolvitur
2179 1104 2585 1188 principium

265 1200 760 1273 fundamentale
815 1199 1115 1267 subordin
1124 1202 1361 1266 ationis
1416 1203 1757 1285 potestatis
1811 1203 2181 1287 temporalis
2228 1202 2347 1269 sub
2402 1208 2587 1287 pote-

267 1304 439 1363 state
484 1298 826 1383 spirituali.
891 1335 971 1345 —
1035 1295 1110 1362 2⁰
1151 1298 1230 1363 In
1287 1299 1505 1363 eadem
1564 1305 1841 1384 urgetur
1888 1299 2184 1384 specialis
2242 1300 2587 1383 applicatio

266 1394 464 1480 hujus
529 1395 827 1479 principii
890 1395 970 1460 ad
1031 1418 1174 1461 eum
1236 1416 1481 1473 casum,
1545 1395 1803 1478 quando
1867 1400 2151 1480 potestas
2218 1396 2588 1479 temporalis

267 1490 517 1569 deviat,
566 1496 634 1556 et
677 1491 991 1557 infertur:
1045 1513 1263 1576 „ergo,
1314 1489 1375 1555 si
1418 1488 1634 1555 deviat
1680 1493 1939 1557 terrena
1976 1495 2290 1574 potestas,
2325 1490 2587 1575 judica·

271 1584 451 1651 bitur
510 1610 549 1652 a
607 1592 937 1671 potestate
996 1588 1376 1673 spirituali.“
1481 1587 1575 1654 Eo
1633 1611 1790 1653 sane
1843 1589 2177 1673 spectabat
2236 1589 2588 1653 universim

266 1685 607 1768 negotium
663 1684 833 1769 quod
889 1707 1031 1749 cum
1078 1684 1379 1769 Philippo
1425 1683 1706 1749 Pulchro
1750 1683 2122 1749 Bonifatius
2155 1683 2336 1749 V111.
2391 1685 2588 1749 habe·

268 1780 399 1845 bat.
449 1818 531 1826 -
577 1779 651 1846 3⁰
682 1780 760 1845 In
790 1780 1113 1847 Decretali
1143 1778 1345 1846 Novit
1372 1783 1617 1865 pariter
1649 1783 1984 1866 praecipue
2014 1785 2335 1846 tractatur
2369 1780 2589 1845 eadem

267 1878 563 1960 specialis
607 1878 982 1961 applicatio..
1036 1878 1206 1963 quod
1249 1876 1328 1941 de
1361 1880 1625 1960 peccato
1671 1882 1933 1943 terrena
1988 1881 2279 1962 potestas
2320 1901 2363 1942 a
2407 1877 2591 1961 spiri-

268 1974 435 2038 tuali
485 1974 765 2059 judicari
824 1975 1049 2059 possit.
1167 1973 1558 2059 Principium
1617 1974 2110 2040 fundamentale
2169 1972 2247 2039 de
2299 1973 2590 2039 subordi-

270 2070 541 2135 natione
585 2072 928 2154 potestatis
972 2078 1272 2137 terrenae
1314 2073 1434 2137 sub
1478 2072 1802 2155 spirituali
1856 2072 2077 2156 paucis
2123 2073 2195 2137 in
2241 2093 2317 2137 ea
2361 2071 2593 2138 Decre-

266 2166 393 2231 tali
437 2168 765 2234 asseritur.
831 2205 910 2215 —
970 2165 1044 2232 4⁰
1087 2168 1168 2232 In
1213 2167 1540 2234 Decretali
1584 2166 1718 2232 Per
1761 2166 2196 2233 Venerabilem
2245 2168 2591 2253 applicatio

272 2264 642 2349 generalior
706 2265 1004 2349 principii
1058 2265 1563 2331 fundamentalis
1618 2266 1703 2329 ab
1745 2265 2128 2330 Innocentio
2173 2264 2294 2329 ΙΙΙ.
2347 2264 2590 2330 indica-

273 2367 387 2425 tur
432 2366 499 2424 et
541 2362 909 2427 vindicatur
960 2362 1112 2427 dum
1157 2362 1421 2437 statuit,
1471 2359 1656 2470 ‘quod
1696 2381 1831 2427 non
1884 2359 2094 2426 solum
2144 2360 2219 2425 in
2264 2358 2594 2424 Ecclesiae

263 2455 703 2540 patrimonio,
750 2477 950 2541 super
992 2478 1124 2566 quo
1156 2456 1417 2541 plenam
1456 2456 1532 2523 in
1577 2455 2040 2540 temporalibus
2077 2456 2371 2541 qem'mus
2410 2460 2590 2541 pote-

273 2558 527 2634 statem,
581 2575 810 2620 verum
854 2555 1054 2621 etiam
1097 2555 1172 2620 in
1217 2554 1372 2619 aliis
1413 2553 1852 2637 rectoratus,
1856 2552 2069 2634 ,certis
2114 2553 2331 2620 causis
2374 2553 2590 2641 inspe-

276 2649 439 2715 ctis“
495 2652 911 2735 temporalem
951 2650 1543 2735 jurisdictionem,
1548 2649 1963 2724 ‚casualiter“
2016 2671 2400 2717 exercemus.
2479 2650 2593 2717 Ad

274 2748 420 2813 illos
467 2770 651 2816 casus
694 2749 992 2815 videlicet
1043 2751 1330 2833 pertinet
1381 2755 1522 2814 tum
1568 2745 1851 2812 deviatio
1899 2749 2013 2813 illa
2063 2754 2365 2814 terrenae
2410 2753 2593 2833 pote·

274 2845 498 2920 statis,
545 2868 674 2930 qua
719 2848 930 2931 posita
972 2845 1229 2910 ratione
1261 2843 1514 2927 peccati
1557 2845 1716 2910 haec
1759 2867 1799 2910 a
1843 2846 2164 2929 spirituali
2208 2845 2597 2911 auctoritate

268 2941 693 3028 judicabitur,
738 2949 877 3008 tum
924 2941 1046 3007 alii
1090 2960 1298 3021 castis,
1345 2944 1417 3006 in
1461 2942 1697 3026 quibus
1742 2943 1983 3009 bonum
2029 2942 2372 3020 Ecclesiae,
2419 2963 2593 3007 com-

275 3039 496 3104 munis
543 3040 828 3105 fidelium
874 3040 1254 3116 necessitas,
1309 3039 1412 3103 vel
1457 3039 1586 3104 alia
1633 3040 1804 3105 ratio
1849 3039 2051 3105 ardua
2094 3042 2315 3124 urget,
2374 3044 2443 3103 et
2488 3059 2593 3103 ca-

274 3136 579 3211 sualiter,
638 3135 1147 3202 extraordinario
1203 3135 1422 3214 modo,
1484 3134 1791 3201 Pontifex
1847 3158 2029 3201 suam
2086 3139 2471 3220 potestatem
2526 3135 2596 3200 in

275 3234 666 3315 temporalia
723 3239 1000 3299 exercet.
1060 3267 1145 3280 -
1217 3234 1290 3296 5⁰
1354 3231 1692 3298 Generalis
1749 3238 1970 3298 tamen
2033 3232 2192 3298 haec
2250 3231 2596 3316 applicatio

458 3448 503 3513 ¹)
542 3450 627 3505 Ea
663 3451 881 3507 ratione
903 3450 1081 3506 vertit
1103 3449 1355 3505 Molitor:
1390 3450 1544 3505 Nach
1575 3452 1677 3506 der
1702 3450 1973 3520 Weisung
2009 3450 2107 3505 des
2131 3448 2425 3516 Priesters,
2465 3449 2598 3504 oder

276 3529 380 3582 mit
415 3529 614 3584 dessen
653 3530 1190 3600 stillschweigender
1226 3530 1556 3599 Zulassung.
1592 3530 1655 3584 L.
1698 3546 1744 3583 c.
1781 3546 1832 3598 p.
1873 3533 1960 3584 87.
2006 3559 2074 3566 -—
2119 3529 2316 3584 Perin:
2366 3529 2504 3584 Sous
2539 3529 2599 3583 la

280 3607 552 3664 direction
599 3615 658 3664 et
701 3609 758 3663 la
802 3610 1150 3678 dependance
1198 3609 1271 3662 du
1315 3609 1491 3677 petre.
1564 3609 1693 3662 Lois
1737 3608 1850 3662 chr.
1888 3609 1947 3662 L.
1985 3609 2062 3662 II.
2099 3609 2184 3663 ch.
2220 3612 2272 3662 4.
2316 3609 2399 3664 ed.
2439 3610 2491 3662 2.
2527 3636 2596 3647 -

278 3686 719 3757 Hergeurother:
765 3689 921 3742 Nach
956 3689 1078 3744 dem
1113 3688 1320 3743 Willeu
1354 3687 1659 3756 (voluntas)
1696 3688 1794 3742 (les
1831 3686 2133 3755 Priesters,
2182 3689 2293 3741 und
2330 3703 2391 3742 so
2427 3687 2598 3756 lange

281 3780 340 3820 er
385 3782 446 3820 es
492 3766 701 3822 duldet.
763 3767 972 3822 Kirche
1019 3768 1129 3821 und
1174 3767 1349 3821 Staat.
1398 3767 1449 3820 S.
1492 3768 1613 3819 301.
1661 3797 1728 3803 —
1767 3765 1951 3820 Tosti:
2006 3766 2250 3821 Secondo
2299 3766 2529 3821 l’ordine
2567 3781 2597 3820 e

281 3843 336 3898 la
379 3844 734 3913 permissione
779 3847 868 3901 del
911 3846 1064 3914 Papa
1100 3845 1279 3901 Bonis.
1307 3845 1465 3899 V111.
1509 3845 1574 3899 P.
1619 3845 1694 3899 II.
1742 3861 1794 3913 p.
1836 3847 1952 3899 153.
2047 3844 2244 3900 Hefele
2291 3844 2470 3900 vertit
2512 3844 2598 3899 uti

281 3923 397 3977 Em.
448 3923 890 3992 Hergeurother‚
948 3926 1006 3979 C.
1055 3925 1121 3979 G.
1171 3925 1236 3979 B.
1274 3925 1371 3980 VI.
1419 3941 1470 3993 p.
1519 3926 1643 3978 316.
1729 3924 1834 3978 Sed
1883 3925 2005 3979 Em.
2054 3923 2324 3993 Manuing
2371 3923 2598 3980 videtur

280 4003 467 4073 potius
512 4003 746 4057 alterum
790 4019 1009 4060 sensum
1055 4003 1233 4072 sequi,
1283 4005 1410 4058 dum
1452 4003 1701 4072 exponit:
1748 4002 1834 4070 By
1877 4004 1974 4058 the
2009 4003 2156 4058 hand
2193 4003 2255 4057 of
2283 4003 2452 4072 kings
2489 4003 2598 4056 and

279 4080 515 4212 gudiers
531 4124 544 4148 ,
591 4083 797 4217 hugbat
830 4085 927 4139 the
965 4082 1194 4152 biddiug
1242 4083 1350 4137 and
1386 4082 1689 4140 sufferauce
1724 4082 1784 4136 of
1813 4082 1910 4138 the
1942 4082 2143 4138 Priest.
2217 4082 2335 4136 The
2359 4082 2597 4136 Vatican

332 4174 538 4229 eerees,
571 4178 626 4231 p.
735 4203 748 4216 .

2318 4246 2383 4300 5*
