3281 5014
603 434 704 488 106
1052 433 1254 489 XXXI.
1291 435 1375 490 De
1409 434 1709 491 abolitione
1748 432 1967 488 Ordinis
2004 433 2453 503 Templariornm.

594 576 825 658 qenter
876 573 1070 639 lectae
1129 578 1190 639 et
1248 575 1666 642 examinatae
1719 574 2003 641 solerter.
2106 574 2450 642 Conclusio
2505 597 2656 641 vero
2704 577 2909 640 totius

599 671 849 757 negotii
901 679 1224 738 reservata
1281 673 1409 739 fuit
1452 673 1740 739 Concilio
1785 673 2194 739 oecumenico
2223 671 2513 739 Viennae
2559 695 2708 739 mox
2754 695 2910 738 con-

602 768 954 854 gregando.

1689 1029 1826 1100 111.

605 1175 738 1242 De
781 1174 1231 1241 abobtotono
1264 1173 2353 1339 Ordmlisiegenwzariorum
2398 1178 2500 1242 ‘in
2546 1175 2910 1242 Concilio

1717 1291 1926 1340 nens
1967 1318 1987 1339 .

310 1457 552 1532 09an
786 1447 890 1511 24.
951 1444 1148 1511 Anno
1205 1444 1484 1511 Domini
1536 1446 1623 1512 M
1621 1444 1901 1513 GOOXI
1947 1451 2329 1530 conqreqato
2390 1444 2672 1511 Concilio
2725 1463 2913 1528 yene-

302 1522 565 1568 V¹⁰¹²¹²⁸¹¹⁸⁶·
607 1541 740 1608 rali
776 1541 1060 1608 Viennae
1087 1562 1204 1624 per
1229 1542 1715 1612 sanctissimum
1745 1543 2108 1609 Dominum
2139 1542 2529 1609 Clementem
2558 1542 2812 1625 Papam
2842 1541 2909 1607 V.

605 1659 818 1705 mense
852 1638 1126 1718 Octobri,
1172 1638 1248 1705 in
1284 1634 1511 1722 prima
1548 1641 1826 1706 sessione
1870 1661 2011 1721 sua,
2059 1661 2225 1724 quae
2263 1639 2404 1723 fuit
2447 1639 2690 1705 decima
2728 1643 2912 1703 sexta

602 1734 706 1800 die
761 1734 973 1819 ipsius
1025 1735 1292 1816 mensis,
1346 1736 1566 1819 primo
1616 1738 1954 1820 proposito
2001 1737 2191 1803 verbo
2247 1736 2525 1803 Domini
2583 1739 2914 1818 assumpto

606 1831 915 1898 themate:
964 1831 1093 1913 „In
1132 1831 1401 1897 concilio
1437 1832 1771 1916 justorum
1801 1837 1862 1898 et
1891 1833 2385 1917 conyreqatione
2431 1852 2672 1916 maqna
2719 1851 2915 1914 opera

604 1928 901 2009 Domini,
911 1931 942 1964 “
990 1928 1064 1994 in
1114 1929 1292 1994 omni
1334 1929 1524 1995 verbo
1568 1930 1712 2013 ejus
1755 1930 2055 2014 exposuit
2098 1929 2312 1995 dictus
2353 1930 2540 2012 Papa
2587 1934 2718 1995 tres
2762 1948 2913 1993 cau-

605 2047 716 2093 sas
776 2029 1050 2109 propter
1124 2046 1290 2108 quas
1362 2025 1501 2109 ipse
1575 2027 1859 2093 duxerat
1939 2026 2302 2093 Concilium
2376 2025 2911 2111 conqreyandum.

610 2122 845 2189 Prima
884 2121 1024 2205 fuit
1062 2143 1184 2206 pro
1227 2123 1482 2206 neyotio
1538 2124 2060 2207 Templariorum
2101 2129 2162 2190 et
2210 2123 2452 2189 Ordine
2496 2145 2747 2204 eorum,
2800 2121 2915 2205 qui

609 2240 808 2303 super
864 2218 1073 2284 variis
1130 2218 1504 2286 haeresibus
1560 2226 1622 2285 et
1675 2221 1984 2305 nefandis
2038 2220 2373 2287 erroribus
2428 2221 2706 2303 fuerunt
2758 2239 2912 2304 qra-

611 2317 779 2382 viter
823 2319 883 2380 et
937 2316 1387 2399 multipliciter
1437 2316 1780 2400 infamati,
1840 2321 1901 2383 et
1958 2317 2151 2383 multi
2197 2338 2542 2401 processus
2593 2321 2656 2382 et
2696 2315 2914 2398 inqui-

608 2413 879 2482 sitiones
934 2417 1163 2479 contra
1201 2433 1304 2478 eos
1344 2413 1527 2496 facti.
1605 2413 1902 2481 Secunda
1937 2419 2210 2498 propter
2240 2435 2621 2481 succursum
2665 2418 2727 2478 et
2769 2411 2916 2477 sub-

608 2511 853 2578 sidium
910 2511 1151 2576 Terrae
1201 2516 1481 2577 sanctae.
1581 2512 1804 2577 Tertia
1848 2534 1977 2596 pro
2031 2512 2496 2595 reformatione
2550 2531 2803 2578 morum
2857 2513 2921 2575 et

606 2607 1074 2691 reformatione
1133 2612 1345 2675 status
1404 2608 1886 2693 ecclesiastici.¹)
1987 2611 2169 2687 Quod
2224 2609 2305 2674 ad
2361 2608 2632 2674 Patrum
2692 2630 2919 2673 nume-

607 2729 780 2790 rum,
839 2707 951 2790 qui
1010 2705 1091 2771 ad
1152 2707 1272 2771 hoc
1318 2704 1671 2772 Concilium
1718 2730 1794 2772 ex
1859 2709 2053 2772 variis
2095 2709 2268 2773 orbis
2326 2706 2617 2790 partibus
2674 2704 2918 2770 conflu-

607 2824 795 2881 xere,
858 2803 1124 2880 attinet,
1187 2801 1251 2868 S.
1297 2802 1703 2885 AntoninuS‚
1762 2825 2038 2888 sequens
2085 2825 2161 2868 ea
2212 2824 2377 2888 quae
2423 2802 2621 2866 habet
2654 2800 2920 2877 Villani,

604 2899 858 2964 scribit:
906 2898 1331 2976 „Praesentes
1362 2899 1625 2966 fuerunt
1673 2901 1813 2984 plus
1858 2922 2047 2985 quam
2080 2900 2356 2965 trecenti
2402 2898 2700 2982 episcopi,
2749 2898 2922 2962 ultra

606 2995 769 3061 alios
828 2997 1183 3079 praelatos,
1247 2996 1325 3061 de
1389 2996 1654 3062 diversis
1717 2998 2009 3082 partibus
2072 2992 2378 3076 orbis.“²)
2492 2994 2922 3060 Continuator

610 3098 832 3158 tamen
890 3090 1132 3178 Nangii
1192 3094 1398 3158 multo
1462 3095 1707 3159 arctius
1769 3091 1943 3158 hunc
2005 3092 2272 3157 Patrum
2331 3113 2668 3157 numerum
2723 3090 2918 3174 cogit.

611 3187 1009 3267 „Concilium
1078 3189 1415 3275 generale,
1489 3191 1748 3266 scribit,
1826 3189 1994 3274 quod
2068 3187 2249 3274 Papa
2321 3188 2613 3255 Clemens
2679 3186 2924 3251 fecerat

611 3289 976 3364 convocari,
1039 3287 1245 3371 prima
1301 3286 1404 3352 die
1468 3288 1706 3352 mensis
1765 3285 2062 3351 Octobris
2122 3285 2285 3371 apud
2318 3285 2643 3350 Viennam
2699 3282 2919 3348 urbem

611 3382 996 3449 Provinciae
1063 3388 1322 3448 centum
1400 3383 1886 3468 quatuordecim
1960 3382 2399 3447 Praelatorum
2474 3404 2621 3446 cum
2693 3379 2923 3462 mitris,

612 3478 852 3564 absque
919 3472 1193 3544 caeteris
1259 3502 1394 3545 non
1476 3480 1756 3545 mitratis
1825 3485 1892 3544 et
1959 3480 2326 3545 absentium
2402 3476 2927 3563 procuratoribus

611 3572 1178 3662 congregatur.“⁸)
1269 3575 1613 3641 Adsertum
1670 3575 1791 3641 hoc
1837 3577 2051 3642 coaevi
2110 3575 2387 3641 auctoris
2444 3575 2655 3658 potius
2702 3579 2780 3638 ut
2823 3593 2929 3637 ve·

613 3694 756 3737 rum
817 3672 1183 3738 habendum
1250 3677 1364 3738 est.
1475 3670 1624 3737 Non
1691 3674 1898 3737 solum
1954 3677 2175 3738 tamen
2239 3694 2315 3738 ex
2374 3671 2612 3754 Gallia,
2676 3670 2787 3735 sed
2826 3691 2926 3751 rex

615 3768 835 3834 multis
893 3770 1266 3855 regionibus
1325 3769 1650 3854 praesules
1706 3775 2171 3851 convenerunt3
2237 3791 2384 3833 nam
2455 3790 2531 3832 ex
2590 3766 2928 3851 Hispania,

795 4011 838 4082 ¹)
874 4012 976 4067 ΜΒ.
1014 4013 1159 4069 Bibl.
1184 4013 1313 4067 Vat.
1351 4011 1496 4082 sign.
1533 4029 1585 4068 n.
1623 4015 1765 4066 4177
1802 4014 1947 4081 apud
1985 4014 2161 4082 Rayn.
2201 4014 2270 4067 ad
2307 4029 2356 4067 a.
2398 4013 2551 4069 1311.
2587 4028 2641 4066 n.
2680 4013 2767 4066 54.

792 4091 837 4157 2)
874 4093 1021 4147 Hist.
1061 4094 1191 4149 eccl.
1228 4093 1293 4146 P.
1329 4092 1438 4147 111.
1490 4091 1580 4146 tit.
1618 4091 1768 4146 XXI.
1807 4108 1852 4147 c.
1889 4095 1938 4147 3.
2035 4099 2039 4103 “

788 4172 835 4235 ⁸)
874 4171 962 4225 Ad
997 4189 1045 4226 a.
1086 4174 1239 4226 1311.
1279 4171 1343 4225 V.
1382 4169 1671 4238 D'Achery
1710 4170 1969 4241 Spicileg.
2009 4172 2071 4227 Τ.
2110 4171 2214 4224 ΙΗ.
2256 4188 2306 4239 p.
2347 4173 2433 4226 65.
