3281 5014
406 1966 632 2010 Ludoviou

378 2031 662 2132 ⁰¹⁰⁰mn2mi'
697 2071 916 2136 dovico
971 2073 1432 2154 exspectasset,
1497 2070 1751 2135 demum
1807 2068 1909 2134 die
1968 2066 2084 2132 23⁰
2139 2068 2360 2135 Martii
2414 2095 2472 2137 a.
2536 2072 2704 2136 1324
2755 2093 3006 2171 excom:

716 477 813 528 192
1127 474 1357 529 XXXII.
1398 474 1479 530 De
1517 473 1875 530 Pontificibus
1913 474 2196 530 Avenione
2235 475 2601 531 commoratiS.

714 616 1071 681 Ludovicus
1118 638 1309 700 quum
1373 615 1454 681 ad
1509 617 1720 700 ipsum
1766 617 2033 680 nuntius
2089 618 2490 699 pervenisset
2542 618 2619 682 de
2665 619 2802 683 lata
2848 618 3015 684 Pon-

705 714 897 779 tificis
959 714 1303 789 sententia,
1362 714 1611 798 legatos
1674 712 1852 777 misit
1908 713 2336 791 Avenionem‚
2407 715 2517 798 qui
2579 716 2858 799 spatium
2917 716 3017 779 ul—

704 810 906 876 terius
952 810 1221 874 duorum
1269 811 1580 874 mensium
1640 809 1763 893 ipsi
1808 809 2199 874 obtinerent.
2293 807 2418 875 Sed
2472 832 2667 894 quum
2712 812 2821 877 isti
2868 834 3017 897 pro-

705 907 860 972 fecti
907 911 1142 985 essent,
1191 910 1264 971 ut
1307 906 1645 971 Avenione
1693 905 1997 971 Ludovici
2048 928 2301 972 causam
2349 916 2823 990 promoverent,
2869 931 3014 974 mox

703 1005 1000 1089 princeps
1060 1003 1161 1068 hic
1217 1003 1454 1068 bellum
1508 1005 1578 1068 in
1625 1002 1932 1068 Friderici
1988 1004 2260 1068 asseclas
2316 1003 2584 1082 indixit,
2644 1027 2717 1070 ac
2761 1004 3015 1071 Norim-

705 1102 886 1187 bergi
947 1101 1476 1185 protestationem
1532 1099 1734 1165 edidit
1788 1105 2014 1165 contra
2071 1108 2216 1165 acta
2272 1099 2549 1165 Joannis
2609 1099 2834 1168 XXII.
2934 1104 3013 1167 In

702 1200 821 1265 hac
865 1199 1333 1283 protestatione
1379 1199 1664 1283 negavit,
1709 1197 2058 1281 Imperium
2109 1219 2351 1274 vacare,
2399 1201 2465 1261 et
2514 1197 2805 1265 Romano
2846 1200 3013 1265 Pon·

702 1297 860 1360 tifici
907 1296 1016 1380 jus
1065 1315 1232 1370 esse,
1300 1294 1498 1378 (quod
1560 1300 1781 1360 tamen
1842 1294 2150 1359 Albertus
2212 1295 2586 1359 Austriacus
2644 1298 2765 1361 sub
2819 1297 3012 1363 Boni-

701 1392 859 1458 fatio
910 1390 1088 1455 VIII.
1151 1389 1550 1474 admiserat),
1615 1392 1984 1456 examinare
2057 1392 2433 1456 electionem
2503 1395 2670 1477 regis
2734 1393 3011 1460 Romani

700 1490 778 1554 ad
834 1489 1214 1574 dignitatem
1271 1489 1664 1572 imperialem
1722 1490 1781 1552 ei
1837 1488 2310 1553 conferendam.
2414 1486 2710 1573 Regnum
2765 1495 2831 1555 et
2885 1491 3010 1556 Im·

698 1587 945 1670 perium
992 1586 1114 1650 sibi
1159 1585 1499 1651 convenire
1558 1586 1878 1651 immerito
1932 1585 2270 1649 contendit
2317 1605 2424 1666 e0,
2483 1586 2653 1669 quod
2698 1609 2736 1651 a
2782 1589 3009 1672 majori

698 1688 880 1768 parte
944 1684 1289 1747 electorum
1355 1687 1609 1748 creatus
1676 1687 1742 1747 et
1800 1682 2196 1767 Aquisgrani
2260 1692 2604 1748 coronatus
2665 1686 2772 1749 sit.
2873 1684 3008 1749 Imo

698 1780 915 1846 foedas
962 1780 1164 1845 movit
1202 1781 1267 1844 in
1316 1779 1696 1844 Pontificem
1742 1779 2213 1857 accusationes,
2276 1781 2446 1864 quod
2490 1783 2725 1848 abusus
2770 1782 2839 1845 in
2888 1780 3009 1846 Ec·

699 1879 890 1942 clesia
937 1877 1170 1954 foveat,
1219 1882 1282 1940 et
1329 1876 1853 1941 convocationem
1903 1877 2187 1959 postulat
2234 1876 2504 1944 Concilii
2548 1879 2886 1964 generalis.
2930 1914 3007 1923 -—

634 1982 654 2010 ⁸
699 1975 985 2040 Joannes
1031 1972 1254 2038 XXII.
1312 1995 1512 2057 quum
1558 1973 1803 2038 frustra
1855 1971 2322 2039 conciliationis
2379 1976 2746 2041 tentamina
2789 1998 2827 2039 a
2870 1974 3007 2039 Lu-

696 2167 1151 2258 municatipnis
1215 2168 1542 2258 sententia
1606 2189 1751 2231 eum
1813 2167 2096 2231 confixit.
2204 2166 2564 2234 Ludovicus
2629 2190 2808 2245 ver0,
2865 2161 3004 2252 jam

694 2251 1170 2330 circumventus*
1191 2253 1261 2326 ma
1320 2263 1896 2328 Pseudominoritis
1958 2264 2428 2347 spiritualibus,
2500 2265 2666 2350 apud
2729 2263 3003 2330 Franco·

693 2363 935 2428 furtum
999 2360 1286 2426 libellum
1354 2360 1985 2426 vehementissimum
2051 2360 2251 2425 edidit
2316 2368 2545 2428 contra
2602 2361 3003 2443 Pontificem,

692 2482 820 2547 quo
865 2460 1075 2544 ipsum
1118 2458 1409 2524 refellere
1442 2457 1658 2522 studet
1703 2462 1898 2543 atque
1944 2458 2140 2523 etiam
2172 2458 2450 2526 haeresis
2498 2462 2775 2540 accusat,
2823 2481 3001 2543 prae-

690 2558 872 2641 cipue
929 2561 1194 2641 propter
1247 2559 1553 2640 negatam
1614 2554 1855 2620 Christi
1909 2560 1976 2619 et
2027 2555 2484 2639 Apostolorum
2539 2561 3001 2642 paupertatem.

690 2654 790 2718 Ex
859 2655 998 2739 ipsa
1058 2652 1249 2738 hujus
1317 2652 1741 2717 accusationis
1814 2657 1879 2715 et
1949 2653 2245 2736 querelae
2319 2653 2530 2737 ampla
2599 2653 3002 2737 expositione

692 2752 1103 2816 manifestum
1168 2754 1295 2824 est,
1372 2747 1948 2813 Pseudominoritis
2013 2749 2382 2814 auctoribus
2445 2750 2639 2815 istum
2710 2749 3000 2814 libellum

690 2849 1052 2914 confectum
1120 2847 1338 2911 fuisse.
1461 2844 1561 2908 Ad
1629 2844 1986 2909 Concilium
2063 2867 2319 2929 quoque
2392 2849 2696 2930 generale
2764 2846 3015 2910 ibidem

688 2945 1047 3010 Ludovicus
1101 2947 1325 3008 contra
1369 2941 1690 3007 Joannem
1751 2943 2061 3025 appellat,
2122 2946 2187 3006 et
2233 2943 2389 3026 jura
2434 2942 2694 3026 Imperii
2737 2943 2999 3008 omnino

685 3065 723 3107 a
786 3041 1099 3107 Pontifice
1161 3039 1414 3118 violari,
1486 3039 1713 3103 acerbe
1777 3037 2267 3123 conqueritur.¹)
2373 3039 2474 3103 Ad
2543 3039 2859 3124 principes
2933 3041 2996 3104 in

684 3140 1004 3205 Joannem
1047 3137 1462 3203 concitandos
1509 3137 1746 3220 sparsit
1803 3136 1997 3200 etiam
2048 3158 2396 3215 rumorem,
2457 3136 2551 3201 nil
2599 3136 2775 3201 aliud
2827 3135 2997 3201 Pon·

683 3237 919 3302 tificem
991 3232 1250 3298 Gallum
1317 3233 1557 3310 moliri,
1625 3255 1819 3317 quam
1890 3238 1963 3298 ut
2035 3232 2374 3298 Germanis
2442 3234 2812 3318 augustales
2878 3234 2998 3298 eri-

683 3338 861 3417 peret
906 3333 1148 3416 apiceS,
1212 3335 1279 3395 et
1322 3329 1738 3413 Imperatoris
1793 3329 2055 3394 creandi
2112 3330 2494 3395 auctoritate
2553 3330 2631 3394 ad
2689 3352 2758 3394 se
2813 3352 2995 3395 revo-

682 3437 862 3508 cata,
942 3430 1248 3493 electores
1316 3426 1634 3511 principes
1713 3426 1959 3492 ferendi
2032 3426 2319 3511 suffragii
2383 3429 2534 3511 jure
2607 3427 2996 3492 deturbaret.

683 3527 805 3591 His
861 3524 1219 3591 rumoribus
1277 3545 1359 3588 ne
1416 3523 1737 3606 principes
1785 3528 2224 3601 moverentur,
2285 3522 2571 3588 Joannes
2626 3523 2866 3588 litteris
2913 3524 2992 3588 ad

680 3625 986 3689 electores
1031 3622 1197 3685 datis
1244 3621 1595 3685 calumnias
1657 3621 1814 3686 istas
1856 3621 2112 3705 rejecit,
2169 3642 2244 3686 ac
2286 3621 2660 3686 solemniter
2712 3625 2991 3686 testatus

681 3727 814 3803 est,
889 3741 957 3784 se
1025 3740 1137 3802 per
1212 3739 1545 3800 processus
1617 3724 1845 3782 contra
1912 3716 2301 3783 Ludovicum
2376 3717 2708 3781 institutos
2782 3717 2989 3781 nulla·

681 3823 869 3882 tenus
927 3817 1274 3880 electorum
1330 3814 1581 3898 juribus
1627 3815 1790 3879 velle
1848 3813 2174 3898 derogare.
2271 3812 2357 3877 Et
2413 3834 2483 3878 re
2540 3812 2794 3897 quidem
2841 3835 2992 3877 vera

678 3914 743 3978 id
788 3914 1198 3993 manifestum
1247 3916 1375 3987 est,
1422 3911 1743 3976 Joannem
1785 3912 1933 3976 dum
1980 3912 2100 3976 sibi
2147 3933 2416 3976 examen
2464 3910 2693 3974 dubiae
2739 3911 2992 3976 electio·

679 4012 783 4077 nis
842 4015 909 4075 et
964 4011 1151 4075 electi
1199 4009 1659 4086 vindicaverat,
1722 4013 1789 4073 et
1847 4009 2144 4093 indignos
2198 4031 2265 4073 se
2322 4031 2360 4073 a
2417 4008 2736 4095 dignitate
2794 4009 2990 4092 impe·

856 4220 900 4287 ¹)
936 4221 1001 4274 V.
1040 4219 1223 4274 Balut.
1249 4218 1413 4275 Vitae
1451 4219 1613 4273 Pont.
1653 4218 1714 4272 Τ.
1752 4218 1824 4272 ΙΙ.
1850 4234 1916 4285 ·p.
1955 4220 2078 4273 478.
