3281 5014
604 391 706 443 186
1018 389 1250 443 XXXII.
1288 390 1371 445 De
1407 388 1764 444 Pontificibus
1802 390 2082 445 Avenione
2123 392 2484 445 commoratis.

338 536 508 606 E300tio
777 531 883 594 40.
975 529 1070 595 Eo
1128 532 1429 613 temporis
1483 531 1827 595 intervallo
1887 553 2012 616 quo
2068 537 2299 596 sancta
2357 531 2553 597 Sedes
2603 556 2641 597 a
2698 539 2911 597 morte

284 596 580 701 duffioffipe'
605 625 955 690 Clementis
1005 625 1081 690 V.
1144 625 1273 707 (20.
1339 626 1544 711 April.
1614 627 1808 704 1314)
1875 649 2080 712 usque
2144 627 2223 691 ad
2287 629 2662 694 electionem
2706 629 2910 693 Joan-

602 723 704 786 nis
750 720 959 787 XXII.
1008 721 1098 804 (7.
1148 723 1317 806 Aug.
1371 722 1563 803 1316)
1618 724 1914 800 vacabat,
1973 724 2211 788 discors
2266 724 2441 790 facta
2487 730 2585 791 est
2628 725 2696 789 in
2748 724 2905 789 Ger-

601 819 818 882 mania
872 819 1040 902 regis
1095 819 1343 884 electio.
1442 818 1560 883 Die
1609 820 1906 884 videlicet
1956 816 2066 883 19⁰
2114 818 2411 886 Octobris
2457 845 2510 887 a.
2564 822 2730 886 1314
2777 825 2912 885 tres

510 877 528 1020 i
602 915 906 980 electores
971 914 1293 998 suffragiis
1368 916 1500 980 suis
1567 913 1985 992 Mderwum
2054 913 2515 996 Austriacum‚
2585 918 2686 982 die
2756 938 2912 981 vero

333 1037 396 1139 Ἃ
602 1012 898 1095 sequenti
971 1015 1249 1095 quatuor
1321 1012 1553 1096 reliqui
1633 1013 1797 1077 votis
1872 1015 2007 1078 suis
2084 1010 2490 1078 Ludovicum
2563 1014 2911 1079 Bavarum

601 1107 785 1176 illius,
848 1107 1300 1172 consobrinum
1370 1109 1709 1193 elegerunt
1775 1108 1845 1172 in
1914 1130 2126 1193 regem
2198 1109 2276 1172 ad
2345 1108 2689 1193 Imperium
2765 1131 2911 1192 pro-

328 1151 398 1274 li!
601 1204 1007 1269 movendum.
1103 1204 1580 1269 Advertendum
1639 1209 1856 1269 autem
1915 1210 2040 1282 est,
2094 1209 2351 1270 tantum
2413 1214 2691 1290 quatuor
2734 1207 2913 1290 prin-

602 1302 812 1384 cipum
884 1300 1229 1365 electorum
1293 1302 1442 1385 jura
1515 1301 1594 1365 ad
1663 1300 1972 1385 suffragia
2033 1301 2301 1366 ferenda
2358 1302 2627 1367 indubia
2688 1302 2911 1377 fuisse,

601 1398 795 1461 trium
867 1397 1136 1461 aliorum
1197 1397 1305 1480 jus
1374 1397 1454 1460 ab
1524 1397 1667 1461 aliis
1733 1397 2123 1481 principibus
2185 1397 2382 1462 fuisse
2442 1405 2912 1483 oppugnatum,

601 1494 696 1558 ita
751 1497 828 1558 ut
882 1497 1157 1577 uterque
1205 1514 1281 1557 ex
1332 1494 1551 1558 electis
1599 1494 1725 1558 duo
1773 1493 2025 1578 quidem
2072 1494 2341 1558 haberet
2383 1495 2689 1577 suffragia
2737 1499 2912 1558 certa

603 1590 848 1668 valida,
912 1590 1106 1654 dubia
1172 1593 1385 1653 autem
1458 1594 1789 1673 praeterea
1848 1594 1996 1654 vota
2058 1612 2261 1654 unum
2328 1589 2719 1667 Fridericus,
2785 1588 2915 1653 duo

606 1683 1046 1768 LudoviousA)
1126 1684 1327 1750 Nulla
1375 1709 1448 1751 eo
1496 1693 1785 1770 tempore
1830 1688 1934 1751 lex
1984 1692 2124 1751 erat
2171 1710 2298 1771 qua
2345 1688 2778 1763 statuebatur,
2840 1689 2912 1747 ut

605 1785 715 1868 qui
777 1807 814 1848 a
875 1784 1099 1867 majori
1161 1787 1342 1866 parte
1405 1783 1645 1847 electus
1706 1788 1872 1848 esset
1931 1805 2041 1847 rex
2110 1783 2487 1864 haberetur3
2554 1784 2724 1848 unde
2788 1783 2911 1847 ele·

605 1880 887 1945 ctoribus
946 1879 1222 1942 maxime
1287 1878 1459 1944 cordi
1516 1900 1651 1943 esse
1709 1879 2064 1955 debuisset,
2125 1886 2200 1944 ut
2264 1881 2341 1944 ad
2398 1880 2730 1944 unanimis.
2775 1878 2913 1943 suf-

605 1977 812 2060 fragia
867 1976 1297 2059 pervenirent.
1390 1974 1514 2040 Sed
1574 1976 1893 2059 principes
1958 1976 2265 2040 electores
2311 1976 2377 2040 id
2421 1997 2552 2041 non
2601 1984 2918 2041 curarunt

607 2078 803 2156 atque
862 2072 930 2136 in
988 2092 1104 2135 suo
1159 2072 1587 2155 perstiterunt
1640 2093 1866 2150 sensu,
1921 2076 2279 2156 neuterque
2333 2094 2411 2137 ex
2460 2073 2677 2138 electis
2723 2072 2912 2136 alteri

606 2170 817 2234 cessit.
907 2167 1011 2232 Ita
1075 2167 1313 2231 factum
1380 2172 1505 2250 est,
1566 2172 1638 2231 ut
1703 2168 1921 2233 eodem
1986 2168 2087 2232 die
2156 2173 2425 2253 uterque
2488 2171 2781 2252 princeps
2843 2167 2913 2231 in

605 2286 824 2349 regem
874 2268 1235 2329 sacraretur
1287 2271 1353 2329 et
1406 2270 1843 2329 coronaretur.
1938 2263 2032 2329 Ac
2079 2264 2438 2329 Fridericus
2495 2265 2750 2348 quidem
2809 2286 2913 2327 co-

606 2365 871 2426 ronatus
933 2366 1031 2425 est
1083 2360 1163 2423 ab
1222 2361 1696 2444 archiepiscopo
1754 2359 2151 2433 Coloniensi,
2209 2361 2310 2426 cui
2369 2362 2701 2425 coronatio
2749 2383 2917 2424 com·

606 2459 897 2543 petebat,
969 2454 1081 2522 sed
1150 2457 1449 2534 Bonnae,
1519 2456 1686 2542 quod
1755 2457 2054 2542 oppidum
2122 2457 2294 2523 haud
2361 2464 2500 2522 erat
2569 2457 2684 2523 tali
2754 2456 2910 2521 ritui

604 2557 1013 2622 conveniens,
1105 2555 1525 2639 Aquisgrani,
1590 2554 1662 2618 in
1723 2555 1986 2619 civitate
2047 2555 2449 2620 coronationi
2516 2576 2594 2618 ex
2639 2557 2785 2640 jure
2846 2560 2912 2618 et

605 2651 1066 2717 consuetudine
1112 2650 1468 2728 destinata,
1516 2655 1806 2716 sacratus
1855 2655 1957 2715 est
2003 2651 2383 2732 Ludovicus,
2430 2651 2539 2715 sed
2586 2651 2666 2714 ab
2713 2649 2914 2714 archi-

607 2749 900 2832 episcopo
960 2747 1383 2831 Moguntino,
1448 2748 1544 2811 cui
1610 2747 2045 2812 coronationis
2096 2749 2206 2832 jus
2266 2770 2396 2812 non
2462 2748 2913 2812 conveniebat.

607 2844 704 2908 Ex
773 2844 943 2909 hisce
1004 2843 1213 2920 vides,
1270 2847 1421 2927 Jura
1491 2843 1829 2927 utriusque
1895 2844 2198 2926 principis
2261 2844 2337 2908 ad
2395 2865 2669 2929 regnum
2729 2843 2914 2906 valde

604 2941 794 3006 dubia
853 2942 1076 3022 fuisse,
1138 2940 1678 3024 difficultatesque
1742 2943 2051 3004 maximas
2109 2941 2309 3005 veluti
2367 2961 2481 3024 per
2534 2962 2602 3004 se
2659 2960 2735 3004 ex
2783 2940 2914 3003 illis

606 3039 943 3102 eventibus
1001 3039 1429 3103 scaturivisse.
1522 3037 1739 3120 Atque
1798 3059 1946 3100 mox
2007 3036 2242 3101 bellum
2301 3037 2677 3101 acerrimum
2740 3037 2915 3099 inter

607 3139 951 3219 utrumque
997 3135 1348 3218 principem
1397 3134 1537 3218 geri
1582 3139 1872 3216 coeptum
1924 3138 2041 3197 est.

294 3281 410 3334 Quid
439 3285 577 3354 pserit
783 3276 887 3339 41.
961 3274 1105 3339 Jam
1157 3271 1495 3337 videndum
1545 3277 1644 3338 est
1687 3273 1895 3348 nobis,
1950 3295 2077 3357 qua
2120 3273 2372 3338 ratione
2419 3273 2488 3337 in
2534 3273 2654 3336 hoc
2699 3292 2911 3336 rerum

499 3358 543 3386 ¹⁶
607 3370 970 3436 discrimine
1016 3369 1319 3434 Pontifex
1377 3370 1600 3453 egerit.
1693 3369 1901 3446 Quum
1957 3374 2244 3452 tempore
2300 3369 2629 3434 electionis
2686 3373 2916 3434 sancta

782 3559 824 3630 ²)
872 3559 1114 3626 Quatuor
1160 3559 1453 3627 electores,
1502 3562 1567 3616 de
1615 3576 1840 3628 quorum
1886 3561 2006 3629 jure
2044 3577 2152 3614 non
2191 3559 2715 3623 controvertebatur,
2754 3562 2916 3612 erant

602 3648 720 3696 tres
765 3638 1183 3705 Archiepiscopi
1235 3640 1620 3708 Moguntinus,
1672 3640 2039 3705 Trevirensi8‚
2086 3638 2455 3703 ColoniensiS,
2503 3643 2559 3691 et
2602 3637 2908 3690 Palatinus,

602 3720 651 3772 A
693 3719 861 3772 Petro
908 3717 1235 3783 Moguntino
1287 3734 1350 3771 ac
1395 3718 1666 3772 Balduino
1707 3717 2017 3772 Trevirensi
2055 3717 2387 3782 Ludovicus,
2432 3716 2499 3769 ab
2537 3715 2773 3769 Hem-ico
2812 3714 2915 3768 Co·

601 3796 838 3852 loniensi
899 3802 956 3850 et
1015 3796 1294 3851 Friderico
1357 3798 1555 3852 comite
1609 3796 1866 3851 Palatino
1928 3796 2237 3850 Fridericus
2295 3797 2482 3849 Austr.
2545 3795 2752 3849 electus
2808 3798 2907 3847 est.

601 3876 703 3930 Jus
754 3875 1080 3942 reliquorum
1133 3875 1298 3929 trium
1353 3876 1647 3931 electorum
1695 3875 1901 3941 Βοόωἰ,
1950 3874 2178 3929 Saxonis
2229 3880 2286 3929 et
2332 3872 2803 3942 Brandenburgici
2851 3872 2911 3926 in

600 3955 1026 4010 controversiam
1064 3954 1384 4022 vocabatur;
1438 3954 1707 4009 Saxonum
1757 3955 1865 4008 dux
1900 3953 2201 4020 Friderico,
2250 3953 2485 4007 Boemus
2537 3961 2595 4006 et
2631 3953 2911 4006 Branden·

601 4035 857 4104 burgicus
914 4033 1191 4088 Ludovico
1249 4049 1348 4087 sua
1403 4034 1671 4101 suffragia
1725 4034 2004 4088 dederunt.
2081 4033 2188 4086 Cfr.
2237 4031 2503 4100 Raynald.
2553 4048 2600 4084 a.
2654 4033 2805 4084 1314.
2857 4046 2913 4084 n.

605 4117 668 4168 17
710 4131 824 4181 sqq.
