3281 5014
628 353 732 404 318
1222 353 1472 406 XXXIV.
1514 354 1596 407 De
1634 353 1877 409 Concilio
1917 355 2343 410 Constantiensi.

635 545 648 558 .
708 542 722 555 .
778 542 791 555 .
848 492 1239 558 damnamus
1293 497 1353 557 et
1411 494 1846 576 reprobamus,
1945 495 2166 572 Vides,
2228 497 2592 582 Eugenium
2649 519 2935 581 pronun-

629 592 790 655 tiare
847 589 1240 654 intellectum
1294 591 1791 668 Basileensium,
1845 592 2052 675 quoad
2107 594 2251 658 illas
2311 595 2810 678 propositioneS,
2865 599 2935 657 ut

322 690 484 792 822⁸?ss
511 703 573 731 ΥΘ·
627 688 1020 752 contrarium
1089 689 1307 752 sensui
1376 689 1571 771 ipsius
1635 688 1905 753 Concilii
1971 689 2507 755 ConstantiensiS.
2609 690 2753 756 Dici
2820 714 2933 755 ne-

360 764 463 793 ⁸r¹⁰
486 765 548 793 ω’
627 784 799 867 quit,
860 784 1293 849 diversitatem
1355 785 1422 848 in
1483 807 1557 848 eo
1612 785 1844 864 fuisse,
1908 787 2074 871 quod
2131 786 2529 852 Basileenses
2588 788 2935 870 superiori-

624 886 827 946 tatem
880 879 1150 947 Concilii
1211 882 1660 965 proposuerint
1716 889 1790 947 ut
1844 881 2182 948 veritatem
2228 882 2380 963 fidei
2436 882 2785 948 catholicae
2794 902 2821 964 ,·
2871 884 2935 947 id

624 980 795 1041 enim
843 978 1049 1042 solum
1108 1000 1239 1042 non
1290 978 1518 1043 fuisset
1573 981 1744 1041 tanti
1800 981 2106 1044 momenti
2157 1003 2274 1045 nec
2331 987 2743 1064 provocasset
2786 1002 2934 1045 cen·

624 1097 836 1140 suram
894 1080 1027 1138 tam
1091 1097 1407 1158 severam3
1477 1073 1588 1137 sed
1653 1096 1731 1139 ex
1790 1076 1999 1140 verbis
2065 1077 2492 1143 damnationis
2553 1077 2934 1143 concluden-

624 1173 775 1236 dum
831 1177 958 1250 est,
1018 1171 1380 1255 Eugenium
1442 1173 1707 1256 rejicere
1758 1174 2185 1250 sententiam,
2245 1197 2282 1237 a
2328 1171 2935 1238 Constantiensibus

623 1269 975 1332 universim
1025 1269 1406 1332 declaratam
1461 1291 1594 1333 esse
1648 1269 2165 1351 superioritatem
2227 1270 2496 1335 Concilii
2555 1292 2747 1354 supra
2804 1269 2934 1333 Pa-

626 1388 804 1448 pam,
867 1369 933 1428 et
1000 1365 1310 1440 indicare,
1382 1367 1505 1430 ista
1568 1365 1824 1430 decreta
1884 1387 2074 1429 sensu
2140 1367 2440 1431 restricto
2503 1388 2620 1450 pro
2686 1371 2932 1450 tempo-

623 1484 766 1526 rum
813 1461 1165 1547 adjunctis,
1221 1462 1316 1525 uti
1373 1463 1810 1545 exposuimuS,
1871 1461 2041 1526 edita
2095 1484 2249 1528 esse.
2341 1462 2772 1528 Confirmatur
2815 1462 2935 1527 hoc

624 1559 750 1622 illis
813 1560 1023 1623 verbis
1094 1559 1374 1642 ejusdem
1443 1558 1945 1624 constitutionis
2009 1558 2317 1643 Eugenii:
2394 1558 2480 1624 In
2546 1557 2661 1623 hoc
2711 1558 2937 1641 perui-

626 1652 969 1718 ciosissimi
1029 1654 1185 1719 dum
1242 1674 1428 1719 suam
1491 1652 1970 1736 malignitatem
2033 1654 2151 1719 sub
2212 1654 2513 1720 veritatis
2569 1654 2722 1736 fidei
2782 1655 2935 1737 fuco

625 1749 944 1826 colorant,
1014 1749 1505 1817 Constantiense
1572 1748 1932 1816 Concilium
1997 1750 2072 1816 in
2136 1752 2385 1817 malum
2453 1771 2529 1816 ac
2588 1751 2934 1834 reprobum

623 1867 901 1926 sensum,
949 1852 1009 1911 et
1055 1868 1095 1912 a
1142 1867 1305 1912 sana
1353 1846 1651 1911 doctrina
1688 1846 1960 1929 penitus
2003 1847 2294 1913 alienum
2331 1848 2750 1931 pertrahunt,
2799 1868 2933 1913 cae-

627 1948 913 2008 terorum
977 1943 1536 2009 schismaticorum
1600 1946 1663 2007 et
1734 1942 2204 2009 haereticorum
2262 1945 2505 2027 falsam
2569 1945 2932 2010 doctrinam

623 2044 983 2120 sequentes,
1042 2039 1157 2121 qui
1201 2039 1494 2121 confictos
1546 2060 1800 2104 errores
1852 2045 1915 2105 et
1958 2041 2165 2124 impia
2219 2042 2523 2125 dogmata
2568 2062 2648 2107 ex
2692 2041 2935 2107 divinis

626 2135 994 2219 Scripturis
1043 2142 1103 2201 et
1147 2137 1391 2202 sanctis
1436 2136 1755 2201 Patribus
1789 2157 2092 2220 perverse
2143 2137 2485 2204 intellectis
2528 2159 2778 2225 semper
2824 2139 2935 2204 ad·

622 2239 876 2298 struere
919 2234 1299 2301 moliuntur.

801 2357 1132 2422 Postremo
1181 2356 1534 2421 notandum
1583 2361 1704 2436 est,
1759 2356 1929 2440 quod
1975 2357 2310 2440 Eugenius
2356 2380 2741 2442 supponenS,
2789 2380 2932 2422 sen-

621 2477 758 2519 sum
824 2456 1185 2540 aequiorem
1248 2454 1519 2518 decretis
1577 2453 2189 2521 Constantiensibus
2251 2455 2539 2533 subesse,
2600 2476 2729 2519 non
2792 2454 2933 2520 ideo

622 2558 841 2616 tamen
889 2554 1141 2629 definit,
1201 2574 1275 2616 ea
1323 2573 1460 2615 esse
1517 2551 1773 2617 decreta
1819 2550 2087 2615 Concilii
2142 2554 2548 2618 oecumenici.
2643 2551 2781 2616 Imo
2829 2574 2935 2636 po-

621 2650 751 2712 tius
817 2650 1210 2713 contrarium
1275 2648 1547 2723 indicat,
1611 2671 1806 2732 quum
1874 2649 1995 2711 ait:
2066 2647 2474 2714 Basileenses
2533 2647 2804 2727 dixisse,
2868 2668 2934 2712 se

619 2743 959 2809 inhaerere
1018 2743 1404 2825 quibusdam
1473 2743 1774 2823 decretis,
1854 2743 1999 2807 licet
2063 2765 2189 2827 per
2254 2765 2457 2833 unam-
2527 2749 2785 2810 tantum
2854 2764 2935 2808 ex

621 2840 833 2906 tribus
904 2840 1297 2906 Obedientiis
1354 2845 1506 2923 post
1573 2861 1894 2906 recessum
1963 2840 2248 2906 Joannis
2316 2840 2618 2920 XXIII.,
2696 2841 2789 2905 sic
2859 2840 2934 2905 in

621 2937 839 3003 eadem
888 2937 1264 3002 Obedientia
1316 2938 1711 3020 nuncupati,
1776 2936 2196 3003 Constantiae
2252 2937 2594 3002 schismate
2641 2942 2795 3003 tunc
2839 2936 2932 3001 vi-

614 3038 828 3117 qente,
884 3033 1090 3098 editis.
1182 3036 1424 3112 Quibus
1474 3036 1683 3099 verbis
1728 3036 1888 3099 satis
1945 3037 2190 3113 innuit,
2249 3037 2360 3099 illa
2414 3037 2668 3100 decreta
2711 3056 2936 3099 revera-

621 3132 889 3197 Ooncilii
937 3133 1324 3196 oecumenici
1373 3154 1503 3196 non
1551 3154 1706 3210 esse,
1757 3154 1875 3196 nec
1920 3155 2233 3196 summam
2283 3136 2728 3197 auctoritatem
2777 3131 2931 3215 ipsis

621 3228 1043 3313 convenire.¹)

288 3389 432 3432 Verba
464 3391 524 3432 Pii
548 3391 603 3432 1¹-
798 3381 901 3443 39.
973 3378 1184 3443 Pauca
1251 3377 1722 3460 subjungamus
1790 3375 1867 3439 de
1936 3377 2319 3460 quibusdam
2386 3378 2594 3442 verbis
2663 3377 2764 3442 Pii
2826 3377 2936 3452 IL,

623 3497 703 3539 ne
769 3474 1114 3539 difficultas
1183 3496 1257 3536 ex
1316 3473 1393 3536 iis
1453 3466 1806 3537 oboriatur.
1923 3473 2048 3537 Hic
2101 3473 2409 3538 Pontifex
2466 3476 2532 3538 in
2588 3474 2780 3539 Bulla
2831 3493 2934 3538 re·-

622 3570 1089 3636 tractationum
1150 3570 1517 3654 profitetur,
1573 3591 1672 3651 se‚
1725 3570 1989 3653 juvenis
2053 3592 2249 3653 quum
2305 3570 2511 3635 adhuc
2572 3576 2771 3648 esset,
2832 3572 2936 3635 de-

621 3674 876 3752 ceptum
925 3669 1119 3732 fuisse
1166 3668 1236 3730 in
1282 3665 1566 3730 Concilio
1613 3664 1983 3730 Basileensi.
2078 3667 2399 3732 Hortatur
2448 3672 2661 3732 autem
2713 3690 2934 3734 omnes

622 3771 687 3829 et
733 3770 1130 3839 commonet,
1193 3785 1312 3841 „ne
1360 3762 1550 3825 fidem
1598 3763 1795 3827 ullam
1852 3768 2188 3845 praestent
2242 3765 2561 3847 prioribus
2609 3765 2741 3828 suis
2787 3765 2933 3829 scri·

625 3863 777 3945 ptis,
844 3884 1009 3946 quae
1069 3880 1432 3943 supremam
1490 3860 1944 3923 auctoritatem
1994 3859 2405 3943 Apostolicae
2466 3858 2647 3926 Sedis
2707 3862 2933 3945 quovis

803 4088 842 4157 ¹)
880 4088 961 4141 De
998 4084 1237 4154 Eugenii
1275 4091 1457 4140 mente
1495 4084 1663 4137 etiam
1698 4084 1928 4140 inferius
1967 4103 2142 4141 sermo
2179 4093 2438 4142 recurret.
