<?xml version="1.0" encoding="UTF-8"?>
<!DOCTYPE html PUBLIC "-//W3C//DTD XHTML 1.0 Transitional//EN"
    "http://www.w3.org/TR/xhtml1/DTD/xhtml1-transitional.dtd">
<html xmlns="http://www.w3.org/1999/xhtml" xml:lang="en" lang="en">
 <head>
  <title>
</title>
<meta http-equiv="Content-Type" content="text/html;charset=utf-8" />
  <meta name='ocr-system' content='tesseract 3.04.00' />
  <meta name='ocr-capabilities' content='ocr_page ocr_carea ocr_par ocr_line ocrx_word'/>
</head>
<body>
  <div class='ocr_page' id='page_1' title='image "./dissertationess05junggoog_0179.png"; bbox 0 0 3281 5014; ppageno 0'>
   <div class='ocr_carea' id='block_1_1' title="bbox 1147 433 2681 491">
    <p class='ocr_par' dir='ltr' id='par_1_1' title="bbox 1147 433 2681 491">
     <span class='ocr_line' id='line_1_1' title="bbox 1147 433 2681 491; baseline -0.004 -1"><span class='ocrx_word' id='word_1_1' title='bbox 1147 438 1231 491; x_wconf 86' lang='lat' dir='ltr'><strong><em>De</em></strong></span> <span class='ocrx_word' id='word_1_2' title='bbox 1268 435 1656 490; x_wconf 83' lang='lat' dir='ltr'><strong><em>Minoritarum</em></strong></span> <span class='ocrx_word' id='word_1_3' title='bbox 1694 433 1890 488; x_wconf 87' lang='lat' dir='ltr'><strong><em>turbis.</em></strong></span> <span class='ocrx_word' id='word_1_4' title='bbox 2571 433 2681 485; x_wconf 85' lang='lat'><strong><em>173</em></strong></span> 
     </span>
    </p>
   </div>
   <div class='ocr_carea' id='block_1_2' title="bbox 353 573 2672 2092">
    <p class='ocr_par' dir='ltr' id='par_1_2' title="bbox 353 573 2672 2092">
     <span class='ocr_line' id='line_1_2' title="bbox 355 573 2656 667; baseline -0.005 -21"><span class='ocrx_word' id='word_1_5' title='bbox 355 604 623 667; x_wconf 87' lang='lat' dir='ltr'><strong><em>quarum</em></strong></span> <span class='ocrx_word' id='word_1_6' title='bbox 690 580 1042 664; x_wconf 82' lang='lat' dir='ltr'><strong>simplicem</strong></span> <span class='ocrx_word' id='word_1_7' title='bbox 1111 601 1300 643; x_wconf 88' lang='lat' dir='ltr'><strong><em>usum</em></strong></span> <span class='ocrx_word' id='word_1_8' title='bbox 1369 577 1725 654; x_wconf 87' lang='lat' dir='ltr'><strong><em>habebant,</em></strong></span> <span class='ocrx_word' id='word_1_9' title='bbox 1797 575 2252 660; x_wconf 72' lang='lat' dir='ltr'>proprietatem</span> <span class='ocrx_word' id='word_1_10' title='bbox 2321 581 2387 639; x_wconf 90' lang='lat' dir='ltr'><strong><em>et</em></strong></span> <span class='ocrx_word' id='word_1_11' title='bbox 2459 573 2656 637; x_wconf 91' lang='lat' dir='ltr'><strong><em>domi·</em></strong></span> 
     </span>
     <span class='ocr_line' id='line_1_3' title="bbox 353 669 2658 759; baseline -0.004 -17"><span class='ocrx_word' id='word_1_12' title='bbox 353 679 535 742; x_wconf 82' lang='lat' dir='ltr'><strong><em>nium</em></strong></span> <span class='ocrx_word' id='word_1_13' title='bbox 611 698 745 741; x_wconf 90' lang='lat' dir='ltr'><strong><em>esse</em></strong></span> <span class='ocrx_word' id='word_1_14' title='bbox 824 674 992 759; x_wconf 89' lang='lat' dir='ltr'><strong><em>apud</em></strong></span> <span class='ocrx_word' id='word_1_15' title='bbox 1071 673 1295 740; x_wconf 88' lang='lat' dir='ltr'><strong><em>Sedem</em></strong></span> <span class='ocrx_word' id='word_1_16' title='bbox 1376 674 1829 758; x_wconf 88' lang='lat' dir='ltr'><strong><em>Apostolicam.</em></strong></span> <span class='ocrx_word' id='word_1_17' title='bbox 1952 670 2052 735; x_wconf 87' lang='lat' dir='ltr'><strong><em>Ne</em></strong></span> <span class='ocrx_word' id='word_1_18' title='bbox 2126 669 2360 735; x_wconf 87' lang='lat' dir='ltr'><strong><em>talium</em></strong></span> <span class='ocrx_word' id='word_1_19' title='bbox 2434 689 2658 734; x_wconf 87' lang='lat' dir='ltr'><strong><em>rerum</em></strong></span> 
     </span>
     <span class='ocr_line' id='line_1_4' title="bbox 354 763 2664 854; baseline -0.003 -15"><span class='ocrx_word' id='word_1_20' title='bbox 354 772 472 839; x_wconf 81' lang='lat' dir='ltr'><strong><em>sub</em></strong></span> <span class='ocrx_word' id='word_1_21' title='bbox 534 772 781 838; x_wconf 87' lang='lat' dir='ltr'><strong><em>incerto</em></strong></span> <span class='ocrx_word' id='word_1_22' title='bbox 843 770 1144 837; x_wconf 83' lang='lat' dir='ltr'><strong><em>videatur</em></strong></span> <span class='ocrx_word' id='word_1_23' title='bbox 1206 790 1336 835; x_wconf 90' lang='lat' dir='ltr'><strong><em>esse</em></strong></span> <span class='ocrx_word' id='word_1_24' title='bbox 1399 769 1794 845; x_wconf 81' lang='lat' dir='ltr'><strong><em>dominium,</em></strong></span> <span class='ocrx_word' id='word_1_25' title='bbox 1860 788 2004 834; x_wconf 89' lang='lat' dir='ltr'><strong><em>cum</em></strong></span> <span class='ocrx_word' id='word_1_26' title='bbox 2062 766 2249 854; x_wconf 85' lang='lat' dir='ltr'><strong><em>patri</em></strong></span> <span class='ocrx_word' id='word_1_27' title='bbox 2304 763 2485 846; x_wconf 74' lang='lat' dir='ltr'><strong><em>filius</em></strong></span> <span class='ocrx_word' id='word_1_28' title='bbox 2543 787 2664 833; x_wconf 86' lang='lat' dir='ltr'><strong><em>suo</em></strong></span> 
     </span>
     <span class='ocr_line' id='line_1_5' title="bbox 355 863 2659 949; baseline -0.003 -14"><span class='ocrx_word' id='word_1_29' title='bbox 355 869 556 949; x_wconf 82' lang='lat' dir='ltr'><strong><em>modo,</em></strong></span> <span class='ocrx_word' id='word_1_30' title='bbox 614 888 841 933; x_wconf 87' lang='lat' dir='ltr'><strong><em>servus</em></strong></span> <span class='ocrx_word' id='word_1_31' title='bbox 894 867 1151 932; x_wconf 83' lang='lat' dir='ltr'><strong><em>domino</em></strong></span> <span class='ocrx_word' id='word_1_32' title='bbox 1208 871 1269 931; x_wconf 88' lang='lat' dir='ltr'><strong><em>et</em></strong></span> <span class='ocrx_word' id='word_1_33' title='bbox 1318 865 1673 931; x_wconf 85' lang='lat' dir='ltr'><strong><em>monachus</em></strong></span> <span class='ocrx_word' id='word_1_34' title='bbox 1726 865 2119 931; x_wconf 87' lang='lat' dir='ltr'><strong><em>monasterio</em></strong></span> <span class='ocrx_word' id='word_1_35' title='bbox 2164 884 2268 929; x_wconf 87' lang='lat' dir='ltr'><strong><em>res</em></strong></span> <span class='ocrx_word' id='word_1_36' title='bbox 2314 864 2439 929; x_wconf 87' lang='lat' dir='ltr'><strong><em>sibi</em></strong></span> <span class='ocrx_word' id='word_1_37' title='bbox 2485 863 2659 930; x_wconf 84' lang='lat' dir='ltr'><strong><em>obla·</em></strong></span> 
     </span>
     <span class='ocr_line' id='line_1_6' title="bbox 357 960 2671 1046; baseline -0.002 -15"><span class='ocrx_word' id='word_1_38' title='bbox 357 972 487 1046; x_wconf 88' lang='lat' dir='ltr'><strong><em>tas,</em></strong></span> <span class='ocrx_word' id='word_1_39' title='bbox 554 985 880 1031; x_wconf 86' lang='lat' dir='ltr'><strong><em>concessas</em></strong></span> <span class='ocrx_word' id='word_1_40' title='bbox 942 963 1040 1029; x_wconf 82' lang='lat' dir='ltr'><strong><em>vel</em></strong></span> <span class='ocrx_word' id='word_1_41' title='bbox 1099 964 1374 1029; x_wconf 83' lang='lat' dir='ltr'><strong><em>donatas</em></strong></span> <span class='ocrx_word' id='word_1_42' title='bbox 1437 962 1811 1044; x_wconf 77' lang='lat' dir='ltr'><strong><em>acquirant,</em></strong></span> <span class='ocrx_word' id='word_1_43' title='bbox 1887 961 2177 1028; x_wconf 89' lang='lat' dir='ltr'><strong><em>omnium</em></strong></span> <span class='ocrx_word' id='word_1_44' title='bbox 2244 960 2671 1043; x_wconf 70' lang='lat' dir='ltr'><strong><em>ustensilium</em></strong></span> 
     </span>
     <span class='ocr_line' id='line_1_7' title="bbox 356 1057 2662 1141; baseline -0.002 -14"><span class='ocrx_word' id='word_1_45' title='bbox 356 1067 418 1127; x_wconf 90' lang='lat' dir='ltr'><strong><em>et</em></strong></span> <span class='ocrx_word' id='word_1_46' title='bbox 480 1060 796 1127; x_wconf 85' lang='lat' dir='ltr'><strong><em>librorum</em></strong></span> <span class='ocrx_word' id='word_1_47' title='bbox 851 1080 927 1125; x_wconf 89' lang='lat' dir='ltr'><strong><em>ac</em></strong></span> <span class='ocrx_word' id='word_1_48' title='bbox 981 1081 1201 1126; x_wconf 90' lang='lat' dir='ltr'><strong><em>eorum</em></strong></span> <span class='ocrx_word' id='word_1_49' title='bbox 1255 1057 1587 1125; x_wconf 85' lang='lat' dir='ltr'><strong><em>mobilium</em></strong></span> <span class='ocrx_word' id='word_1_50' title='bbox 1637 1057 2086 1141; x_wconf 84' lang='lat' dir='ltr'><strong><em>praesentium</em></strong></span> <span class='ocrx_word' id='word_1_51' title='bbox 2143 1062 2203 1123; x_wconf 88' lang='lat' dir='ltr'><strong><em>et</em></strong></span> <span class='ocrx_word' id='word_1_52' title='bbox 2253 1058 2662 1141; x_wconf 82' lang='lat' dir='ltr'><strong><em>futurorum,</em></strong></span> 
     </span>
     <span class='ocr_line' id='line_1_8' title="bbox 353 1153 2660 1246; baseline -0.002 -22"><span class='ocrx_word' id='word_1_53' title='bbox 353 1178 522 1241; x_wconf 81' lang='lat' dir='ltr'><strong><em>quae</em></strong></span> <span class='ocrx_word' id='word_1_54' title='bbox 576 1162 637 1223; x_wconf 88' lang='lat' dir='ltr'><strong><em>et</em></strong></span> <span class='ocrx_word' id='word_1_55' title='bbox 686 1178 963 1240; x_wconf 78' lang='lat' dir='ltr'><strong><em>quorum</em></strong></span> <span class='ocrx_word' id='word_1_56' title='bbox 1019 1156 1505 1239; x_wconf 77' lang='lat' dir='ltr'><strong><em>usumfructum</em></strong></span> <span class='ocrx_word' id='word_1_57' title='bbox 1561 1154 1799 1246; x_wconf 83' lang='lat' dir='ltr'><strong><em>scilicet</em></strong></span> <span class='ocrx_word' id='word_1_58' title='bbox 1848 1153 2204 1221; x_wconf 76' lang='lat' dir='ltr'><strong><em>Ordinibus</em></strong></span> <span class='ocrx_word' id='word_1_59' title='bbox 2251 1154 2349 1220; x_wconf 82' lang='lat' dir='ltr'><strong><em>vel</em></strong></span> <span class='ocrx_word' id='word_1_60' title='bbox 2395 1154 2660 1220; x_wconf 85' lang='lat' dir='ltr'><strong><em>Fratri·</em></strong></span> 
     </span>
     <span class='ocr_line' id='line_1_9' title="bbox 359 1251 2663 1337; baseline -0.002 -17"><span class='ocrx_word' id='word_1_61' title='bbox 359 1256 477 1320; x_wconf 86' lang='lat' dir='ltr'><strong><em>bus</em></strong></span> <span class='ocrx_word' id='word_1_62' title='bbox 528 1253 692 1337; x_wconf 87' lang='lat' dir='ltr'><strong><em>ipsis</em></strong></span> <span class='ocrx_word' id='word_1_63' title='bbox 752 1252 897 1318; x_wconf 84' lang='lat' dir='ltr'><strong><em>licet</em></strong></span> <span class='ocrx_word' id='word_1_64' title='bbox 957 1252 1219 1332; x_wconf 85' lang='lat' dir='ltr'><strong><em>habere,</em></strong></span> <span class='ocrx_word' id='word_1_65' title='bbox 1267 1252 1733 1336; x_wconf 74' lang='lat' dir='ltr'><strong><em>proprietatem</em></strong></span> <span class='ocrx_word' id='word_1_66' title='bbox 1793 1256 1853 1316; x_wconf 88' lang='lat' dir='ltr'><strong><em>et</em></strong></span> <span class='ocrx_word' id='word_1_67' title='bbox 1910 1251 2297 1332; x_wconf 83' lang='lat' dir='ltr'><strong><em>dominium,</em></strong></span> <span class='ocrx_word' id='word_1_68' title='bbox 2360 1251 2560 1333; x_wconf 80' lang='lat' dir='ltr'><strong><em>(quod</em></strong></span> <span class='ocrx_word' id='word_1_69' title='bbox 2603 1256 2663 1316; x_wconf 93' lang='lat' dir='ltr'><strong><em>et</em></strong></span> 
     </span>
     <span class='ocr_line' id='line_1_10' title="bbox 353 1348 2662 1435; baseline -0.002 -18"><span class='ocrx_word' id='word_1_70' title='bbox 353 1352 492 1435; x_wconf 84' lang='lat' dir='ltr'><strong><em>fere</em></strong></span> <span class='ocrx_word' id='word_1_71' title='bbox 538 1349 962 1416; x_wconf 75' lang='lat' dir='ltr'><strong><em>Innocentius</em></strong></span> <span class='ocrx_word' id='word_1_72' title='bbox 1006 1349 1193 1432; x_wconf 89' lang='lat' dir='ltr'><strong><em>Papa</em></strong></span> <span class='ocrx_word' id='word_1_73' title='bbox 1237 1348 1359 1413; x_wconf 91' lang='lat' dir='ltr'><strong><em>IV.</em></strong></span> <span class='ocrx_word' id='word_1_74' title='bbox 1394 1349 1849 1432; x_wconf 83' lang='lat' dir='ltr'><strong><em>praedecessor</em></strong></span> <span class='ocrx_word' id='word_1_75' title='bbox 1911 1353 2128 1414; x_wconf 88' lang='lat' dir='ltr'><strong><em>noster</em></strong></span> <span class='ocrx_word' id='word_1_76' title='bbox 2169 1349 2395 1432; x_wconf 85' lang='lat' dir='ltr'><strong><em>fecisse</em></strong></span> <span class='ocrx_word' id='word_1_77' title='bbox 2440 1349 2662 1433; x_wconf 73' lang='lat' dir='ltr'><strong><em>diqno-</em></strong></span> 
     </span>
     <span class='ocr_line' id='line_1_11' title="bbox 358 1443 2663 1534; baseline -0.001 -22"><span class='ocrx_word' id='word_1_78' title='bbox 358 1448 622 1530; x_wconf 88' lang='lat' dir='ltr'><strong><em>scitur),</em></strong></span> <span class='ocrx_word' id='word_1_79' title='bbox 680 1446 756 1512; x_wconf 89' lang='lat' dir='ltr'><strong><em>in</em></strong></span> <span class='ocrx_word' id='word_1_80' title='bbox 811 1468 929 1511; x_wconf 88' lang='lat' dir='ltr'><strong><em>nos</em></strong></span> <span class='ocrx_word' id='word_1_81' title='bbox 980 1451 1040 1511; x_wconf 89' lang='lat' dir='ltr'><strong><em>et</em></strong></span> <span class='ocrx_word' id='word_1_82' title='bbox 1092 1446 1461 1511; x_wconf 88' lang='lat' dir='ltr'><strong><em>Romanam</em></strong></span> <span class='ocrx_word' id='word_1_83' title='bbox 1500 1443 1860 1534; x_wconf 69' lang='lat' dir='ltr'><strong><em>Ecclesiam</em></strong></span> <span class='ocrx_word' id='word_1_84' title='bbox 1913 1444 2110 1527; x_wconf 82' lang='lat' dir='ltr'><strong><em>plane</em></strong></span> <span class='ocrx_word' id='word_1_85' title='bbox 2164 1451 2224 1511; x_wconf 91' lang='lat' dir='ltr'><strong><em>et</em></strong></span> <span class='ocrx_word' id='word_1_86' title='bbox 2281 1444 2475 1511; x_wconf 81' lang='lat' dir='ltr'><strong><em>libere</em></strong></span> <span class='ocrx_word' id='word_1_87' title='bbox 2512 1467 2663 1529; x_wconf 86' lang='lat' dir='ltr'><strong><em>per-</em></strong></span> 
     </span>
     <span class='ocr_line' id='line_1_12' title="bbox 360 1539 2665 1626; baseline -0 -17"><span class='ocrx_word' id='word_1_88' title='bbox 360 1544 567 1610; x_wconf 88' lang='lat' dir='ltr'><strong><em>tinere</em></strong></span> <span class='ocrx_word' id='word_1_89' title='bbox 633 1542 754 1608; x_wconf 85' lang='lat' dir='ltr'><strong><em>hac</em></strong></span> <span class='ocrx_word' id='word_1_90' title='bbox 819 1542 1154 1626; x_wconf 80' lang='lat' dir='ltr'><strong><em>praesenti</em></strong></span> <span class='ocrx_word' id='word_1_91' title='bbox 1227 1541 1700 1607; x_wconf 86' lang='lat' dir='ltr'><strong><em>Constitutione</em></strong></span> <span class='ocrx_word' id='word_1_92' title='bbox 1774 1539 1847 1606; x_wconf 89' lang='lat' dir='ltr'><strong><em>in</em></strong></span> <span class='ocrx_word' id='word_1_93' title='bbox 1905 1547 2294 1624; x_wconf 88' lang='lat' dir='ltr'><strong><em>perpetuum</em></strong></span> <span class='ocrx_word' id='word_1_94' title='bbox 2371 1542 2665 1609; x_wconf 84' lang='lat' dir='ltr'><strong><em>valitura</em></strong></span> 
     </span>
     <span class='ocr_line' id='line_1_13' title="bbox 358 1639 2663 1724; baseline 0 -19"><span class='ocrx_word' id='word_1_95' title='bbox 358 1639 722 1708; x_wconf 11' lang='lat' dir='ltr'><strong><em>sancimual</em></strong></span> <span class='ocrx_word' id='word_1_96' title='bbox 793 1640 1019 1705; x_wconf 90' lang='lat' dir='ltr'><strong><em>Multis</em></strong></span> <span class='ocrx_word' id='word_1_97' title='bbox 1076 1640 1225 1704; x_wconf 89' lang='lat' dir='ltr'><strong><em>dein</em></strong></span> <span class='ocrx_word' id='word_1_98' title='bbox 1281 1642 1475 1704; x_wconf 89' lang='lat' dir='ltr'><strong><em>etiam</em></strong></span> <span class='ocrx_word' id='word_1_99' title='bbox 1531 1639 1843 1721; x_wconf 76' lang='lat' dir='ltr'><strong><em>disponit,</em></strong></span> <span class='ocrx_word' id='word_1_100' title='bbox 1902 1639 2217 1723; x_wconf 91' lang='lat' dir='ltr'><strong><em>quomodo</em></strong></span> <span class='ocrx_word' id='word_1_101' title='bbox 2271 1662 2383 1724; x_wconf 88' lang='lat' dir='ltr'><strong><em>per</em></strong></span> <span class='ocrx_word' id='word_1_102' title='bbox 2438 1663 2663 1723; x_wconf 91' lang='lat' dir='ltr'><strong><em>procu·</em></strong></span> 
     </span>
     <span class='ocr_line' id='line_1_14' title="bbox 359 1735 2669 1820; baseline -0 -18"><span class='ocrx_word' id='word_1_103' title='bbox 359 1745 612 1802; x_wconf 89' lang='lat' dir='ltr'><strong><em>ratores</em></strong></span> <span class='ocrx_word' id='word_1_104' title='bbox 679 1737 1023 1802; x_wconf 88' lang='lat' dir='ltr'><strong><em>Minoritae</em></strong></span> <span class='ocrx_word' id='word_1_105' title='bbox 1087 1757 1186 1800; x_wconf 89' lang='lat' dir='ltr'><strong><em>res</em></strong></span> <span class='ocrx_word' id='word_1_106' title='bbox 1248 1757 1394 1800; x_wconf 89' lang='lat' dir='ltr'><strong><em>suas</em></strong></span> <span class='ocrx_word' id='word_1_107' title='bbox 1458 1735 1909 1799; x_wconf 88' lang='lat' dir='ltr'><strong><em>administrare</em></strong></span> <span class='ocrx_word' id='word_1_108' title='bbox 1976 1737 2266 1820; x_wconf 80' lang='lat' dir='ltr'><strong><em>possint3</em></strong></span> <span class='ocrx_word' id='word_1_109' title='bbox 2338 1738 2669 1820; x_wconf 78' lang='lat' dir='ltr'><strong><em>prohibuit</em></strong></span> 
     </span>
     <span class='ocr_line' id='line_1_15' title="bbox 358 1831 2666 1919; baseline 0 -21"><span class='ocrx_word' id='word_1_110' title='bbox 358 1856 508 1900; x_wconf 83' lang='lat' dir='ltr'><strong><em>vero</em></strong></span> <span class='ocrx_word' id='word_1_111' title='bbox 568 1834 850 1919; x_wconf 83' lang='lat' dir='ltr'><strong><em>privatas</em></strong></span> <span class='ocrx_word' id='word_1_112' title='bbox 911 1833 1105 1917; x_wconf 89' lang='lat' dir='ltr'><strong><em>hujus</em></strong></span> <span class='ocrx_word' id='word_1_113' title='bbox 1172 1831 1671 1897; x_wconf 70' lang='lat' dir='ltr'><strong><em>constitutionis</em></strong></span> <span class='ocrx_word' id='word_1_114' title='bbox 1737 1831 2166 1914; x_wconf 86' lang='lat' dir='ltr'><strong><em>expositiones</em></strong></span> <span class='ocrx_word' id='word_1_115' title='bbox 2227 1840 2293 1897; x_wconf 88' lang='lat' dir='ltr'><strong><em>et</em></strong></span> <span class='ocrx_word' id='word_1_116' title='bbox 2347 1834 2666 1919; x_wconf 89' lang='lat' dir='ltr'><strong><em>interpre-</em></strong></span> 
     </span>
     <span class='ocr_line' id='line_1_16' title="bbox 359 1927 2672 2014; baseline 0 -19"><span class='ocrx_word' id='word_1_117' title='bbox 359 1933 674 2008; x_wconf 82' lang='lat' dir='ltr'><strong><em>tationes,</em></strong></span> <span class='ocrx_word' id='word_1_118' title='bbox 751 1929 1069 2014; x_wconf 86' lang='lat' dir='ltr'><strong><em>dubiaque</em></strong></span> <span class='ocrx_word' id='word_1_119' title='bbox 1145 1928 1222 1994; x_wconf 87' lang='lat' dir='ltr'><strong><em>ad</em></strong></span> <span class='ocrx_word' id='word_1_120' title='bbox 1293 1927 1520 1993; x_wconf 83' lang='lat' dir='ltr'><strong><em>Sedem</em></strong></span> <span class='ocrx_word' id='word_1_121' title='bbox 1591 1927 2028 2012; x_wconf 88' lang='lat' dir='ltr'><strong><em>Apostolicam</em></strong></span> <span class='ocrx_word' id='word_1_122' title='bbox 2112 1930 2448 1995; x_wconf 88' lang='lat' dir='ltr'><strong><em>referenda</em></strong></span> <span class='ocrx_word' id='word_1_123' title='bbox 2533 1953 2672 1996; x_wconf 84' lang='lat' dir='ltr'><strong><em>esse</em></strong></span> 
     </span>
     <span class='ocr_line' id='line_1_17' title="bbox 362 2027 723 2092; baseline -0.006 0"><span class='ocrx_word' id='word_1_124' title='bbox 362 2027 723 2092; x_wconf 86' lang='lat' dir='ltr'><strong><em>constituit.</em></strong></span> 
     </span>
    </p>
   </div>
   <div class='ocr_carea' id='block_1_3' title="bbox 363 2155 2680 4080">
    <p class='ocr_par' dir='ltr' id='par_1_3' title="bbox 363 2155 2680 4080">
     <span class='ocr_line' id='line_1_18' title="bbox 540 2155 2668 2240; baseline 0.001 -20"><span class='ocrx_word' id='word_1_125' title='bbox 540 2159 644 2223; x_wconf 83' lang='lat'><strong><em>26.</em></strong></span> <span class='ocrx_word' id='word_1_126' title='bbox 736 2156 1037 2232; x_wconf 84' lang='lat' dir='ltr'><strong><em>Quamvis</em></strong></span> <span class='ocrx_word' id='word_1_127' title='bbox 1096 2155 1400 2221; x_wconf 90' lang='lat' dir='ltr'><strong><em>Nicolaus</em></strong></span> <span class='ocrx_word' id='word_1_128' title='bbox 1443 2156 1560 2221; x_wconf 92' lang='grc' dir='ltr'><strong><em>ΠΙ.</em></strong></span> <span class='ocrx_word' id='word_1_129' title='bbox 1622 2155 1743 2221; x_wconf 87' lang='lat' dir='ltr'><strong><em>hac</em></strong></span> <span class='ocrx_word' id='word_1_130' title='bbox 1802 2156 1978 2221; x_wconf 88' lang='lat' dir='ltr'><strong><em>bulla</em></strong></span> <span class='ocrx_word' id='word_1_131' title='bbox 2036 2158 2299 2240; x_wconf 85' lang='lat' dir='ltr'><strong><em>regulae</em></strong></span> <span class='ocrx_word' id='word_1_132' title='bbox 2361 2164 2427 2223; x_wconf 92' lang='lat' dir='ltr'><strong><em>et</em></strong></span> <span class='ocrx_word' id='word_1_133' title='bbox 2487 2159 2668 2225; x_wconf 91' lang='lat' dir='ltr'><strong><em>disci·</em></strong></span> 
     </span>
     <span class='ocr_line' id='line_1_19' title="bbox 363 2250 2668 2340; baseline 0.001 -22"><span class='ocrx_word' id='word_1_134' title='bbox 363 2254 580 2339; x_wconf 89' lang='lat' dir='ltr'><strong><em>plinae</em></strong></span> <span class='ocrx_word' id='word_1_135' title='bbox 643 2255 713 2318; x_wconf 92' lang='lat' dir='ltr'><strong><em>in</em></strong></span> <span class='ocrx_word' id='word_1_136' title='bbox 777 2250 1016 2317; x_wconf 85' lang='lat' dir='ltr'><strong><em>Ordine</em></strong></span> <span class='ocrx_word' id='word_1_137' title='bbox 1076 2252 1136 2318; x_wconf 83' lang='lat' dir='ltr'><strong><em>S.</em></strong></span> <span class='ocrx_word' id='word_1_138' title='bbox 1195 2252 1518 2318; x_wconf 84' lang='lat' dir='ltr'><strong><em>Francisci</em></strong></span> <span class='ocrx_word' id='word_1_139' title='bbox 1579 2252 2018 2318; x_wconf 85' lang='lat' dir='ltr'><strong><em>observandae</em></strong></span> <span class='ocrx_word' id='word_1_140' title='bbox 2081 2256 2401 2337; x_wconf 87' lang='lat' dir='ltr'><strong><em>praeclare</em></strong></span> <span class='ocrx_word' id='word_1_141' title='bbox 2457 2258 2668 2340; x_wconf 86' lang='lat' dir='ltr'><strong><em>provi-</em></strong></span> 
     </span>
     <span class='ocr_line' id='line_1_20' title="bbox 367 2349 2673 2439; baseline 0.001 -25"><span class='ocrx_word' id='word_1_142' title='bbox 367 2350 592 2429; x_wconf 85' lang='lat' dir='ltr'><strong><em>disset,</em></strong></span> <span class='ocrx_word' id='word_1_143' title='bbox 658 2349 917 2413; x_wconf 87' lang='lat' dir='ltr'><strong><em>dissidia</em></strong></span> <span class='ocrx_word' id='word_1_144' title='bbox 979 2353 1195 2413; x_wconf 89' lang='lat' dir='ltr'><strong><em>tamen</em></strong></span> <span class='ocrx_word' id='word_1_145' title='bbox 1253 2371 1388 2414; x_wconf 91' lang='lat' dir='ltr'><strong><em>non</em></strong></span> <span class='ocrx_word' id='word_1_146' title='bbox 1450 2354 1782 2414; x_wconf 88' lang='lat' dir='ltr'><strong><em>cessarunt</em></strong></span> <span class='ocrx_word' id='word_1_147' title='bbox 1842 2349 1923 2413; x_wconf 91' lang='lat' dir='ltr'><strong><em>ob</em></strong></span> <span class='ocrx_word' id='word_1_148' title='bbox 1983 2351 2332 2416; x_wconf 83' lang='lat' dir='ltr'><strong><em>zelatorum</em></strong></span> <span class='ocrx_word' id='word_1_149' title='bbox 2397 2373 2673 2439; x_wconf 82' lang='lat' dir='ltr'><strong><em>exagge-</em></strong></span> 
     </span>
     <span class='ocr_line' id='line_1_21' title="bbox 365 2444 2667 2531; baseline 0.002 -19"><span class='ocrx_word' id='word_1_150' title='bbox 365 2448 667 2512; x_wconf 83' lang='lat' dir='ltr'><strong><em>rationes.</em></strong></span> <span class='ocrx_word' id='word_1_151' title='bbox 757 2446 978 2531; x_wconf 90' lang='lat' dir='ltr'><strong><em>Aliqui</em></strong></span> <span class='ocrx_word' id='word_1_152' title='bbox 1035 2462 1112 2511; x_wconf 81' lang='lat' dir='ltr'><strong><em>ex</em></strong></span> <span class='ocrx_word' id='word_1_153' title='bbox 1169 2446 1281 2511; x_wconf 87' lang='lat' dir='ltr'><strong><em>illa</em></strong></span> <span class='ocrx_word' id='word_1_154' title='bbox 1326 2444 1811 2511; x_wconf 86' lang='lat' dir='ltr'><strong><em>Constitutione</em></strong></span> <span class='ocrx_word' id='word_1_155' title='bbox 1868 2445 2273 2526; x_wconf 83' lang='lat' dir='ltr'><strong><em>inferebant,</em></strong></span> <span class='ocrx_word' id='word_1_156' title='bbox 2337 2450 2538 2515; x_wconf 85' lang='lat' dir='ltr'><strong><em>vitam</em></strong></span> <span class='ocrx_word' id='word_1_157' title='bbox 2594 2472 2667 2516; x_wconf 87' lang='lat' dir='ltr'><strong><em>ac</em></strong></span> 
     </span>
     <span class='ocr_line' id='line_1_22' title="bbox 365 2542 2676 2630; baseline 0.002 -21"><span class='ocrx_word' id='word_1_158' title='bbox 365 2549 811 2629; x_wconf 80' lang='lat' dir='ltr'><strong><em>paupertatem</em></strong></span> <span class='ocrx_word' id='word_1_159' title='bbox 887 2542 1338 2608; x_wconf 89' lang='lat' dir='ltr'><strong><em>Minoritarum</em></strong></span> <span class='ocrx_word' id='word_1_160' title='bbox 1418 2564 1554 2607; x_wconf 88' lang='lat' dir='ltr'><strong><em>esse</em></strong></span> <span class='ocrx_word' id='word_1_161' title='bbox 1634 2544 1888 2627; x_wconf 89' lang='lat' dir='ltr'><strong><em>proprie</em></strong></span> <span class='ocrx_word' id='word_1_162' title='bbox 1958 2543 2297 2630; x_wconf 84' lang='lat' dir='ltr'><strong><em>Evangelii</em></strong></span> <span class='ocrx_word' id='word_1_163' title='bbox 2367 2549 2676 2630; x_wconf 81' lang='lat' dir='ltr'><strong><em>praescri·</em></strong></span> 
     </span>
     <span class='ocr_line' id='line_1_23' title="bbox 367 2639 2677 2725; baseline 0.001 -19"><span class='ocrx_word' id='word_1_164' title='bbox 367 2646 580 2725; x_wconf 86' lang='lat' dir='ltr'><strong><em>ptum,</em></strong></span> <span class='ocrx_word' id='word_1_165' title='bbox 643 2642 736 2705; x_wconf 87' lang='lat' dir='ltr'><strong><em>ita</em></strong></span> <span class='ocrx_word' id='word_1_166' title='bbox 796 2646 871 2705; x_wconf 89' lang='lat' dir='ltr'><strong><em>ut</em></strong></span> <span class='ocrx_word' id='word_1_167' title='bbox 931 2663 1043 2724; x_wconf 92' lang='lat' dir='ltr'><strong><em>per</em></strong></span> <span class='ocrx_word' id='word_1_168' title='bbox 1104 2662 1173 2705; x_wconf 87' lang='lat' dir='ltr'><strong><em>se</em></strong></span> <span class='ocrx_word' id='word_1_169' title='bbox 1215 2661 1435 2705; x_wconf 89' lang='lat' dir='ltr'><strong><em>omnes</em></strong></span> <span class='ocrx_word' id='word_1_170' title='bbox 1484 2639 1830 2705; x_wconf 86' lang='lat' dir='ltr'><strong><em>Christiani</em></strong></span> <span class='ocrx_word' id='word_1_171' title='bbox 1880 2640 1958 2704; x_wconf 87' lang='lat' dir='ltr'><strong><em>ad</em></strong></span> <span class='ocrx_word' id='word_1_172' title='bbox 2004 2642 2201 2706; x_wconf 86' lang='lat' dir='ltr'><strong><em>talem</em></strong></span> <span class='ocrx_word' id='word_1_173' title='bbox 2247 2644 2444 2708; x_wconf 82' lang='lat' dir='ltr'><strong><em>vitam</em></strong></span> <span class='ocrx_word' id='word_1_174' title='bbox 2497 2652 2677 2709; x_wconf 85' lang='lat' dir='ltr'><strong><em>tene·</em></strong></span> 
     </span>
     <span class='ocr_line' id='line_1_24' title="bbox 368 2734 2676 2825; baseline 0.001 -23"><span class='ocrx_word' id='word_1_175' title='bbox 368 2736 667 2821; x_wconf 83' lang='lat' dir='ltr'><strong><em>rentur,¹)</em></strong></span> <span class='ocrx_word' id='word_1_176' title='bbox 726 2737 837 2802; x_wconf 90' lang='lat' dir='ltr'><strong><em>alii</em></strong></span> <span class='ocrx_word' id='word_1_177' title='bbox 891 2737 1246 2803; x_wconf 87' lang='lat' dir='ltr'><strong><em>constituta</em></strong></span> <span class='ocrx_word' id='word_1_178' title='bbox 1301 2759 1338 2800; x_wconf 91' lang='lat' dir='ltr'><strong><em>a</em></strong></span> <span class='ocrx_word' id='word_1_179' title='bbox 1384 2734 1653 2801; x_wconf 89' lang='lat' dir='ltr'><strong><em>Nicolao</em></strong></span> <span class='ocrx_word' id='word_1_180' title='bbox 1710 2739 2218 2822; x_wconf 85' lang='lat' dir='ltr'><strong><em>exaggerabant,</em></strong></span> <span class='ocrx_word' id='word_1_181' title='bbox 2282 2745 2348 2804; x_wconf 91' lang='lat' dir='ltr'><strong><em>et</em></strong></span> <span class='ocrx_word' id='word_1_182' title='bbox 2400 2741 2676 2825; x_wconf 86' lang='lat' dir='ltr'><strong><em>rigidius</em></strong></span> 
     </span>
     <span class='ocr_line' id='line_1_25' title="bbox 368 2833 2670 2921; baseline 0.002 -23"><span class='ocrx_word' id='word_1_183' title='bbox 368 2834 449 2898; x_wconf 87' lang='lat' dir='ltr'><strong><em>ad</em></strong></span> <span class='ocrx_word' id='word_1_184' title='bbox 509 2835 822 2911; x_wconf 89' lang='lat' dir='ltr'><strong><em>litteram,</em></strong></span> <span class='ocrx_word' id='word_1_185' title='bbox 883 2855 1072 2917; x_wconf 86' lang='lat' dir='ltr'><strong><em>quam</em></strong></span> <span class='ocrx_word' id='word_1_186' title='bbox 1131 2834 1450 2917; x_wconf 88' lang='lat' dir='ltr'><strong><em>plerisque</em></strong></span> <span class='ocrx_word' id='word_1_187' title='bbox 1506 2833 1938 2916; x_wconf 87' lang='lat' dir='ltr'><strong><em>superioribus</em></strong></span> <span class='ocrx_word' id='word_1_188' title='bbox 1986 2835 2335 2915; x_wconf 88' lang='lat' dir='ltr'><strong><em>videbatur,</em></strong></span> <span class='ocrx_word' id='word_1_189' title='bbox 2384 2839 2670 2921; x_wconf 86' lang='lat' dir='ltr'><strong><em>regulam</em></strong></span> 
     </span>
     <span class='ocr_line' id='line_1_26' title="bbox 371 2929 2670 3014; baseline 0.002 -20"><span class='ocrx_word' id='word_1_190' title='bbox 371 2930 827 2995; x_wconf 85' lang='lat' dir='ltr'><strong><em>observandam</em></strong></span> <span class='ocrx_word' id='word_1_191' title='bbox 890 2951 1025 2995; x_wconf 88' lang='lat' dir='ltr'><strong><em>esse</em></strong></span> <span class='ocrx_word' id='word_1_192' title='bbox 1083 2930 1407 2995; x_wconf 85' lang='lat' dir='ltr'><strong><em>volebant.</em></strong></span> <span class='ocrx_word' id='word_1_193' title='bbox 1515 2930 1595 2993; x_wconf 91' lang='lat' dir='ltr'><strong><em>In</em></strong></span> <span class='ocrx_word' id='word_1_194' title='bbox 1657 2929 1776 2995; x_wconf 90' lang='lat' dir='ltr'><strong><em>hac</em></strong></span> <span class='ocrx_word' id='word_1_195' title='bbox 1834 2935 2018 3014; x_wconf 87' lang='lat' dir='ltr'><strong><em>parte</em></strong></span> <span class='ocrx_word' id='word_1_196' title='bbox 2078 2930 2670 3013; x_wconf 89' lang='lat' dir='ltr'><strong><em>Franciscanorum,</em></strong></span> 
     </span>
     <span class='ocr_line' id='line_1_27' title="bbox 371 3024 2672 3119; baseline 0.002 -29"><span class='ocrx_word' id='word_1_197' title='bbox 371 3030 481 3110; x_wconf 89' lang='lat' dir='ltr'><strong><em>qui</em></strong></span> <span class='ocrx_word' id='word_1_198' title='bbox 554 3024 949 3119; x_wconf 45' lang='lat' dir='ltr'><strong><em>§pi-rituales</em></strong></span> <span class='ocrx_word' id='word_1_199' title='bbox 1022 3028 1333 3111; x_wconf 85' lang='lat' dir='ltr'><strong><em>appellari</em></strong></span> <span class='ocrx_word' id='word_1_200' title='bbox 1408 3027 1706 3091; x_wconf 87' lang='lat' dir='ltr'><strong><em>solebant</em></strong></span> <span class='ocrx_word' id='word_1_201' title='bbox 1731 3074 1748 3105; x_wconf 91' lang='lat'><strong><em>,</em></strong></span> <span class='ocrx_word' id='word_1_202' title='bbox 1821 3026 1969 3090; x_wconf 91' lang='lat' dir='ltr'><strong><em>dum</em></strong></span> <span class='ocrx_word' id='word_1_203' title='bbox 2050 3029 2281 3113; x_wconf 89' lang='lat' dir='ltr'><strong><em>reliqui</em></strong></span> <span class='ocrx_word' id='word_1_204' title='bbox 2356 3031 2672 3115; x_wconf 74' lang='lat' dir='ltr'><strong><em>moderati</em></strong></span> 
     </span>
     <span class='ocr_line' id='line_1_28' title="bbox 376 3120 2677 3209; baseline 0.002 -23"><span class='ocrx_word' id='word_1_205' title='bbox 376 3120 841 3209; x_wconf 45' lang='lat' dir='ltr'><strong><em>ConveQJQS</em></strong></span> <span class='ocrx_word' id='word_1_206' title='bbox 897 3123 1294 3202; x_wconf 85' lang='lat' dir='ltr'><strong><em>dicerentur,</em></strong></span> <span class='ocrx_word' id='word_1_207' title='bbox 1356 3123 1652 3188; x_wconf 83' lang='lat' dir='ltr'><strong><em>excelluit</em></strong></span> <span class='ocrx_word' id='word_1_208' title='bbox 1697 3122 1984 3188; x_wconf 84' lang='lat' dir='ltr'><strong><em>Joannes</em></strong></span> <span class='ocrx_word' id='word_1_209' title='bbox 2034 3125 2269 3190; x_wconf 89' lang='lat' dir='ltr'><strong><em>Petrus</em></strong></span> <span class='ocrx_word' id='word_1_210' title='bbox 2319 3125 2518 3205; x_wconf 85' lang='lat' dir='ltr'><strong><em>Olivi,</em></strong></span> <span class='ocrx_word' id='word_1_211' title='bbox 2576 3128 2677 3191; x_wconf 82' lang='lat' dir='ltr'><strong><em>vir</em></strong></span> 
     </span>
     <span class='ocr_line' id='line_1_29' title="bbox 372 3219 2670 3305; baseline 0.001 -22"><span class='ocrx_word' id='word_1_212' title='bbox 372 3221 593 3305; x_wconf 86' lang='lat' dir='ltr'><strong><em>magni</em></strong></span> <span class='ocrx_word' id='word_1_213' title='bbox 646 3221 905 3303; x_wconf 78' lang='lat' dir='ltr'><strong><em>rigoriS,</em></strong></span> <span class='ocrx_word' id='word_1_214' title='bbox 968 3224 1034 3284; x_wconf 90' lang='lat' dir='ltr'><strong><em>et</em></strong></span> <span class='ocrx_word' id='word_1_215' title='bbox 1085 3220 1350 3303; x_wconf 86' lang='lat' dir='ltr'><strong><em>ingenio</em></strong></span> <span class='ocrx_word' id='word_1_216' title='bbox 1404 3220 1751 3296; x_wconf 88' lang='lat' dir='ltr'><strong><em>excellens,</em></strong></span> <span class='ocrx_word' id='word_1_217' title='bbox 1810 3219 1919 3284; x_wconf 84' lang='lat' dir='ltr'><strong><em>sed</em></strong></span> <span class='ocrx_word' id='word_1_218' title='bbox 1966 3221 2296 3286; x_wconf 88' lang='lat' dir='ltr'><strong><em>doctrinae</em></strong></span> <span class='ocrx_word' id='word_1_219' title='bbox 2340 3223 2523 3288; x_wconf 84' lang='lat' dir='ltr'><strong><em>valde</em></strong></span> <span class='ocrx_word' id='word_1_220' title='bbox 2568 3246 2670 3288; x_wconf 90' lang='lat' dir='ltr'><strong><em>su-</em></strong></span> 
     </span>
     <span class='ocr_line' id='line_1_30' title="bbox 375 3315 2673 3399; baseline 0.001 -18"><span class='ocrx_word' id='word_1_221' title='bbox 375 3321 651 3399; x_wconf 89' lang='lat' dir='ltr'><strong><em>spectae.</em></strong></span> <span class='ocrx_word' id='word_1_222' title='bbox 743 3316 1040 3380; x_wconf 84' lang='lat' dir='ltr'><strong><em>Mortuus</em></strong></span> <span class='ocrx_word' id='word_1_223' title='bbox 1101 3321 1320 3379; x_wconf 87' lang='lat' dir='ltr'><strong><em>tamen</em></strong></span> <span class='ocrx_word' id='word_1_224' title='bbox 1384 3324 1481 3378; x_wconf 88' lang='lat' dir='ltr'><strong><em>est</em></strong></span> <span class='ocrx_word' id='word_1_225' title='bbox 1536 3340 1593 3381; x_wconf 88' lang='lat' dir='ltr'><strong><em>a.</em></strong></span> <span class='ocrx_word' id='word_1_226' title='bbox 1650 3315 1819 3379; x_wconf 85' lang='lat'>1294</span> <span class='ocrx_word' id='word_1_227' title='bbox 1865 3317 2240 3383; x_wconf 85' lang='lat' dir='ltr'><strong><em>catholicam</em></strong></span> <span class='ocrx_word' id='word_1_228' title='bbox 2287 3320 2429 3384; x_wconf 90' lang='lat' dir='ltr'><strong><em>fidei</em></strong></span> <span class='ocrx_word' id='word_1_229' title='bbox 2480 3321 2673 3384; x_wconf 92' lang='lat' dir='ltr'><strong><em>edens</em></strong></span> 
     </span>
     <span class='ocr_line' id='line_1_31' title="bbox 373 3410 2680 3497; baseline 0.002 -21"><span class='ocrx_word' id='word_1_230' title='bbox 373 3414 849 3497; x_wconf 86' lang='lat' dir='ltr'><strong><em>professionem.</em></strong></span> <span class='ocrx_word' id='word_1_231' title='bbox 912 3449 998 3460; x_wconf 91' lang='lat'>—</span> <span class='ocrx_word' id='word_1_232' title='bbox 1053 3413 1114 3476; x_wconf 89' lang='lat' dir='ltr'>A</span> <span class='ocrx_word' id='word_1_233' title='bbox 1178 3410 1243 3477; x_wconf 88' lang='lat' dir='ltr'><strong><em>S.</em></strong></span> <span class='ocrx_word' id='word_1_234' title='bbox 1308 3411 1670 3477; x_wconf 85' lang='lat' dir='ltr'><strong><em>Coelestino</em></strong></span> <span class='ocrx_word' id='word_1_235' title='bbox 1730 3412 1810 3476; x_wconf 90' lang='lat' dir='ltr'><strong><em>V.</em></strong></span> <span class='ocrx_word' id='word_1_236' title='bbox 1874 3413 1999 3477; x_wconf 89' lang='lat' dir='ltr'><strong><em>duo</em></strong></span> <span class='ocrx_word' id='word_1_237' title='bbox 2064 3413 2322 3480; x_wconf 87' lang='lat' dir='ltr'><strong><em>Fratres</em></strong></span> <span class='ocrx_word' id='word_1_238' title='bbox 2392 3438 2466 3481; x_wconf 84' lang='lat' dir='ltr'><strong><em>ex</em></strong></span> <span class='ocrx_word' id='word_1_239' title='bbox 2531 3418 2680 3480; x_wconf 88' lang='lat' dir='ltr'><strong><em>istis</em></strong></span> 
     </span>
     <span class='ocr_line' id='line_1_32' title="bbox 374 3508 2671 3602; baseline 0.002 -29"><span class='ocrx_word' id='word_1_240' title='bbox 374 3510 763 3602; x_wconf 64' lang='lat' dir='ltr'><strong><em>zelantibus,</em></strong></span> <span class='ocrx_word' id='word_1_241' title='bbox 823 3509 1165 3574; x_wconf 87' lang='lat' dir='ltr'><strong><em>Liberatus</em></strong></span> <span class='ocrx_word' id='word_1_242' title='bbox 1221 3512 1287 3573; x_wconf 89' lang='lat' dir='ltr'><strong><em>et</em></strong></span> <span class='ocrx_word' id='word_1_243' title='bbox 1335 3508 1653 3592; x_wconf 83' lang='lat' dir='ltr'><strong><em>Angelus,</em></strong></span> <span class='ocrx_word' id='word_1_244' title='bbox 1715 3509 2139 3576; x_wconf 89' lang='lat' dir='ltr'><strong><em>obtinuerunt</em></strong></span> <span class='ocrx_word' id='word_1_245' title='bbox 2191 3514 2671 3596; x_wconf 87' lang='lat' dir='ltr'><strong><em>permissionem</em></strong></span> 
     </span>
     <span class='ocr_line' id='line_1_33' title="bbox 374 3600 2677 3694; baseline 0.001 -24"><span class='ocrx_word' id='word_1_246' title='bbox 374 3600 810 3671; x_wconf 86' lang='lat' dir='ltr'><strong><em>constituendi</em></strong></span> <span class='ocrx_word' id='word_1_247' title='bbox 873 3605 1240 3670; x_wconf 89' lang='lat' dir='ltr'><strong><em>distinctam</em></strong></span> <span class='ocrx_word' id='word_1_248' title='bbox 1297 3628 1335 3668; x_wconf 86' lang='lat' dir='ltr'><strong><em>a</em></strong></span> <span class='ocrx_word' id='word_1_249' title='bbox 1387 3605 1650 3688; x_wconf 90' lang='lat' dir='ltr'><strong><em>reliquis</em></strong></span> <span class='ocrx_word' id='word_1_250' title='bbox 1708 3603 2148 3671; x_wconf 84' lang='lat' dir='ltr'><strong><em>Franciscanis</em></strong></span> <span class='ocrx_word' id='word_1_251' title='bbox 2206 3608 2677 3694; x_wconf 85' lang='lat' dir='ltr'><strong><em>Congregatio-</em></strong></span> 
     </span>
     <span class='ocr_line' id='line_1_34' title="bbox 375 3699 2673 3786; baseline 0.001 -20"><span class='ocrx_word' id='word_1_252' title='bbox 375 3724 553 3785; x_wconf 91' lang='lat' dir='ltr'><strong><em>nem,</em></strong></span> <span class='ocrx_word' id='word_1_253' title='bbox 615 3725 779 3785; x_wconf 90' lang='lat' dir='ltr'><strong><em>quae</em></strong></span> <span class='ocrx_word' id='word_1_254' title='bbox 841 3699 1218 3786; x_wconf 71' lang='lat' dir='ltr'><strong><em>Pauperum</em></strong></span> <span class='ocrx_word' id='word_1_255' title='bbox 1280 3699 1734 3765; x_wconf 81' lang='lat' dir='ltr'><strong><em>Eremitarum</em></strong></span> <span class='ocrx_word' id='word_1_256' title='bbox 1798 3702 2120 3785; x_wconf 86' lang='lat' dir='ltr'><strong><em>appellata</em></strong></span> <span class='ocrx_word' id='word_1_257' title='bbox 2185 3710 2299 3770; x_wconf 90' lang='lat' dir='ltr'><strong><em>est.</em></strong></span> <span class='ocrx_word' id='word_1_258' title='bbox 2405 3703 2673 3770; x_wconf 84' lang='lat' dir='ltr'><strong><em>Bonifa-</em></strong></span> 
     </span>
     <span class='ocr_line' id='line_1_35' title="bbox 376 3797 2674 3877; baseline 0.001 -13"><span class='ocrx_word' id='word_1_259' title='bbox 376 3799 507 3864; x_wconf 87' lang='lat' dir='ltr'><strong><em>cius</em></strong></span> <span class='ocrx_word' id='word_1_260' title='bbox 555 3798 754 3877; x_wconf 67' lang='lat' dir='ltr'><strong>VIII„</strong></span> <span class='ocrx_word' id='word_1_261' title='bbox 800 3805 874 3864; x_wconf 89' lang='lat' dir='ltr'><strong><em>ut</em></strong></span> <span class='ocrx_word' id='word_1_262' title='bbox 920 3801 1046 3863; x_wconf 90' lang='lat' dir='ltr'><strong><em>alia</em></strong></span> <span class='ocrx_word' id='word_1_263' title='bbox 1085 3800 1183 3862; x_wconf 90' lang='lat' dir='ltr'><strong><em>sui</em></strong></span> <span class='ocrx_word' id='word_1_264' title='bbox 1230 3797 1745 3862; x_wconf 89' lang='lat' dir='ltr'><strong><em>Praedecessoris</em></strong></span> <span class='ocrx_word' id='word_1_265' title='bbox 1791 3805 1934 3864; x_wconf 85' lang='lat' dir='ltr'><strong><em>acta</em></strong></span> <span class='ocrx_word' id='word_1_266' title='bbox 1977 3800 2285 3877; x_wconf 83' lang='lat' dir='ltr'><strong><em>irritavit,</em></strong></span> <span class='ocrx_word' id='word_1_267' title='bbox 2339 3804 2432 3867; x_wconf 90' lang='lat' dir='ltr'><strong><em>ita</em></strong></span> <span class='ocrx_word' id='word_1_268' title='bbox 2479 3803 2674 3866; x_wconf 89' lang='lat' dir='ltr'><strong><em>etiam</em></strong></span> 
     </span>
     <span class='ocr_line' id='line_1_36' title="bbox 374 3895 2680 3980; baseline 0.002 -20"><span class='ocrx_word' id='word_1_269' title='bbox 374 3896 565 3980; x_wconf 86' lang='lat' dir='ltr'><strong><em>hujus</em></strong></span> <span class='ocrx_word' id='word_1_270' title='bbox 630 3896 1168 3980; x_wconf 83' lang='lat' dir='ltr'><strong><em>Congregationis</em></strong></span> <span class='ocrx_word' id='word_1_271' title='bbox 1240 3896 1527 3959; x_wconf 88' lang='lat' dir='ltr'><strong><em>membra</em></strong></span> <span class='ocrx_word' id='word_1_272' title='bbox 1590 3895 1824 3959; x_wconf 90' lang='lat' dir='ltr'><strong><em>iterum</em></strong></span> <span class='ocrx_word' id='word_1_273' title='bbox 1894 3896 2157 3980; x_wconf 88' lang='lat' dir='ltr'><strong><em>reliquis</em></strong></span> <span class='ocrx_word' id='word_1_274' title='bbox 2219 3898 2545 3965; x_wconf 89' lang='lat' dir='ltr'><strong><em>Minoritis</em></strong></span> <span class='ocrx_word' id='word_1_275' title='bbox 2608 3921 2680 3964; x_wconf 84' lang='lat' dir='ltr'><strong><em>se</em></strong></span> 
     </span>
     <span class='ocr_line' id='line_1_37' title="bbox 366 3988 2679 4080; baseline 0.001 -25"><span class='ocrx_word' id='word_1_276' title='bbox 366 3995 647 4077; x_wconf 85' lang='lat' dir='ltr'><strong><em>jungere</em></strong></span> <span class='ocrx_word' id='word_1_277' title='bbox 700 3992 1055 4077; x_wconf 85' lang='lat' dir='ltr'><strong><em>mandavit,</em></strong></span> <span class='ocrx_word' id='word_1_278' title='bbox 1108 4013 1338 4075; x_wconf 88' lang='lat' dir='ltr'><strong><em>eosque</em></strong></span> <span class='ocrx_word' id='word_1_279' title='bbox 1400 4013 1477 4054; x_wconf 83' lang='lat' dir='ltr'><strong><em>ex</em></strong></span> <span class='ocrx_word' id='word_1_280' title='bbox 1535 3988 1807 4056; x_wconf 81' lang='lat' dir='ltr'><strong><em>Graecia</em></strong></span> <span class='ocrx_word' id='word_1_281' title='bbox 1858 3998 1923 4056; x_wconf 88' lang='lat' dir='ltr'><strong><em>et</em></strong></span> <span class='ocrx_word' id='word_1_282' title='bbox 1976 3994 2387 4080; x_wconf 85' lang='lat' dir='ltr'><strong><em>Archipelagi</em></strong></span> <span class='ocrx_word' id='word_1_283' title='bbox 2444 3996 2679 4060; x_wconf 85' lang='lat' dir='ltr'><strong><em>insulis</em></strong></span> 
     </span>
    </p>
   </div>
   <div class='ocr_carea' id='block_1_4' title="bbox 401 3194 592 3215">
    <p class='ocr_par' dir='ltr' id='par_1_4' title="bbox 401 3194 592 3215">
     <span class='ocr_line' id='line_1_38' title="bbox 401 3194 592 3215; baseline 0 1799"><span class='ocrx_word' id='word_1_284' title='bbox 401 3194 592 3215; x_wconf 95' lang='lat' dir='ltr'><strong><em> </em></strong></span> 
     </span>
    </p>
   </div>
   <div class='ocr_carea' id='block_1_5' title="bbox 373 4116 796 4123">
    <p class='ocr_par' dir='ltr' id='par_1_5' title="bbox 373 4116 796 4123">
     <span class='ocr_line' id='line_1_39' title="bbox 373 4116 796 4123; baseline 0 0"><span class='ocrx_word' id='word_1_285' title='bbox 373 4116 796 4123; x_wconf 95' lang='lat' dir='ltr'><strong><em> </em></strong></span> 
     </span>
    </p>
   </div>
   <div class='ocr_carea' id='block_1_6' title="bbox 553 4164 1836 4231">
    <p class='ocr_par' dir='ltr' id='par_1_6' title="bbox 553 4164 1836 4231">
     <span class='ocr_line' id='line_1_40' title="bbox 553 4164 1836 4231; baseline -0.001 -12"><span class='ocrx_word' id='word_1_286' title='bbox 553 4164 595 4228; x_wconf 85' lang='lat'><strong><em>¹)</em></strong></span> <span class='ocrx_word' id='word_1_287' title='bbox 633 4165 698 4218; x_wconf 91' lang='lat' dir='ltr'><strong><em>V.</em></strong></span> <span class='ocrx_word' id='word_1_288' title='bbox 737 4165 949 4231; x_wconf 84' lang='lat' dir='ltr'><strong><em>Hefele,</em></strong></span> <span class='ocrx_word' id='word_1_289' title='bbox 990 4165 1148 4219; x_wconf 89' lang='lat' dir='ltr'><strong><em>Conc.</em></strong></span> <span class='ocrx_word' id='word_1_290' title='bbox 1189 4164 1382 4219; x_wconf 88' lang='lat' dir='ltr'><strong><em>Gesch.</em></strong></span> <span class='ocrx_word' id='word_1_291' title='bbox 1420 4164 1483 4217; x_wconf 90' lang='lat' dir='ltr'><strong><em>B.</em></strong></span> <span class='ocrx_word' id='word_1_292' title='bbox 1521 4164 1587 4218; x_wconf 91' lang='lat' dir='ltr'><strong><em>V.</em></strong></span> <span class='ocrx_word' id='word_1_293' title='bbox 1626 4164 1679 4220; x_wconf 88' lang='lat' dir='ltr'><strong><em>S.</em></strong></span> <span class='ocrx_word' id='word_1_294' title='bbox 1715 4167 1836 4218; x_wconf 84' lang='lat'><strong>475.</strong></span> 
     </span>
    </p>
   </div>
  </div>
 </body>
</html>
