3281 5014
667 422 771 476 278
1163 420 1424 473 XXXIII.
1461 420 1545 475 De
1583 436 1784 489 magno
1822 420 2135 475 Occidentis
2174 422 2482 476 schismate.

844 565 949 627 46.
993 563 1071 627 In
1124 561 1407 627 Concilio
1456 561 1693 627 Pisano
1740 584 1888 627 vero
1900 612 1919 645 ,
1977 562 2369 628 solemnibus
2416 567 2764 631 secundum
2811 563 2977 632 Con-

667 661 952 726 ciliorum
1026 680 1268 723 morem
1328 659 1601 742 peractis
1666 664 1733 724 et
1793 660 2011 724 electis
2074 660 2431 739 officiuim,
2498 662 2846 749 Gregorius
2909 669 2977 730 et

665 756 1055 822 Benedictus
1135 754 1212 818 de
1295 777 1541 819 summo
1619 757 2002 839 pontificatu
2076 757 2544 824 contendentes
2619 767 2721 825 ter
2793 762 2975 826 citati

665 859 837 920 sunt.
945 852 1100 917 Cum
1164 851 1259 915 illi
1318 874 1529 935 neque
1591 876 1706 936 per
1759 876 1830 918 se
1891 876 2101 939 neque
2166 877 2279 940 per
2343 858 2591 941 legatos
2652 878 2975 940 compare-

664 957 846 1028 rent,
907 950 1262 1014 Concilium
1325 949 1673 1015 declaravit
1737 974 1844 1016 eos
1905 952 1976 1016 in
2036 975 2230 1018 causa
2286 954 2648 1019 schismatis
2706 959 2771 1019 et
2826 954 2975 1019 fidei

664 1049 1057 1134 pertinacem
1125 1044 1529 1130 decrevitque
1596 1053 1823 1113 contra
1891 1049 2146 1114 illorum
2207 1051 2676 1116 contumaciam
2737 1050 2819 1115 ad
2874 1052 2975 1115 ul-

665 1146 906 1212 teriora
950 1142 1439 1226 procedendum.
1530 1142 1612 1208 In
1657 1145 1997 1228 utriusque
2042 1146 2490 1212 contendentis
2544 1169 2734 1212 causa
2777 1152 2976 1212 testes

669 1242 874 1307 auditi
917 1245 1093 1316 sunt,
1142 1245 1205 1303 et
1251 1240 1688 1305 instrumenta
1733 1240 1814 1305 ad
1843 1242 2020 1306 illam
2062 1243 2423 1324 spectantia
2469 1243 2769 1309 discussa.
2838 1244 2977 1310 De-

667 1342 979 1405 claratum
1051 1338 1180 1417 est,
1244 1357 1542 1420 praesens
1605 1338 1963 1403 Concilium
2015 1340 2165 1423 jure
2228 1362 2366 1404 esse
2429 1346 2844 1407 convocatum
2911 1346 2979 1406 et

617 1440 1129 1521 ·congregatum
1191 1439 1270 1504 ad
1333 1436 1609 1502 schisma
1671 1435 2171 1500 exscindendam
2244 1443 2311 1502 et
2366 1460 2586 1520 pacem
2652 1437 2977 1503 Ecclesiae

385 1626 611 1679 Depositio

362 1688 632 1731 Pontificum.

669 1535 1158 1618 procurandam.
1264 1536 1341 1599 In
1408 1535 1691 1598 sessione
1748 1529 1909 1614 XV,
1967 1533 2036 1595 in
2097 1533 2319 1618 vigilia
2381 1533 2677 1617 Corporis
2739 1534 2978 1601 Christi

672 1636 736 1695 et
785 1631 887 1695 die
946 1630 1018 1694 50
1059 1631 1268 1709 Junfi,
1331 1629 1744 1714 depositionis
1795 1630 2125 1693 sententia
2176 1631 2244 1694 in
2294 1629 2674 1715 Gregorium
2731 1639 2795 1696 et
2847 1629 2977 1695 Be—

669 1727 993 1792 nedictum
1056 1729 1379 1811 publicata
1442 1731 1567 1802 est,
1638 1727 1710 1789 in
1775 1748 1902 1809 qua
1967 1725 2354 1792 declaratur:
2430 1727 2751 1810 Anyelum
2824 1725 2977 1792 Cor·

667 1824 927 1890 rarium
999 1828 1060 1889 et
1135 1823 1404 1888 Petrum
1479 1822 1554 1886 de
1623 1821 1826 1887 Luna
1891 1823 1967 1888 de
2040 1828 2290 1907 papatu
2363 1823 2838 1904 contendentes,
2916 1830 2980 1891 et

669 1941 892 1986 eorum
937 1925 1286 2001 utrumque
1338 1919 1546 2000 fuisse
1592 1924 1654 1982 et
1698 1939 1831 1983 esse
1878 1920 2159 1985 notorios
2212 1920 2653 1985 schismaticos
2698 1925 2758 1985 et
2802 1921 2976 1987 anti·

669 2017 784 2099 qui
836 2016 1204 2082 schismatis
1265 2016 1653 2095 nutritores,
1724 2015 2112 2099 defensores,
2179 2016 2671 2100 approbatores,
2738 2038 2976 2084 manu—

669 2117 946 2178 tentores
981 2113 1380 2195 pertinaces,
1442 2134 1692 2179 necnon
1750 2112 2036 2178 notorios
2094 2112 2447 2179 haereticos
2500 2119 2561 2179 et
2616 2134 2657 2178 a
2700 2114 2824 2195 fide
2872 2114 2976 2179 de-

669 2209 831 2290 vios,
899 2210 1299 2293 notoriisque
1357 2209 1744 2276 criminibus
1803 2209 2172 2275 enormibus
2214 2210 2508 2294 perjurii
2567 2216 2628 2275 et
2681 2210 2977 2276 violatio-

668 2306 777 2371 nis
828 2307 961 2371 voti
1013 2307 1330 2387 irretitos,
1393 2307 1827 2373 universalem
1881 2306 2239 2371 Ecclesiam
2300 2307 2433 2372 Dei
2487 2307 2739 2373 notorie
2792 2328 2976 2372 scan-

669 2403 1059 2483 dalizantes,
1134 2425 1277 2469 cum
1337 2402 1939 2486 incorriyibilitate,
2013 2404 2421 2469 contumacia
2486 2409 2547 2468 et
2601 2404 2980 2487 pertinacia

668 2499 976 2581 notoriis,
1034 2500 1434 2567 evidentibus
1475 2505 1536 2564 et
1579 2499 1951 2583 manifestis
1960 2519 1985 2579 ,·
2041 2506 2102 2565 et
2146 2521 2227 2565 ex
2269 2500 2373 2566 his
2418 2505 2479 2566 et
2524 2500 2679 2567 aliis
2723 2522 2788 2566 se
2831 2500 2975 2566 red-

669 2597 908 2662 didisse
983 2599 1160 2664 omni
1229 2598 1468 2663 honore
1547 2601 1608 2662 et
1683 2596 2004 2679 diynitate
2076 2598 2271 2663 etiam
2345 2597 2577 2681 papali
2648 2598 2973 2681 indiynos,

668 2695 965 2777 ipsosque
1014 2698 1075 2758 et
1118 2715 1338 2760 eorum
1399 2699 1751 2775 utrumque
1799 2697 2072 2776 propter
2120 2694 2517 2776 praemissas
2568 2694 2973 2777 iniquitates,

669 2791 950 2856 crimina
1003 2796 1064 2855 et
1124 2811 1446 2868 excessus,
1505 2811 1585 2855 ne
1637 2794 1908 2873 reynent
1969 2790 2062 2854 vel
2117 2791 2433 2873 imperent
2488 2796 2605 2855 aut
2652 2792 2975 2874 praesint,

670 2911 712 2955 a
757 2889 898 2954 Deo
944 2892 1005 2952 et
1048 2888 1256 2953 sacris
1300 2886 1658 2953 canonibus
1708 2887 1851 2969 fore
1907 2886 2047 2969 ipso
2096 2887 2273 2970 facto
2318 2888 2593 2971 abjectos
2638 2893 2699 2953 et
2744 2888 2973 2971 priva·

669 2991 792 3065 tos,
855 3006 931 3050 ac
987 2985 1183 3050 etiam
1241 2984 1320 3050 ab
1381 2984 1678 3049 Ecclesia
1727 2984 2061 3066 praecisos
2069 3003 2095 3063 ;
2157 2990 2218 3049 et
2271 2985 2702 3051 nihilominus
2755 2984 2975 3068 ipsum

669 3083 939 3148 Petrum
1001 3085 1062 3146 et
1123 3080 1447 3164 Anyelum
1506 3084 1568 3144 et
1627 3101 1849 3146 eorum
1910 3086 2258 3164 utrumque
2314 3104 2434 3165 per
2494 3083 2663 3150 hanc
2722 3087 2972 3149 senten-

668 3179 829 3245 tiam
876 3177 1309 3261 diffinitivam,
1357 3178 1431 3242 in
1484 3177 1590 3242 his
1639 3176 1903 3260 scriptis
1937 3178 2193 3261 privat,
2254 3179 2479 3262 abjicit
2534 3185 2596 3245 et
2638 3178 2973 3264 praescin-

669 3276 782 3355 dit,
829 3275 1181 3341 inhibendo
1225 3274 1477 3354 eisdem,
1522 3295 1606 3341 ne
1651 3295 1871 3340 eorum
1918 3275 2163 3358 aliquis
2204 3298 2325 3358 pro
2369 3297 2619 3343 summo
2659 3276 2976 3356 Pontifice

661 3393 885 3456 yerere
929 3393 994 3437 se
1028 3376 1438 3454 praesumat,
1495 3370 1945 3453 ecclesiamque
1999 3393 2229 3438 vacare
2274 3373 2644 3441 Romanam
2690 3374 2777 3439 ad
2820 3392 2974 3438 cau·

668 3470 861 3535 telam
907 3469 1312 3534 decernendo.
1403 3467 1497 3532 Et
1536 3469 1809 3549 insuper
1853 3490 2069 3533 omnes
2107 3474 2169 3533 et
2195 3477 2640 3553 ‘quoscumque
2691 3468 2974 3536 Christi-

667 3567 839 3632 colas
887 3617 900 3630 .
950 3616 965 3631 .
1014 3617 1028 3630 .
1074 3563 1389 3644 declarat,
1448 3564 1527 3629 ab
1575 3585 1798 3629 eorum
1844 3569 1906 3629 et
1950 3564 2289 3648 cujuslibet
2344 3588 2567 3632 eorum
2613 3565 2976 3632 obedientia

648 3663 806 3746 fore
840 3667 1154 3746 perpetuo
1198 3660 1593 3742 absolutosl)

844 3813 948 3876 47.
1011 3813 1245 3877 Actum
1303 3812 1530 3876 deinde
1592 3817 1691 3876 est
1747 3810 1824 3875 de
1886 3812 2199 3876 electione
2253 3814 2405 3876 novi
2452 3811 2811 3891 pontificis,
2870 3818 2972 3878 at-

668 3931 792 3993 que
853 3911 1186 3986 convenit,
1252 3913 1326 3972 ut
1382 3931 1602 3974 omnes
1657 3907 2029 3972 Cardinales
2089 3931 2262 3972 more
2322 3909 2509 3972 solito
2572 3931 2716 3973 eum
2780 3910 2974 3994 elige-

854 4162 894 4228 ¹)
932 4164 1091 4230 Apud
1126 4164 1308 4216 Labbe
1349 4163 1410 4215 Τ.
1450 4161 1545 4214 XI.
1585 4163 1643 4215 P.
1685 4162 1758 4214 II.
1800 4178 1842 4213 e.
1880 4164 2034 4215 2127.
