3281 5014
1132 380 1214 434 De
1250 380 1629 434 Minoritarum
1666 380 1856 435 turbis.
2547 380 2649 431 183

348 531 473 600 est,
530 543 812 605 eousque
859 521 1255 587 adversarios
1303 523 1678 586 obcaecatos
1725 543 1891 598 esse,
1951 524 2029 586 ut
2071 517 2427 586 maluerint
2465 517 2646 600 sequi

347 615 637 682 homines
681 617 761 683 ab
800 616 1094 682 Ecclesia
1141 616 1271 681 Dei
1316 617 1388 682 in
1435 615 1734 682 doctrina
1779 637 1900 681 sua
1948 613 2400 682 condemnatos
2416 669 2433 701 ‚
2478 613 2649 680 sicat

344 712 482 794 fuit
533 712 885 778 Marsilius
936 713 1012 777 de
1066 713 1330 794 Padua,
1387 713 1614 779 Occam
1670 735 1815 779 cum
1872 712 2284 795 complicibus
2336 712 2502 792 suis,
2570 732 2651 775 ex

348 830 624 892 quorum
666 809 966 875 doctrina
1012 814 1307 875 extracta
1351 814 1512 875 sunt
1547 831 1675 893 pro
1719 830 1958 894 magna
1994 814 2188 893 parte
2233 809 2484 874 decreta
2529 807 2650 872 illa

336 905 651 990 praefata
695 906 1133 987 Basileensia,
1199 911 1261 972 et
1322 907 1630 989 quosdam
1699 906 1862 972 alios
1921 905 2200 972 novellos
2260 903 2647 982 doctorellos,

336 1001 636 1085 praefati
695 1002 920 1069 Occam
976 1006 1038 1067 et
1093 1002 1466 1084 aliquorum
1523 1002 2028 1067 Fraticellorum
2087 1000 2420 1084 opiniones
2477 1020 2649 1064 erro-

345 1119 503 1164 neas
546 1106 946 1182 renovantes,
992 1121 1188 1184 quam
1232 1102 1518 1167 doctores
1562 1106 1820 1169 sanctos
1866 1101 1945 1166 ab
1990 1100 2289 1166 Ecclesia
2334 1098 2648 1183 approba-

348 1199 445 1261 tos
490 1201 551 1261 et
594 1197 758 1263 alios
787 1198 1396 1281 praestantissimos
1440 1198 1727 1263 doctores
1771 1197 2091 1280 antiquos.
2101 1197 2149 1279 ¹)

525 1356 629 1423 37.
728 1357 909 1434 Quod
974 1378 1125 1422 vero
1193 1357 1432 1423 attinet
1497 1358 1576 1423 ad
1646 1357 1992 1423 relationes
2060 1355 2408 1421 Ecclesiam
2474 1358 2648 1419 inter
2682 1403 2720 1442 D
2720 1338 2971 1451 efffl’orr-pa

348 1456 413 1514 et
471 1454 840 1518 societatem
901 1454 1183 1532 civilem,
1246 1475 1357 1518 seu
1419 1453 1765 1538 Imperium
1827 1456 1998 1519 inter
2059 1457 2125 1517 et
2184 1452 2643 1530 Sacerdotium,

347 1554 687 1632 apostatae
738 1552 832 1615 illi
888 1548 1484 1615 subordinationem
1529 1550 1849 1616 Ecclesiae
1905 1549 2024 1615 sub
2069 1550 2346 1634 Imperio
2392 1551 2648 1614 adstru-

349 1654 604 1710 xerunt.
697 1648 879 1713 Inter
950 1637 1076 1713 alia
1148 1670 1370 1731 opera,
1444 1637 1608 1732 quae
1678 1649 1797 1711 hac
1854 1649 1926 1712 in
1994 1669 2063 1711 re
2132 1649 2214 1711 ab
2280 1649 2435 1730 ipsis
2498 1668 2651 1711 con-

347 1742 585 1826 scripta
637 1749 821 1822 sunt,
879 1744 1038 1809 illud
1092 1745 1502 1828 praecipuum
1558 1743 1685 1807 fuit
1741 1744 1909 1827 quod
1958 1742 2285 1832 Defensor
2318 1741 2508 1830 pacis
2548 1744 2652 1807 in·
2704 1812 2708 1815 Α

346 1838 652 1904 scribitur
697 1844 766 1905 et
810 1863 848 1904 a
894 1841 1186 1906 Marsilio
1232 1841 1548 1906 Patavino
1596 1863 1669 1904 ac
1715 1840 1969 1906 Joanne
2014 1841 2091 1906 de
2138 1840 2439 1907 Janduno
2488 1861 2654 1904 com-

348 1936 525 1999 muni
591 1936 810 2001 labore
873 1929 1236 2002 confectum
1300 1946 1414 2001 est.
1420 1933 1485 2018 )
1578 1936 1721 2002 Hoc
1785 1937 1854 2001 in
1914 1959 2141 2020 opere,
2207 1921 2377 2021 quod
2438 1935 2654 2000 Ludo-

347 2032 484 2096 vico
531 2030 778 2097 Bavaro
833 2033 1240 2117 dedicarunt,
1297 2035 1375 2099 de
1431 2039 1751 2118 potestate
1800 2033 2118 2100 Ecclesiae
2176 2034 2654 2119 perversissima
2716 2042 2741 2064 “’

346 2128 459 2192 illa
545 2130 862 2215 principia
932 2134 1272 2209 statuunt,
1343 2152 1509 2213 quae
1582 2131 1832 2195 saeculo
1906 2129 2082 2195 XVI.
2159 2153 2196 2194 a
2270 2130 2652 2215 quibusdam

350 2226 704 2291 instaurata
758 2227 1043 2292 fuerunt.
1151 2226 1670 2292 praetendebant
1730 2226 2054 2303 videlicet,
2108 2232 2495 2310 potestatem
2550 2247 2652 2290 ec-

352 2322 769 2387 clesiasticam
847 2323 1247 2416 originaliter
1316 2323 1598 2389 residere
1669 2325 1739 2388 in
1815 2324 2094 2388 fidelium
2173 2322 2656 2401 communitate;

354 2417 520 2482 hanc
576 2440 727 2484 vero
788 2422 1123 2504 praecipue
1181 2421 1263 2485 ab
1291 2420 1719 2513 Imperatore
1780 2405 2270 2506 repraesentari.
2364 2422 2423 2485 A
2485 2441 2653 2484 com·

353 2517 676 2582 munitate
739 2517 1020 2582 fidelium
1084 2501 1473 2601 potestatem
1538 2522 1604 2583 et
1669 2519 2116 2583 auctoritatem
2179 2519 2520 2583 transferri
2584 2518 2651 2580 in
2692 2538 2763 2594 ,ae

353 2613 626 2695 clerum,
700 2613 894 2698 hujus
970 2618 1186 2679 autem
1251 2615 1530 2680 diversos
1606 2616 2047 2699 episcoporum
2118 2618 2184 2679 et
2250 2615 2656 2698 presbytero·

353 2731 496 2774 rum
557 2664 792 2794 gindus
850 2709 1021 2775 haud
1078 2712 1148 2776 in
1204 2712 1620 2776 institutione
1678 2711 1914 2790 divina,
1976 2711 2085 2776 sed
2126 2713 2196 2775 in
2239 2710 2655 2794 Imperatoris
2702 2754 2737 2791 v

353 2807 759 2872 concessione
813 2828 996 2870 suum
1061 2807 1299 2873 habere
1354 2806 1872 2873 fundamentum.
1965 2807 2320 2893 Propterea
2372 2808 2654 2891 Impera·

353 2903 478 2967 tori
529 2904 638 2987 jus
706 2924 843 2968 esse
899 2904 1285 2969 instituendi
1354 2903 1594 2988 Papam
1659 2927 1931 2989 eumque
1995 2904 2388 2989 deponendi,
2454 2906 2657 2969 nemi·

353 3020 628 3083 nemque
688 3000 829 3065 sine
888 2998 1299 3084 Imperatoris
1358 3001 1773 3085 permissione
1836 3003 1917 3066 ab
1965 3002 2252 3066 Ecclesia
2301 3022 2484 3084 posse
2539 3023 2654 3084 pu·

353 3096 496 3160 niri.
585 3096 792 3173 Quum
849 3120 1040 3181 porro
1088 3097 1380 3163 Christus
1434 3120 1568 3163 non
1617 3120 1696 3164 ex
1745 3098 2131 3163 liberalitate
2176 3120 2330 3163 suae
2376 3098 2656 3181 pietatis,

350 3191 460 3256 sed
515 3194 898 3259 necessitate
952 3199 1209 3260 coactus
1262 3194 1523 3259 solverit
1578 3194 1925 3279 tributum,
1981 3195 2129 3259 inde
2176 3196 2381 3279 sequi,
2441 3196 2657 3260 omnia
2758 3189 2816 3244 Ἃ

350 3290 732 3371 temporalia
791 3289 1112 3357 Ecclesiae
1171 3291 1434 3356 subesse
1490 3291 1905 3375 Imperatori,
1972 3313 2116 3356 eum
2178 3313 2361 3375 posse
2420 3314 2494 3357 ea
2556 3315 2655 3357 ac-

351 3387 562 3469 cipere
617 3390 694 3451 ut
745 3408 888 3466 sua,
943 3388 1272 3472 ipsiusque
1327 3386 1727 3471 dispositioni
1791 3388 2009 3453 eadem
2057 3410 2194 3453 esse
2242 3386 2666 3471 commissa.⁸)'

353 3516 438 3527 —
494 3481 779 3547 Joannes
837 3482 1045 3548 XXII.
1108 3483 1286 3567 impii
1347 3482 1539 3568 hujus
1597 3483 1744 3548 libri
1809 3484 2128 3549 doctrinas
2193 3507 2248 3548 a.
2318 3486 2485 3548 1328
2542 3506 2659 3568 per

353 3577 893 3644 Constitutionem
969 3579 1155 3644 Licet
1229 3579 1436 3663 juxta
1510 3578 1873 3645 doctrinam
1956 3580 2317 3661 damnavit,
2390 3583 2657 3666 ejusque

2002 3655 2219 3678 Μ..

532 3788 573 3856 ¹)
611 3787 827 3842 Summa
863 3789 931 3843 de
965 3788 1232 3852 Ecclesia,
1272 3788 1308 3841 1.
1347 3788 1421 3842 II.
1461 3805 1504 3841 c.
1548 3791 1665 3842 100.

528 3866 573 3934 ¹)
610 3868 693 3922 De
719 3867 788 3921 iis
816 3867 906 3935 qui
931 3868 1033 3921 hoc
1059 3872 1303 3933 tempore
1328 3871 1521 3920 contra
1538 3866 1836 3922 Pontifices
1863 3867 2199 3935 scripserunt
2228 3868 2322 3923 cfr.
2346 3870 2397 3924 S.
2419 3869 2657 3936 mezler,

351 3945 455 4000 Die
499 3946 882 4000 literarischen
918 3945 1304 4000 Widersacher
1353 3945 1448 3999 der
1484 3944 1696 4011 Papste
1745 3962 1844 3999 zur
1878 3946 2003 4001 Zeit
2039 3947 2272 4017 Ludwig
2309 3950 2403 4003 des
2442 3950 2654 4003 Baiers.

348 4024 582 4094 Leipzig
618 4026 772 4079 1874.

529 4102 577 4172 ³)
613 4103 724 4157 Ofr.
763 4104 983 4159 Riezler
1017 4103 1053 4157 1.
1079 4116 1138 4158 c.
1175 4121 1227 4172 p.
1271 4107 1371 4159 193
1408 4120 1522 4172 sqq.
