3281 5014
614 449 722 501 234
1047 448 1280 503 XXXII.
1318 448 1401 503 De
1439 447 1798 504 Pontificibus
1836 448 2118 505 Avenione
2156 449 2519 504 commoratis.

614 609 730 672 pro
782 589 975 656 insito
1038 612 1252 655 amore
1316 591 1525 674 patrio
1578 591 1953 675 gaudebant
2013 591 2090 656 de
2143 591 2392 655 influxu
2448 590 2561 654 illo
2618 612 2931 675 praepon-

614 686 912 765 derante,
974 693 1169 772 atque
1227 693 1303 752 ut
1355 709 1497 751 eum
1560 692 2014 753 conservarent
2069 693 2292 772 postea
2352 686 2678 752 schismati
2738 688 2929 752 nimis

613 781 932 848 faverunt.
991 821 1077 831 —
1136 781 1213 850 In
1261 783 1403 848 aliis
1457 805 1647 867 porro
1693 783 2066 848 nationibus
2121 785 2419 849 simultas
2460 788 2603 849 orta
2647 789 2744 849 est
2788 805 2929 867 per·

614 881 882 962 magna,
940 885 1005 945 et
1065 881 1256 945 etiam
1312 880 1381 944 in
1439 880 1590 963 ipsis
1648 901 1874 944 sensus
1932 880 2409 946 nationalitatis
2456 881 2629 945 ultra
2673 880 2925 946 modum

614 975 680 1039 in
723 975 911 1040 rebus
959 977 1273 1062 religiosis
1319 978 1639 1041 excitatus
1687 979 1802 1040 est.
1885 974 2216 1060 Ejusmodi
2264 980 2475 1041 autem
2525 978 2927 1061 singulorum

613 1073 993 1155 populorum
1060 1070 1424 1137 tendentiae
1495 1075 1924 1156 eoeaqy‘eratae
1986 1074 2223 1139 obsunt
2287 1073 2514 1138 unioni
2575 1074 2696 1155 illi,
2768 1095 2929 1158 quae

614 1168 908 1255 religioni
955 1168 1307 1234 eath‘olicfae
1343 1170 1552 1235 'insita
1598 1174 1723 1247 est,
1760 1175 1836 1234 ‘et
1881 1170 1961 1234 ad
2006 1158 2476 1253 separationem
2523 1171 2735 1254 potius
2782 1191 2930 1234 con·

615 1264 880 1329 ducunt.
972 1263 1132 1330 Inde
1187 1267 1426 1331 factum
1486 1272 1612 1345 est,
1672 1272 1749 1331 nt
1806 1265 2059 1331 facilius
2114 1267 2307 1331 variis
2353 1264 2777 1333 Pontificibus
2824 1287 2930 1330 va·

615 1361 748 1426 riae
793 1362 1089 1427 nationes
1135 1363 1577 1446 adhaererent,
1623 1368 1688 1428 et
1734 1363 2008 1428 schisma
2046 1361 2437 1428 occidentale
2485 1362 2653 1447 quod
2694 1362 2933 1426 'dicitur

616 1457 768 1521 oriri
824 1480 898 1525 ae
962 1459 1070 1524 diu
1138 1458 1507 1525 continuari
1561 1464 1796 1543 posset.
1923 1460 2058 1523 Imo
2114 1458 2316 1524 adhuc
2378 1460 2642 1543 inipso
2705 1457 2928 1525 Conci-

618 1554 704 1619 lio
765 1552 1251 1622 constantiensi
1310 1560 1377 1621 et
1438 1557 1735 1641 sequenti
1794 1562 2081 1640 tempore
2151 1557 2700 1640 particularismus
2761 1554 2928 1639 ejus·

616 1651 786 1716 modi
852 1653 1147 1719 funestus
1210 1654 1585 1738 frequenter
1643 1675 1739 1738 se
1774 1652 2236 1719 manifestavit.
2347 1650 2472 1717 Sed
2534 1652 2655 1716 hae
2715 1650 2793 1717 de
2861 1673 2932 1714 re

616 1747 1151 1833 subsequentibus
1198 1749 1768 1816 dissertationibus
1814 1751 2052 1815 iterum
2099 1770 2309 1814 sermo
2355 1752 2658 1814 recurret.
