3281 5014
718 408 927 465 Causae
960 412 1356 475 praeparantes
1395 407 1757 463 defectionem
1793 408 2244 464 Protestantium.
2523 413 2627 465 467

316 550 551 615 cacitas
612 552 860 614 mentes
916 569 1135 613 eorum
1200 548 1461 614 alienat.
1528 599 1542 614 .
1609 597 1624 614 .
1695 598 1709 613 .
1774 549 2112 615 Caeterum
2180 552 2247 615 in
2312 554 2503 615 tanta
2571 556 2637 615 et

314 651 451 710 tam
497 646 700 712 nobili
750 646 1010 710 civitate
1068 647 1276 710 multa
1323 647 1613 711 enormia
1669 651 1856 724 sunt3
1916 649 2017 712 die
2076 652 2401 730 noctuque
2457 648 2637 711 rixae

317 741 398 806 ad
453 742 707 807 modum
766 743 991 826 praelii
1044 747 1390 827 geruntur:
1454 765 1625 808 nunc
1683 745 1963 809 artifices
2022 743 2324 808 adversus
2381 744 2638 807 studen-

317 845 445 918 te8‚
514 862 688 906 nunc
750 839 1017 904 curiales
1080 840 1146 903 in
1219 840 1529 918 artifices,
1596 862 1769 904 nunc
1834 841 1942 904 isti
2011 841 2267 924 opifices
2335 839 2637 904 adversus

316 938 479 1001 alios
536 958 714 1001 arma
772 939 1062 1002 sumunt.
1167 935 1339 1000 Raro
1402 936 1743 1001 celebritas
1793 937 2036 1020 absque
2095 936 2438 1001 homicidio
2493 959 2638 1020 per-

316 1034 546 1116 agitur.
673 1032 1071 1117 Frequentes
1147 1032 1371 1097 caedes
1446 1034 1962 1099 committuntur.
2095 1031 2226 1097 Ubi
2302 1033 2444 1097 rixa
2520 1036 2636 1110 est,

314 1151 448 1194 non
517 1135 673 1194 sunt
740 1129 854 1213 qui
921 1128 1212 1193 dividant
1280 1131 1762 1196 contendentes,
1887 1128 2117 1214 Neque
2198 1130 2638 1214 magistratuS,

313 1247 435 1290 nec
511 1226 804 1310 princeps
880 1226 1239 1290 custodiam
1311 1225 1413 1307 (ut
1475 1249 1593 1309 par
1661 1227 1856 1308 esset)
1929 1227 2008 1290 ad
2077 1227 2247 1291 mala
2308 1225 2637 1290 adhibent.

311 1323 559 1387 Vinum
602 1322 774 1386 domi
814 1322 1092 1386 vendere
1152 1321 1317 1385 nihil
1365 1323 1833 1388 existimationi
1889 1320 2112 1388 officit.
2207 1321 2445 1387 Omnes
2502 1322 2637 1386 fere

312 1420 480 1483 cives
557 1419 832 1482 vinarias
903 1419 1208 1482 tabernas
1284 1419 1534 1495 colunt,
1616 1420 1842 1484 stubas
1916 1418 2332 1495 calefaciunt,
2419 1418 2633 1502 coqui·

314 1537 462 1579 nam
519 1516 884 1594 instruunt,
941 1515 1189 1579 bibulos
1246 1522 1312 1578 et
1371 1515 1741 1581 meretrices
1798 1519 2161 1592 accersunt,
2223 1514 2448 1597 hisque
2513 1515 2635 1579 cibi

313 1610 555 1695 aliquid
612 1612 771 1675 cocti
825 1613 1027 1696 gratis
1078 1611 1417 1695 praebent,
1477 1615 1553 1674 ut
1607 1612 1882 1695 amplius
1938 1611 2201 1688 bibant,
2261 1608 2370 1674 sed
2428 1610 2634 1674 mino·

312 1729 449 1771 rem
504 1693 870 1773 mensuram
937 1707 1111 1772 dant.
1212 1707 1405 1771 Plebs
1463 1709 1676 1772 ventri
1732 1708 1976 1785 dedita,
2036 1728 2262 1786 vorax,
2323 1706 2635 1790 quidquid

310 1804 706 1870 hebdomada
781 1827 977 1869 manu
1057 1805 1404 1889 quaesivit,
1481 1805 1547 1869 id
1622 1805 1791 1870 festo
1867 1805 1968 1868 die
2040 1807 2250 1868 totum
2324 1803 2631 1867 absumit:

310 1902 590 1966 lacerum
644 1906 710 1966 et
760 1903 1255 1985 incompositum
1316 1901 1566 1985 vulgus.
1670 1901 2086 1966 Meretricum
2147 1900 2463 1963 maximus
2519 1922 2633 1965 nu-

311 2020 552 2073 merus3
613 2020 759 2063 raro
821 1999 1050 2063 mulier
1111 2003 1210 2062 est
1264 2018 1395 2061 uno
1457 2001 1769 2063 contenta
1815 1998 1972 2062 viro.
2064 1994 2332 2060 Nobiles
2390 1996 2497 2060 ubi
2554 1997 2645 2061 ad

309 2096 475 2159 cives
552 2096 820 2159 veniunt
891 2117 1124 2161 uxores
1201 2116 1421 2159 eorum
1491 2095 1569 2159 ad
1647 2094 2033 2179 colloquium
2113 2096 2429 2156 secretum
2498 2098 2633 2158 tra-

308 2190 507 2268 hunt,
581 2192 703 2255 viri
771 2193 968 2257 allato
1041 2192 1190 2255 vino
1261 2191 1448 2255 domo
1531 2191 1776 2255 abeunt
1851 2190 2216 2272 ceduntque
2285 2189 2631 2255 nobilibus.

305 2285 762 2372 Plurimaeque
809 2289 1060 2371 puellae
1106 2288 1397 2372 patribus
1444 2287 1667 2353 insciis
1717 2291 1882 2354 viros
1943 2285 2065 2350 sibi
2112 2283 2442 2369 delegunt.
2516 2288 2631 2353 Vi-

303 2383 466 2448 duae
532 2384 707 2448 intra
769 2387 1064 2468 tempora
1127 2384 1339 2448 luctus
1395 2404 1472 2446 ex
1533 2381 1804 2447 arbitrio
1870 2407 1988 2451 suo
2043 2389 2322 2453 nubunt.
2433 2387 2632 2452 Pauci

302 2480 373 2545 in
437 2482 699 2546 civitate
765 2484 953 2564 sunt,
1020 2501 1295 2565 quorum
1361 2500 1630 2564 proavos
1702 2480 1936 2547 vicinia
2005 2486 2216 2562 novit,
2283 2505 2465 2549 rarae
2533 2483 2626 2547 fa-

301 2579 518 2643 miliae
585 2582 915 2658 vetustae,
992 2578 1280 2643 advenae
1352 2582 1420 2642 et
1487 2578 1798 2659 inquilini
1875 2601 2114 2648 omnes.
2235 2580 2630 2646 Mercatores

302 2673 532 2738 divites
591 2675 769 2739 senio
835 2675 1110 2740 confecti
1168 2674 1415 2759 puellas
1476 2674 1546 2738 in
1599 2675 2078 2741 matrimonium
2141 2678 2415 2754 ducunt,
2486 2698 2627 2741 eas-

302 2792 430 2853 que
493 2770 669 2835 brevi
733 2771 1076 2835 dimittunt
1134 2771 1389 2846 viduas;
1463 2770 1611 2835 illae
1673 2772 1852 2836 inter
1911 2773 2260 2840 familiares
2324 2774 2627 2839 domesti-

301 2888 427 2945 coS,
491 2888 639 2932 cum
712 2868 945 2951 quibus
1011 2890 1199 2951 saepe
1260 2868 1792 2933 consuetudinem
1863 2870 2164 2936 adulterii
2239 2872 2630 2946 habuerunt,

292 2964 568 3047 juvenes
628 2964 799 3029 viros
868 2964 1223 3048 accipiunt3
1298 2964 1392 3028 ita
1459 2965 1568 3047 qui
1640 2964 1779 3029 heri
1849 2989 2123 3051 pauper,
2192 2968 2384 3034 hodie
2453 2968 2627 3031 dives

300 3060 650 3126 invenitur.
744 3059 984 3126 Contra
1042 3082 1297 3144 quoque
1345 3059 1411 3124 hi
1458 3063 1979 3145 superviventes,
2035 3087 2267 3130 uxores
2321 3065 2480 3129 alias
2525 3086 2626 3129 ac·

299 3157 578 3241 cipiunt,
632 3179 859 3243 resque
917 3179 1031 3242 per
1086 3158 1393 3222 circulum
1438 3156 1712 3223 ducitur.
1807 3157 1979 3225 Raro
2034 3162 2206 3226 filius
2261 3163 2430 3246 patri
2487 3183 2627 3226 suc·

300 3253 486 3319 cedit.
536 3304 550 3319 .
601 3304 614 3318 .
660 3304 675 3320 .
724 3254 1107 3338 Captatores
1153 3253 1623 3319 haereditatum
1671 3255 1893 3333 multi,
1953 3258 2066 3340 qui
2119 3259 2384 3323 senibus
2440 3258 2626 3322 blan-

299 3349 550 3415 dientes
593 3352 785 3415 scribi
842 3351 1147 3416 haeredes
1201 3372 1339 3416 sese
1397 3354 1652 3415 curant.
1744 3349 1955 3416 Aiunt
2009 3358 2074 3418 et
2129 3356 2428 3419 mulieres
2489 3376 2624 3419 esse

299 3446 641 3511 admodum
704 3448 970 3526 multas,
1035 3469 1198 3530 quae
1256 3448 1421 3512 viros
1477 3468 1706 3532 graves
1766 3450 2075 3514 uxoribus
2132 3471 2386 3515 veneno
2447 3450 2623 3514 aufe-

298 3548 472 3608 runt.
603 3542 880 3608 Constat
904 3593 919 3622 ,
995 3565 1033 3607 a
1101 3543 1422 3608 nobilibus
1491 3565 1682 3627 saepe
1751 3566 1965 3610 caesos
2034 3569 2170 3612 esse
2238 3547 2437 3624 cives,
2515 3547 2627 3630 qui

298 3662 529 3706 uxores
576 3661 724 3704 suas
782 3639 976 3705 verbo
1023 3643 1427 3718 terruerunt,
1488 3642 1720 3724 quibus
1780 3647 2104 3708 amatores
2159 3645 2228 3707 in
2274 3644 2448 3708 curia
2494 3643 2627 3708 fue·

295 3742 471 3802 runt.
531 3787 546 3802 .
599 3786 614 3801 .
663 3786 678 3802 .
735 3736 1445 3802 Excommunicationes
1505 3743 1762 3802 tantum
1818 3739 2088 3818 timent,
2156 3745 2471 3824 quantum
2530 3741 2624 3804 in-

295 3834 576 3910 famant,
636 3838 752 3898 aut
807 3834 1039 3901 damno
1097 3834 1439 3916 temporali
1496 3839 1672 3899 sunt.
1723 3881 1739 3898 .
1786 3884 1801 3899 .
1846 3885 1859 3900 .
1922 3834 2024 3900 Ad
2070 3837 2230 3901 haec
2287 3837 2454 3902 festa
2509 3861 2622 3922 pa-

294 3952 436 3993 rum
483 3931 778 4016 religiose
823 3932 1083 3996 colunt“
1138 3935 1255 3996 etc.
1350 3928 1591 3994 Similis
1651 3931 1785 3995 fere
1833 3932 2086 3998 videtur
2142 3955 2351 3997 rerum
2409 3938 2618 3998 status

293 4025 489 4091 fuisse
534 4029 600 4091 in
648 4029 789 4092 aliis
837 4028 1238 4103 civitatibuS‚
1298 4027 1392 4091 ita
1439 4033 1513 4089 ut
1559 4026 1740 4110 lepor
1783 4029 2043 4112 quidam
2096 4033 2162 4093 et
2208 4030 2436 4094 levitas
2482 4053 2617 4095 mo·

293 4144 439 4186 rum
486 4123 654 4207 apud
700 4126 932 4189 multos
977 4125 1398 4189 inveniretur.
