3281 5014
633 429 739 480 344
897 424 1119 478 XXXV.
1157 424 1239 478 De
1279 421 1482 477 Concil.
1522 420 1831 476 Basileensi
1870 436 1933 473 ac
1973 421 2039 474 de
2079 419 2293 486 Synodo
2331 418 2662 471 Florentina.

580 643 587 649 ³
636 566 733 629 Ex
799 567 966 630 serie
1026 586 1241 629 rerum
1301 569 1630 647 gestarum
1697 562 2051 645 colligitur,
2118 560 2426 623 motivum
2492 560 2771 642 praecise
2834 559 2944 623 de-

633 665 995 727 terminans
1056 660 1454 744 Eugenium,
1516 668 1589 722 ut
1632 658 1987 722 Concilium
2045 656 2417 720 dissolveret
2461 655 2660 719 fuisse
2704 657 2942 721 invita-

634 762 878 824 tionem
929 757 1333 822 Hussitarum
1387 756 1467 820 ad
1520 755 1898 821 Concilium.
1999 753 2207 828 Quum
2263 753 2434 815 enim
2493 753 2575 817 ob
2629 753 2786 817 alias
2842 776 2942 817 ra·

634 856 843 920 tiones
890 856 1029 938 jam
1082 854 1312 918 merito
1371 852 1659 917 Concilio
1705 850 1994 914 Basileae
2044 848 2424 913 celebrando
2481 871 2618 913 non
2673 848 2943 932 faveret,

635 953 902 1016 nuntius
946 951 1070 1015 iste
1122 951 1199 1014 de
1253 950 1546 1014 invitatis
1592 947 1877 1012 Hussitis
1932 968 2074 1010 eum
2128 944 2404 1010 reddidit
2446 945 2724 1008 maxime
2769 945 2945 1009 solli-

634 1050 864 1125 citum,
922 1070 1007 1111 ne
1052 1053 1192 1110 tota
1237 1069 1338 1111 res
1383 1046 1622 1110 malum
1672 1045 1916 1109 exitum
1964 1043 2259 1119 haberet,
2317 1062 2391 1105 ac
2434 1046 2773 1125 propterea
2817 1042 2945 1106 dis-

631 1144 973 1209 solutionis
1020 1143 1220 1207 edidit
1264 1141 1539 1207 Bullam.

815 1294 872 1358 8.
944 1292 1240 1357 Julianus
1310 1290 1663 1355 Cardinalis
1728 1290 2065 1371 scripserat
2136 1292 2280 1371 post
2345 1294 2667 1372 acceptam
2732 1285 2946 1373 fag-²⁴2·

636 1393 832 1479 tatem
883 1389 1278 1471 ‚dissolvendi
1339 1387 1607 1452 Concilii
1670 1386 1750 1450 ad
1811 1385 2173 1470 Eugenium
2234 1386 2516 1460 litteras,
2587 1386 2652 1448 in
2709 1384 2946 1468 quibus

639 1472 874 1572 magna
937 1508 1076 1551 cum
1132 1486 1436 1549 libertate
1497 1505 1859 1567 magnoque
1919 1483 2165 1567 vigore,
2235 1487 2490 1546 servata
2562 1486 2780 1544 tamen
2844 1503 2937 1543 re·

636 1585 952 1663 verentia,
1022 1582 1240 1647 studet
1300 1580 1681 1645 Pontificem
1749 1601 1785 1642 a
1850 1578 2285 1643 dissolutionis
2342 1577 2669 1641 sententia
2730 1577 2943 1640 deter-

636 1702 803 1759 rere,
864 1678 1170 1761 expositis
1232 1678 1416 1742 malis
1480 1677 1629 1742 inde
1690 1676 2025 1741 secuturis
2135 1674 2378 1750 Quibus
2442 1673 2672 1737 litteris
2733 1673 2945 1757 Euge-

636 1778 782 1840 nius
830 1775 1248 1860 probabiliter
1292 1779 1502 1837 motus
1550 1774 1810 1848 fuisset;
1858 1772 1969 1836 sed
1998 1770 2269 1836 Romam
2317 1793 2448 1835 non
2496 1780 2946 1854 pervenerunt,

637 1873 761 1936 nisi
823 1879 968 1954 post
1031 1872 1501 1953 promulgatam
1572 1868 2012 1933 dissolutionis
2077 1867 2351 1931 Bullam.
2428 1902 2513 1912 —
2588 1865 2945 1950 Sigismun·

635 1969 753 2032 dus
813 1968 1172 2051 Imperator
1226 1966 1305 2030 ab
1368 1966 1664 2050 Eugenio
1726 1965 1804 2029 de
1866 1965 2284 2029 dissolutione
2346 1965 2579 2029 certior
2635 1963 2946 2030 redditus-

636 2064 929 2147 Eugenio
983 2064 1041 2127 d.
1096 2062 1153 2126 d.
1214 2061 1286 2125 9⁰
1336 2062 1628 2127 Januarii
1688 2063 1940 2144 scripsit
1993 2062 2362 2145 epistolam,
2420 2081 2549 2144 qua
2602 2058 2944 2122 vehemen-

635 2162 877 2224 tissime
940 2182 1084 2223 eum
1141 2158 1555 2239 adhortatur,
1619 2164 1691 2223 ut
1750 2158 2107 2223 Concilium
2168 2156 2532 2221 continuari
2590 2156 2946 2238 permittat,

637 2265 704 2322 et
750 2258 992 2321 motiva
1038 2256 1313 2340 Eugenii
1369 2279 1483 2339 pro
1537 2255 1957 2320 dissolutione
2013 2254 2350 2317 confutare
2396 2252 2630 2317 studet.
2724 2251 2945 2327 Quoad

634 2354 1081 2418 invitationem
1139 2352 1555 2417 Hussitarum
1613 2352 1953 2435 praecipue
2014 2349 2390 2433 respondet,
2448 2349 2618 2412 haud
2679 2348 2757 2410 ad
2818 2347 2941 2411 dis·

635 2453 995 2536 putandum
1063 2450 1233 2534 ipsos
1301 2450 1609 2514 invitatos
1670 2470 1837 2527 esse,
1903 2447 2013 2512 sed
2078 2455 2148 2511 ut
2211 2447 2478 2511 veniant
2541 2442 2839 2509 edocendi
2904 2467 2944 2506 a

637 2548 930 2632 Synodo,
989 2552 1181 2631 prout
1241 2547 1562 2612 Martinus
1605 2546 1685 2610 V.
1749 2545 2037 2629 pluribus
2100 2545 2385 2627 epistolis
2445 2544 2575 2607 suis
2629 2548 2762 2606 tam
2820 2541 2944 2624 ipsi

637 2644 1074 2729 Sigismundo,
1155 2665 1345 2726 quam
1418 2642 1726 2707 Poloniae
1780 2642 1919 2725 regi
1996 2640 2354 2705 faciendum
2427 2639 2942 2722 praescripserat.

638 2741 997 2825 EugeniuS,
1077 2762 1154 2803 ex
1222 2739 1524 2822 gravibus
1593 2739 1798 2803 causis
1862 2759 1928 2801 se
2001 2737 2365 2801 dissolvisse
2427 2736 2784 2801 Concilium
2849 2755 2943 2796 re·

638 2837 926 2921 spondit3
985 2837 1096 2901 sed
1140 2835 1608 2919 SigismunduS,
1665 2835 1959 2918 quamvis
2016 2834 2094 2898 de
2149 2838 2404 2897 caetero
2461 2831 2799 2898 concordia
2846 2831 2941 2892 in-

549 2981 556 2986 ›
635 2939 737 2999 ter
802 2934 1009 3017 ipsum
1078 2931 1577 2996 et.Pontificem
1642 2933 1914 3016 vigeret,
1986 2931 2111 2995 ista
2176 2932 2246 2993 in
2316 2929 2689 3012 quaestione
2754 2927 2814 2991 ei
2875 2948 2942 2989 se

636 3030 954 3113 opposuit,
1002 3028 1222 3106 donec,
1271 3029 1368 3092 uti
1400 3028 1768 3103 videbimus,
1819 3027 2147 3111 Eugenius
2193 3026 2747 3092 continuationem
2785 3023 2944 3089 Con·

635 3128 764 3190 cilii
810 3127 1271 3209 pronuntiavit.

352 3290 578 3360 Opppsitio
814 3269 874 3332 9.
923 3266 1234 3350 Perpauci
1279 3265 1374 3329 illi
1410 3254 1690 3347 'praelati
1739 3261 2292 3366 (quatuordecim),
2338 3264 2452 3347 qui
2499 3283 2772 3345 eousque
2817 3259 2943 3348 ξε,-

357 3352 571 3456 Bfflgffn‘
638 3365 859 3428 sileam
928 3368 1385 3435 convenerant,
1456 3360 1806 3445 aegerrime
1832 3359 2159 3425 'tulerunt
2225 3360 2706 3425 dissolutionem
2776 3357 2940 3422 Con-

640 3462 796 3542 eilii,
861 3482 934 3524 ac
987 3481 1054 3522 se
1109 3458 1312 3524 eidem
1370 3466 1444 3521 ut
1502 3459 1905 3542 perniciosae.
1950 3460 2406 3540 opposuerunt.
2506 3455 2738 3531 Quodsi
2798 3475 2942 3519 cum

638 3556 854 3622 debita
915 3558 1274 3620 reverentia
1337 3554 1705 3639 Eugenium
1767 3541 2511 3632 studuisse‘iit'm'overe,
2582 3557 2658 3616 ut
2725 3574 2762 3615 a
2827 3572 2944 3614 sua

634 3654 908 3718 resiliret
949 3652 1307 3726 sententia,
1356 3651 1428 3715 id
1475 3652 1644 3716 forte
1699 3650 2070 3735 exprobrari
2115 3652 2266 3735 ipsis
2320 3673 2453 3715 non
2497 3655 2739 3734 posset,
2794 3647 2943 3731 quia

599 3771 858 3814 -revera
905 3749 1126 3833 gravia
1172 3750 1413 3812 motiva
1471 3748 2026 3812 continuationem
2073 3748 2458 3824 suadebant,
2511 3748 2789 3828 dumque
2835 3743 2943 3807 de-

638 3852 880 3910 cretum
936 3845 1378 3909 dissolutionis
1436 3846 1676 3908 factum
1734 3849 1863 3918 est,
1927 3848 2135 3907 status
2189 3867 2401 3909 rerum
2464 3840 2765 3906 Pontifici
2828 3841 2942 3902 mi-

639 3964 759 4006 nus
808 3943 967 4006 bene
1015 3946 1211 4006 notus
1260 3949 1417 4006 erat.
1513 3941 1635 4004 Sed
1685 3961 1830 4003 mox
1880 3939 2282 4005 Basileenses
2329 3939 2729 4003 reverentiae
2776 3936 2943 4000 debi-

635 4045 740 4103 tae
818 4039 1053 4103 limites
1129 4043 1553 4102 excesserunt.
1683 4036 1934 4101 Dicitur
2011 4060 2116 4102 eos
2193 4037 2501 4101 excitasse
2571 4034 2943 4099 Dominicus

639 4135 1019 4219 Capranica,
1096 4125 1446 4217 episcopus>
1488 4132 1859 4211 Firmanus,
1925 4133 2216 4219 Eugenio
2275 4134 2596 4197 infensus.
2713 4128 2943 4195 Marti-
