3281 5014
1101 405 1183 459 De
1223 404 1466 459 Concilio
1505 405 1827 462 Basileensi.
2521 413 2623 464 367

306 553 501 631 atque
552 548 747 612 etiam
795 546 1064 611 decretis
1110 548 1250 631 ejus
1297 547 1716 635 plenam-[ium
1749 549 1948 613 tribui
1995 551 2242 615 volunt.
2258 548 2305 634 ¹)
2381 551 2627 623 Ultima,
2716 620 2721 631 ¹

305 643 500 727 hujus
544 644 909 708 sententiae
955 665 1103 726 pars
1149 643 1341 725 plane
1388 644 1550 707 falsa
1599 648 1726 728 est3
1784 667 1901 709 nec
1947 646 2201 711 admitti
2249 670 2430 731 posse
2476 670 2624 712 cen-

306 762 517 805 semus
580 739 986 824 simpliciter,
1066 739 1425 803 Concilium
1494 763 1698 825 usque
1772 743 1851 806 ad
1918 744 2409 808 translationem
2477 768 2625 810 vere

306 838 788 902 oecumenicum
843 837 1059 900 fuisse.
1114 871 1202 881 —
1265 834 1334 898 3⁰
1375 837 1567 902 Multi
1622 839 2024 917 existimant,
2093 839 2449 905 Concilium
2506 841 2623 906 Ba-

303 933 577 998 sileense
638 933 1111 998 oecumenicum
1162 933 1341 1019 HEEO
1404 934 1590 998 modo
1638 956 1774 999 esse
1837 935 2196 1001 dicendum.
2294 936 2398 1002 Sic
2455 937 2623 1003 Bell·

306 1031 621 1095 arminus:
696 1028 926 1110 Hujus
992 1025 1298 1106 Concilii,
1378 1030 1627 1111 scribit,
1692 1029 1863 1095 nihil
1924 1035 2017 1095 cst
2075 1036 2300 1097 ratum
2359 1038 2419 1097 ct
2467 1055 2621 1117 pro-

308 1125 557 1206 batum,
622 1124 757 1190 nisi
820 1123 1137 1207 quaedam
1206 1123 1661 1207 dispositiones
1729 1126 1902 1191 circa
1971 1127 2275 1209 beneficia
2334 1130 2621 1195 ecclcsia-

305 1222 502 1305 stica,
572 1242 736 1305 quae
794 1242 834 1287 a
897 1220 1183 1287 Concilio
1235 1221 1454 1303 factae
1509 1221 1813 1304 fuerant,
1876 1244 2040 1306 quas
2097 1226 2306 1308 (pacis
2362 1231 2423 1292 ct
2474 1228 2624 1294 uni—

306 1319 465 1385 tatis
532 1319 789 1402 qratia)
856 1317 1171 1383 Nicolaus
1233 1317 1638 1400 approbavit.
1753 1318 2114 1386 Concilium
2182 1343 2331 1387 vero
2404 1323 2622 1405 ipsum

294 1414 696 1498 ‘reprobatur
753 1414 828 1480 in
892 1412 1179 1480 Concilio
1241 1414 1686 1482 Laterancnsi
1747 1416 2008 1497 ultimo,
2086 1439 2232 1483 3333.
2296 1419 2395 1484 ΙΙ.
2413 1417 2467 1505 ²)
2534 1458 2624 1466 —-

306 1512 378 1577 4⁰
422 1514 586 1591 Alii,
645 1514 741 1578 uti
795 1512 897 1577 Ill.
947 1512 1202 1591 Hefele‚
1264 1513 1672 1588 existimant,
1727 1513 2083 1578 Concilium
2143 1518 2621 1582 oecumenicum

305 1610 676 1675 habendum
721 1632 857 1674 esse
906 1612 1103 1694 usque
1144 1609 1222 1672 ad
1271 1611 1764 1674 translationem
1812 1613 1950 1695 ejus
1999 1613 2178 1692 (3333.
2180 1612 2620 1700 I—XXV)
2654 1600 2671 1607 -

307 1706 417 1772 sed
465 1730 542 1772 ex
588 1707 701 1771 illo
748 1708 957 1772 stadio
1007 1711 1266 1770 tantum
1327 1728 1401 1769 ea
1448 1706 1705 1770 decreta
1751 1707 2045 1772 habenda
2092 1731 2228 1774 esse
2272 1716 2347 1775 ut
2392 1732 2620 1794 appro-

306 1805 478 1887 bata,
524 1826 685 1888 quae
724 1808 1021 1888 spectant
1048 1803 1576 1886 exstirpationem
1616 1802 1923 1882 haeresis,
1971 1827 2191 1888 pacem
2239 1807 2413 1872 inter
2458 1808 2620 1872 chri-

305 1901 554 1966 stianos
610 1901 929 1985 principes
987 1922 1061 1965 ac
1120 1899 1644 1964 reformationem
1702 1899 2052 1984 Ecclesiae,
2113 1903 2433 1987 simulque
2488 1927 2621 1969 non

304 1997 573 2062 laedunt
632 1996 814 2062 Sedis
877 1996 1286 2081 Apostolicae
1352 1997 1805 2061 auctoritatem
1871 2002 1935 2062 et
1988 2001 2160 2083 jura.
2224 2035 2305 2046 -—
2348 2000 2624 2065 Videtur

307 2093 495 2159 nobis
540 2099 778 2174 tamen,
828 2094 1261 2159 characterem
1308 2116 1383 2159 ac
1427 2113 1666 2156 nomen
1717 2093 1983 2163 Concilii
2030 2097 2418 2161 oecumenici
2462 2097 2624 2181 Syn·

307 2191 426 2255 odo
472 2190 827 2256 Basileensi
882 2190 1226 2255 tribuenda
1270 2192 1408 2274 jam
1463 2211 1596 2253 non
1646 2211 1803 2254 esse.
1893 2190 1990 2254 Ea
2045 2215 2210 2276 quae
2266 2193 2386 2258 hac
2433 2195 2508 2258 de
2554 2217 2622 2258 re

1571 2274 1767 2281 -Ὕὴθ

306 2287 576 2352 dicenda
622 2293 969 2353 occurrunt
1009 2288 1088 2352 ad
1134 2287 1383 2370 aliquot
1425 2290 1669 2368 puncta
1713 2286 2106 2352 reducemus.

484 2421 588 2486 34.
654 2419 1008 2485 Concilium
1069 2417 1444 2483 Basileense
1510 2413 1577 2478 1⁰
1639 2417 1928 2506 legitime
1983 2423 2402 2484 convocatum
2463 2430 2620 2498 erat,

307 2527 372 2584 et
441 2518 510 2582 in
582 2519 863 2582 sessione
935 2518 1137 2603 prima
1213 2514 1602 2605 legitimpm3
1679 2516 1828 2598 inde
1895 2520 2111 2581 tamen
2183 2515 2622 2581 denominatio

307 2614 697 2681 oecumenici
757 2613 1026 2678 Concilii
1085 2613 1545 2679 convenienter
1600 2614 1804 2699 repeti
1861 2614 2109 2698 nequit.
2171 2648 2259 2659 -—
2320 2610 2391 2676 2⁰
2446 2612 2624 2677 Cele-

306 2713 603 2777 bratione
663 2712 1143 2775 oecumenicum
1202 2711 1427 2775 haberi
1484 2713 1714 2796 nequit
1771 2712 1837 2775 in
1895 2709 2435 2793 subsequentibus
2495 2731 2622 2774 ses·

305 2807 624 2885 sionibus,
682 2812 823 2873 tum
877 2812 1140 2891 propter
1194 2808 1499 2891 exiguum
1554 2829 1889 2873 numerum
1951 2806 2418 2890 episcoporum,
2479 2810 2621 2871 tum

301 2911 565 2990 propter
618 2905 1106 2969 dissolutionem
1163 2903 1244 2966 ab
1292 2902 1585 2988 Eugenio
1638 2906 1896 2969 factam.
1992 2901 2225 2967 Omnia
2273 2904 2464 2967 etiam
2513 2904 2620 2968 de·
2643 2924 2712 2976 Qu
2714 2925 2879 2967 indeo
2859 2938 2949 2968 s-en

302 3001 458 3066 111(13
519 3006 652 3066 tam
721 2999 1123 3078 inordinate,
1199 3002 1621 3066 tumultuarie
1692 3006 1758 3065 et
1823 3000 2128 3064 audacter
2197 3001 2371 3063 facta
2444 2986 2930 3090 33111,(ὶῃωῃζῗᾱθξὶι

306 3104 379 3162 ut
449 3120 525 3162 ex
593 3098 713 3162 hac
781 3118 1036 3181 quoque
1105 3101 1290 3179 parte
1356 3097 1640 3181 dignitas
1702 3096 1972 3163 Concilii
2045 3096 2438 3160 oecumenici
2506 3097 2622 3159 tali
2833 3081 2842 3090 ⁵

303 3194 790 3280 congregationi
837 3193 1205 3277 deroganda
1259 3215 1393 3259 esse
1440 3194 1753 3258 videatur.
1808 3228 1896 3239 —
1949 3190 2020 3255 3⁰
2067 3192 2418 3270 Revocavit
2472 3192 2621 3256 dein

305 3292 637 3378 Eugenius
699 3289 815 3356 IV.
879 3291 1365 3356 dissolutionem
1438 3313 1652 3368 suam,
1727 3295 1790 3355 et
1851 3289 2283 3353 characterem
2352 3288 2621 3352 Concilii
2692 3331 2735 3362 >a

303 3390 697 3454 oecumenici
766 3387 962 3453 etiam
1036 3408 1153 3471 pro
1227 3388 1576 3452 transactis
1647 3387 2033 3452 sessionibus
2103 3383 2363 3468 Synodo
2441 3384 2622 3472 adju-

303 3486 491 3572 dicat.
582 3484 707 3549 Sed
755 3507 831 3548 ex
880 3484 1211 3549 sententia
1265 3484 1613 3548 multorum
1673 3484 1995 3548 decretum
2044 3482 2162 3546 hoc
2208 3482 2325 3546 sub
2372 3481 2619 3554 influxu

304 3582 667 3692 gravissimi
712 3581 965 3646 timoris
1011 3580 1252 3644 editum
1304 3584 1428 3656 est,
1490 3602 1564 3645 ac
1608 3585 1973 3664 praeterea,
2030 3579 2127 3641 uti
2189 3578 2621 3660 exposuimus,

303 3679 516 3763 potius
561 3675 649 3742 ’111
633 3676 1154 3743 aestimatione
1218 3682 1281 3741 et
1336 3676 1476 3741 foro
1523 3678 1690 3761 juris
1751 3676 1982 3740 statuit
2028 3674 2390 3758 Eugenius‚
2453 3673 2622 3738 Con-

303 3774 523 3840 cilium
583 3774 745 3838 illud
805 3779 879 3838 ut
933 3774 1223 3858 legitime
1278 3772 1728 3837 continuatum
1788 3772 2154 3837 habendum
2205 3792 2369 3849 esse,
2433 3792 2623 3854 quam

488 3983 523 4055 ¹)
565 3984 692 4038 Nat.
732 3983 909 4048 Alex„
945 3981 1093 4035 Hist.
1130 3981 1299 4048 Eccl„
1339 3996 1480 4035 saec.
1517 3980 1860 4035 XV.—XVI.
1897 3978 2129 4033 Dissert.
2163 3977 2260 4031 IX.

484 4063 529 4131 ²)
566 4064 649 4119 De
688 4061 947 4117 Conciliis
995 4061 1056 4114 L.
1096 4062 1140 4115 Ι.
1192 4077 1236 4115 3.
1284 4063 1334 4114 7.
1386 4060 1465 4114 Cf.
1516 4059 1827 4129 Roncaglia
1875 4058 1933 4112 in
1982 4059 2271 4111 AnimadV.
2323 4058 2391 4111 ad
2440 4056 2622 4111 Natal.

306 4144 467 4199 Alex.
504 4148 561 4197 et
598 4142 802 4196 Lucam
837 4140 1114 4196 Holstenii
1154 4141 1373 4195 dissert.
1413 4156 1497 4207 ap.
1535 4139 1718 4193 Mansi
1755 4139 1816 4192 Τ.
1856 4138 2058 4191 ΧΧΙΧ.
2096 4155 2148 4205 p.
2189 4137 2343 4190 1222.

407 4238 672 4290 Jungmann,
718 4238 1075 4279 Dissertationes.
1115 4236 1236 4277 Tom.
1264 4235 1348 4277 VI.
2344 4227 2416 4277 24
