3281 5014
1187 451 1357 505 Initia
1392 452 1773 507 PontificatuS.
2576 461 2640 511 17

320 591 744 673 inscriptione
807 611 1101 672 expressa
1173 592 1300 655 fuit
1362 595 1627 678 ejusque
1690 595 2095 679 sepulchrum
2166 598 2392 680 palmis
2461 622 2642 664 orna·

322 683 542 770 tumst)
632 686 778 752 Jam
828 709 906 751 ex
950 687 1062 751 illo
1107 693 1395 772 tempore
1444 690 1688 755 factum
1735 713 1873 757 esse
1923 693 2194 777 videtur,
2251 700 2325 758 ut
2369 698 2641 778 pessima

321 784 405 847 de
437 782 770 849 Bonifatio
817 790 1262 869 narrarentur,
1312 785 1659 871 multisque
1704 789 1838 871 ipse
1870 789 2206 854 calumniis
2255 791 2640 857 afficeretur.

328 879 500 944 Hinc
545 881 717 946 locus
756 883 891 964 jam
937 888 1035 945 est
1082 881 1472 964 exponendi,
1531 885 1703 947 unde
1761 885 1908 948 talis
1955 887 2023 949 in
2070 885 2471 953 Bonifatium
2518 889 2641 954 lin·

319 997 603 1059 guarum
648 979 1004 1060 persecutio
1052 981 1438 1060 provenerit.

510 1127 610 1190 18.
673 1125 1042 1191 Bonifatius
1088 1127 1290 1212 igitur
1336 1128 1486 1192 inde
1533 1130 1613 1192 ab
1659 1129 1845 1194 initio
1900 1131 2313 1242 pontificatus
2359 1133 2459 1196 sui
2504 1138 2640 1197 tur·
2692 1144 2948 1186 Adversarii

326 1226 476 1288 bam
553 1245 852 1307 magnam
932 1223 1158 1288 habuit
1233 1225 1776 1304 adversariorum,
1855 1228 1966 1311 qni
2042 1228 2166 1312 ipsi
2242 1228 2647 1295 infestissimi
2708 1206 2772 1246 ΒΟ
2776 1205 2935 1247 ”Mt

324 1327 536 1384 erant.
630 1320 818 1384 Tales
876 1320 1142 1384 fuerunt
1189 1343 1411 1385 omnes
1459 1323 1583 1397 illi,
1643 1323 1751 1406 qui
1800 1345 1917 1406 per
1972 1323 2440 1389 abdicationem
2491 1325 2644 1390 Coe-

329 1417 580 1492 lestini,
641 1439 758 1500 per
815 1417 1190 1482 electionem
1247 1417 1593 1499 Bonifatii,
1660 1423 1726 1483 et
1782 1441 1897 1503 per
1950 1422 2424 1485 revocationem
2480 1421 2646 1486 Con-

322 1513 750 1578 stitutionum
816 1513 1162 1578 Coelestini
1230 1516 1521 1578 frustrati
1590 1522 1748 1579 sunt
1816 1516 1883 1579 in
1957 1539 2075 1581 sua
2140 1539 2281 1601 spe,
2349 1522 2416 1582 et
2478 1539 2644 1581 com·

328 1610 536 1674 modis
595 1609 787 1673 variis
845 1611 1098 1693 privati.
1212 1609 1308 1673 Ex
1366 1610 1466 1675 his
1528 1612 1733 1694 igitur
1794 1612 2063 1677 fuerunt
2114 1614 2302 1677 multi
2361 1614 2651 1688 curialeS‚

277 1707 441 1793 ·qui
512 1705 864 1771 Coelestini
934 1707 1345 1790 simplicitate
1427 1708 1772 1772 abutentes
1849 1710 2157 1773 beneficia
2224 1711 2650 1775 ecclesiastica

331 1802 807 1912 acquisiverant
851 1808 918 1867 et
962 1803 1451 1881 distribuerant,
1500 1828 1538 1869 a
1583 1802 1915 1868 Bonifatio
1962 1828 2114 1871 vero
2160 1807 2430 1891 repressi
2477 1813 2647 1870 sunt.

334 1900 503 1963 Dein
553 1901 905 1984 aegerrime
950 1901 1105 1965 tulit
1162 1902 1630 1966 abdicationem
1679 1900 2026 1967 Coelestini
2074 1902 2505 1988 Congregatio
2559 1904 2647 1986 ip-

327 1998 488 2073 siuS,
569 2019 841 2080 quorum
907 1999 1189 2069 membra
1252 1998 1674 2063 nominantur
1737 2022 1775 2063 a
1830 1998 2071 2065 Jacobo
2133 1999 2317 2065 Card.
2384 1998 2650 2085 Stepha—

335 2093 555 2157 neschi
602 2093 1061 2159 monachorum
1109 2114 1240 2158 non
1289 2093 1464 2158 culta
1509 2092 1675 2158 satis
1719 2093 1829 2157 sed
1870 2086 2121 2160 rustica
2168 2094 2394 2160 turba:
2435 2095 2649 2180 hique

332 2191 632 2255 monachi
689 2198 861 2255 certe
908 2190 1265 2256 Bonifatio
1297 2191 1714 2254 vehementer
1776 2193 2267 2271 succensebant,
2332 2192 2503 2277 quod
2557 2214 2652 2255 re-

334 2293 595 2350 vocaret
657 2286 804 2351 deci
809 2292 915 2351 eta
984 2287 1362 2370 Coelestini,
1441 2289 1886 2351 extensionem
1955 2290 2217 2373 regulae
2284 2291 2382 2355 vel
2450 2290 2645 2353 vesti·

332 2384 539 2447 menti
583 2383 865 2466 ipsorum
927 2383 1003 2446 ad
1062 2384 1340 2467 reliquos
1387 2382 1874 2461 Benedictinos,
1933 2388 1999 2448 et
2049 2386 2385 2469 privilegia
2432 2387 2648 2450 omnia

326 2501 657 2546 concessa.
733 2479 1082 2546 Multitudo
1128 2502 1277 2546 vero
1323 2479 1606 2565 plebium
1666 2481 1735 2545 in
1783 2480 2152 2547 Coelestino
2198 2482 2460 2548 nonnisi
2507 2504 2653 2546 san-

328 2578 627 2641 ctitatem
674 2579 1002 2662 vitamque
1056 2599 1343 2642 severam
1398 2578 1832 2655 mirabantur,
1894 2578 2179 2643 rationes
2234 2585 2449 2643 autem
2507 2580 2650 2642 illas

517 2766 558 2836 ¹)
596 2765 736 2821 Vide
761 2767 919 2821 Tosti
961 2767 1023 2821 T.
1062 2768 1106 2821 Ι.
1144 2784 1194 2835 p.
1225 2766 1342 2822 111.
1381 2798 1450 2805 —
1487 2769 1696 2822 Duram
1733 2767 1904 2822 fuisse
1941 2768 2312 2823 detentionem
2352 2767 2651 2822 Coelestini

330 2846 505 2901 etiam
553 2844 903 2913 conqueritur
939 2847 1137 2901 Petrus
1185 2847 1347 2901 Card.
1394 2847 1461 2902 de
1507 2847 1736 2901 AlliacO.
1810 2848 2097 2910 Attamen,
2151 2848 2230 2900 uti
2280 2847 2525 2914 superius
2573 2846 2652 2898 vi-

328 2925 533 2990 dimus,
570 2925 690 2992 ipse
727 2925 936 2991 scribit,
978 2925 1172 2980 cellam
1207 2926 1410 2980 factam
1447 2926 1651 2992 fuisse,
1690 2928 1918 2994 optante
1955 2926 2283 2990 Coelestino,
2321 2927 2391 2978 ad
2424 2925 2654 2978 formam

329 3006 456 3072 ejus
506 3019 667 3071 quam
712 3005 964 3059 Murrone
1014 3006 1296 3060 habuerat.
1384 3006 1548 3059 Haud
1599 3005 1791 3058 mirum
1839 3005 2013 3073 igitur
2055 3009 2167 3069 est,
2219 3004 2267 3058 si
2316 3003 2422 3057 viri
2473 3004 2654 3058 severi

328 3082 480 3138 cella
515 3083 625 3137 fuit
660 3084 821 3137 valde
857 3084 1220 3150 incommoda,
1267 3100 1367 3138 nec
1414 3084 1574 3153 argui
1609 3091 1800 3153 posset
1834 3083 2147 3138 Bonifatius
2174 3082 2355 3148 VIII„
2401 3081 2568 3137 etiam
2607 3083 2653 3136 si

335 3177 470 3218 vera
519 3168 707 3216 essent
750 3162 848 3216 illa
885 3162 1043 3216 Petri
1093 3163 1158 3216 de
1194 3163 1438 3217 Alliaco:
1499 3163 1735 3230 „Missus
1787 3169 1875 3217 est
1920 3164 1991 3216 ad
2028 3168 2265 3217 castrum
2303 3161 2560 3215 Fumonis
2599 3168 2655 3215 et

335 3240 677 3295 fortissimae
735 3241 871 3295 turri
925 3241 1192 3308 inclusus3
1251 3246 1306 3297 et
1350 3241 1612 3296 adhibitis
1661 3258 1756 3296 sex
1811 3241 2076 3295 militibus
2134 3246 2192 3295 et
2238 3240 2364 3295 aliis
2418 3241 2657 3309 triginta

329 3319 680 3374 satellitibus
718 3322 788 3373 ad
833 3322 949 3390 ejus
989 3321 1291 3375 custodiam
1341 3322 1428 3376 die
1475 3329 1747 3387 noctuque
1798 3321 1879 3374 ita
1923 3321 2217 3374 tenebatur
2263 3327 2535 3386 arctatuS,
2592 3328 2653 3374 ut

332 3398 477 3452 >nulli
516 3398 795 3453 hominum
844 3400 914 3452 ad
950 3415 1071 3454 eum
1117 3407 1311 3467 patere
1359 3405 1550 3468 posset
1597 3415 1870 3454 accessus.
1944 3399 2119 3454 Petiit
2165 3404 2378 3466 autem,
2435 3405 2498 3453 ut
2550 3400 2656 3453 duo

330 3478 444 3531 sibi
482 3478 743 3532 darentur
777 3477 1006 3544 fratreS,
1054 3494 1173 3532 cum
1209 3477 1401 3544 quibus
1448 3478 1691 3532 divinum
1729 3484 1922 3547 ageret
1970 3478 2235 3544 officium3
2286 3477 2378 3545 qui
2433 3478 2482 3534 ei
2533 3493 2659 3531 con·

338 3556 483 3610 cessi
521 3556 672 3611 illius
711 3557 950 3611 carceris
1000 3556 1315 3625 angustiam
1352 3557 1444 3611 diu
1480 3557 1621 3612 ferre
1659 3573 1769 3611 non
1803 3558 2081 3623 valenteS‚
2131 3558 2257 3613 inde
2295 3558 2657 3613 extraheban-

332 3645 431 3690 tur
468 3635 698 3690 infirmi.·
760 3636 898 3691 Erat
945 3635 1088 3691 enim
1134 3641 1295 3690 tanta
1339 3638 1506 3690 turris
1545 3638 1808 3703 arctatio,
1855 3643 1917 3690 ut
1966 3638 2051 3691 vir
2089 3642 2313 3691 sanctus
2362 3637 2454 3690 ubi
2496 3637 2658 3693 habe-

336 3716 437 3768 bat
490 3716 687 3781 pedeS‚
742 3715 869 3768 dum
916 3716 1136 3769 missam
1184 3715 1513 3783 celebraret,
1552 3716 1628 3769 ibi
1670 3717 1907 3772 habebat
1956 3719 2120 3783 pedes
2173 3717 2300 3771 dum
2343 3716 2658 3771 dormiendo

332 3792 696 3860 quiesceret.“
772 3794 835 3848 L.
883 3794 957 3847 ΙΙ.
1010 3812 1054 3849 c.
1104 3797 1185 3847 17.
1261 3794 1365 3848 Sed
1423 3795 1620 3848 Petrus
1684 3796 1750 3850 de
1787 3795 2001 3850 Alliaco
2061 3795 2205 3849 vixit
2258 3795 2659 3863 quinquaginta

333 3873 500 3927 annis
546 3881 677 3941 post
725 3871 1120 3938 Goelestinum‚
1178 3880 1234 3927 et
1284 3873 1444 3927 valde
1492 3873 1718 3928 acerbus
1767 3880 1851 3928 est
1901 3873 1956 3927 in
1999 3872 2365 3939 Bonifatium,
2420 3873 2659 3939 adeoque

343 3951 609 4018 quaedam
646 3950 704 4004 in
747 3950 833 4003 his
872 3958 1213 4020 exaggerata
1258 3967 1407 4016 esse,
1456 3953 1651 4007 merito
1706 3953 2073 4020 supponimus
2148 3954 2420 4007 Auctores
2471 3951 2658 4007 coaevi

344 4031 603 4095 scribunt,
642 4030 930 4083 honestam
966 4030 1138 4085 fuisse
1169 4030 1487 4093 custodiam,
1526 4030 1806 4098 ipsumque
1836 4030 2206 4085 Coelestinum
2232 4030 2467 4086 noluisse
2492 4030 2660 4086 lamio·

336 4108 495 4162 ribus
542 4107 737 4176 quibus
778 4112 994 4177 poterat
1034 4109 1134 4165 uti.
1209 4110 1300 4163 Ita
1349 4109 1537 4163 Jacob.
1590 4110 2004 4178 Stephaneschi.
2077 4110 2145 4164 Id
2202 4111 2364 4179 plane
2404 4110 2661 4165 convenit

342 4188 527 4241 sancti
566 4188 670 4241 viri
711 4188 904 4256 rigori.

2350 4277 2411 4328 2*
