3281 5014
369 1585 615 1629 Innocenti-

332 1659 385 1688 us
404 1647 508 1689 VII.
528 1648 580 1688 R.
602 1648 647 1688 P.

668 428 774 484 272,
1166 429 1427 484 XXXHI.
1462 432 1546 486 De
1581 449 1783 501 magno
1821 433 2131 489 Occidentis
2171 435 2479 490 schismate.

665 566 966 646 traditur,
1035 592 1108 635 ac
1173 574 1534 658 generatim
1599 574 2055 658 integerrimae
2127 577 2254 641 fuit
2319 577 2509 642 vitae.
2636 577 2980 643 Caeterum

667 686 904 748 magna
946 667 1234 750 profecto
1293 690 1368 733 eo
1425 674 1711 754 tempore
1764 676 1902 736 erat
1956 672 2330 748 difficultas,
2390 678 2464 737 ut
2511 673 2815 740 Pontifex
2867 675 2982 739 ob·

665 760 906 825 tineret
949 765 1247 845 pecunias
1294 766 1683 831 necessarias
1737 767 1816 831 ad
1860 768 2190 834 Ecclesiae
2243 770 2865 835 administrationem
2913 779 2989 835 et

665 858 1051 940 gubernium
1109 862 1373 927 ditionis
1433 864 1913 929 ecclesiasticae.
2014 866 2141 931 Per
2196 888 2266 931 se
2325 871 2539 932 autem
2597 867 2668 931 in
2713 869 2984 933 annatis

666 976 738 1018 ac
792 957 961 1020 taxis
1016 958 1468 1024 beneficiorum
1524 983 1661 1026 non
1717 962 2036 1027 contineri
2093 964 2462 1042 simoniam,
2521 964 2633 1028 sed
2687 964 2985 1049 legitima

665 1051 823 1116 haec
868 1074 1004 1116 esse
1049 1055 1362 1134 subsidia,
1411 1059 1698 1141 superius
1745 1060 2166 1141 ostendimus;
2220 1065 2611 1144 quapropter
2654 1061 2975 1125 immerito

666 1150 905 1231 stylum
974 1173 1159 1216 suum
1227 1154 1344 1218 hac
1410 1154 1487 1218 de
1549 1178 1619 1219 re
1687 1155 2115 1220 Theodoricus
2181 1157 2252 1220 in
2316 1155 2717 1221 Bonifatium
2782 1157 2980 1227 acuit.

666 1245 925 1310 Abusus
982 1254 1202 1313 tamen
1242 1252 1404 1315 varii
1449 1252 1667 1317 adesse
1710 1257 2094 1336 potuerunt,
2148 1253 2594 1336 multiplicatis
2651 1257 2974 1336 exspecta-

663 1344 813 1406 tivis
883 1349 950 1409 et
1020 1346 1339 1431 dignitate
1407 1371 1824 1431 personarum
1892 1349 2064 1414 haud
2129 1351 2288 1414 satis
2356 1349 2789 1427 considerata3
2863 1349 2986 1413 sed

664 1442 970 1526 pleraque
1030 1465 1193 1526 quae
1248 1444 1623 1509 referuntur
1682 1448 1947 1511 omnino
2006 1451 2395 1531 exaggerata
2442 1468 2575 1512 esse
2620 1468 2971 1510 censemus·

840 1595 943 1659 38.
1004 1594 1159 1659 Post
1218 1601 1491 1658 mortem
1545 1593 1858 1666 Bonifatii
1908 1595 2021 1661 IX.
2087 1595 2458 1661 Cardinales
2519 1596 2817 1661 conclave
2877 1596 2970 1660 in-

661 1691 869 1773 gressi
928 1692 1300 1775 juramento
1370 1713 1438 1755 se
1502 1691 2022 1769 obstrinxerunt,
2094 1699 2168 1757 ut
2231 1694 2342 1776 qni
2408 1693 2753 1777 eligeretur
2815 1691 2984 1756 schi-

661 1788 854 1851 smati
915 1788 1384 1872 exstinguendo
1441 1792 1582 1852 toto
1640 1790 1857 1854 animo
1914 1790 2351 1866 adlaboraret,
2415 1790 2608 1853 etiam
2666 1789 2983 1868 cessione,

659 1883 714 1946 si
782 1906 941 1967 opus
1003 1893 1202 1967 esset,
1269 1885 1502 1949 oblata.
1614 1885 1875 1950 Electus
1938 1908 2089 1950 vero
2155 1886 2281 1950 fuit
2343 1887 2443 1950 die
2511 1883 2622 1951 17⁰
2674 1883 2984 1950 Octobris

662 2002 716 2043 a.
771 1983 938 2045 1404
987 1981 1343 2072 cardinalis
1376 1981 1655 2070 Cosmas
1710 1982 2085 2080 Melioratus
2140 1980 2616 2058 Sulmonensis,
2682 1982 2796 2065 qui
2853 2003 2965 2045 no-

662 2099 810 2141 men
869 2059 1444 2178 11111066ψὶᾙὶ
1508 2059 1771 2162 accepit.
1839 2112 1918 2123 -—·
1991 2069 2150 2141 Iste
2189 2065 2542 2161 Pontifex
2559 2077 2705 2158 fuit
2771 2075 2981 2153 mitis,

659 2176 881 2240 scribit
886 2155 1390 2258 TheodoricuS,
1435 2174 1752 2257 beniynus
1796 2178 1857 2238 et
1902 2174 2294 2257 compatiens
2335 2174 2621 2257 afflicti&
2668 2193 2784 2239 1166
2827 2177 2983 2237 erat

661 2270 888 2354 aliqua
944 2271 1250 2356 superbia
1296 2271 1369 2337 111
1416 2293 1514 2351 60,
1576 2292 1781 2353 ‘neque
1832 2271 2011 2353 apud
2063 2270 2280 2352 ipsum
2331 2270 2610 2352 acceptio
2655 2288 2980 2352 persona-

660 2388 850 2448 rum;
894 2420 907 2433 .
954 2419 967 2434 .
1015 2420 1029 2434 .
1077 2390 1192 2435 1166
1233 2368 1436 2434 alicui
1480 2368 1812 2447 molestuS,
1871 2388 1985 2432 1166
2030 2367 2304 2450 cupidus
2358 2387 2472 2432 seu
2530 2386 2775 2432 avarus
2834 2365 2979 2430 eaei-

660 2465 895 2547 stabat,
958 2466 1343 2532 simoniacos
1388 2486 1609 2531 exosos
1670 2462 1975 2550 habuit.¹)
2078 2464 2208 2530 Pro
2257 2487 2431 2530 more
2491 2464 2725 2529 litteris
2786 2485 2972 2547 ency-

659 2565 832 2629 clicis
897 2565 1269 2630 electionem
1333 2587 1517 2628 suam
1579 2565 1992 2647 animumque
2056 2563 2136 2627 ad
2196 2563 2599 2627 efficiendam
2662 2562 2975 2626 unionem.

659 2662 1230 2744 propensissimum
1291 2661 1736 2737 annuntiavit,
1798 2665 1993 2743 atque
2048 2660 2118 2722 in
2177 2658 2347 2722 hunc
2398 2659 2592 2722 finem
2647 2656 2968 2722 Obedien—

658 2757 789 2821 tiae
836 2779 986 2821 suae
1025 2759 1094 2821 in
1142 2757 1308 2822 diem
1361 2760 1465 2821 1um
1507 2756 1889 2823 Novembris
1937 2779 1992 2820 a.
2038 2756 2206 2820 1405
2254 2754 2625 2820 convocavit
2670 2754 2981 2839 generale

662 2853 1037 2929 Concilium,
1087 2859 1160 2918 ut
1205 2855 1292 2919 ibi
1341 2855 1550 2918 media
1596 2854 1854 2919 unionis
1898 2857 2262 2936 opportuna
2300 2852 2768 2918 invenirentur.
2847 2849 2977 2914 La-

660 2950 901 3013 dislaus
950 2955 1166 3015 antem
1213 2972 1325 3014 rex
1373 2949 1847 3034 Neapolitanus
1892 2972 2036 3014 cum
2081 2951 2392 3026 audisset,
2445 2947 2824 3015 Pontificem
2873 2970 2979 3012 sa·-

663 3051 989 3112 cramento
1031 3071 1098 3112 se
1134 3049 1554 3112 obstrinxisse
1601 3047 1681 3110 ad
1728 3044 2165 3129 deponendam
2200 3046 2605 3130 dignitatem,
2650 3047 2704 3110 si
2737 3045 2978 3109 Petrus

661 3142 738 3207 de
787 3142 973 3208 Luna
1018 3145 1376 3229 antipapali
1432 3143 1695 3228 fastigio
1749 3143 1986 3219 abiret,
2044 3142 2374 3207 sinistram
2433 3143 2726 3226 concepit
2769 3141 2968 3224 suspi-

661 3241 937 3318 cionem,
992 3264 1074 3305 ne
1129 3242 1200 3306 in
1257 3241 1666 3306 ecclesiarum
1716 3239 2112 3303 restituenda
2169 3238 2508 3304 concordia
2560 3260 2712 3303 suae
2757 3237 2979 3321 digni-

663 3337 785 3401 tati
825 3339 1084 3423 aliquod
1134 3339 1483 3423 periculum
1542 3342 1868 3400 crearetur
1914 3336 2022 3417 (ob
2069 3336 2471 3401 inimicitiam
2518 3358 2658 3402 cum
2708 3331 2976 3417 Gallis).

663 3435 953 3501 Adduxit
1020 3437 1222 3521 igitur
1282 3434 1766 3509 Innocentium,
1829 3433 1907 3497 de
1975 3456 2102 3517 quo
2171 3439 2433 3517 propter
2498 3432 2966 3516 protectionem

661 3538 888 3598 contra
954 3532 1277 3598 Romanos
1343 3531 1716 3615 praestitam
1793 3531 1956 3594 bene
2029 3535 2376 3607 meruerat,
2452 3533 2528 3593 nt
2599 3529 2980 3612 Apostolica

660 3633 993 3696 sanctione
1066 3633 1360 3715 vulgaret
1381 3676 1397 3706 ,
1474 3626 1791 3712 publicam
1867 3649 2083 3711 pacem
2164 3648 2496 3710 nunquam
2566 3625 2969 3702 firmandam,

661 3729 787 3794 nisi
836 3728 1167 3794 Ladislaus
1211 3734 1490 3809 sceptra,
1544 3724 1777 3808 quibus
1823 3724 2132 3789 hactenus
2178 3722 2576 3806 potiebatur,
2632 3722 2965 3786 retineret.

662 3827 800 3903 Qua
854 3828 925 3891 in
987 3848 1055 3889 re
1098 3825 1311 3888 minus
1367 3822 1719 3905 prudenter
1784 3822 1932 3905 egit.
2039 3818 2164 3884 Sed
2227 3840 2401 3883 anno
2462 3823 2772 3903 sequente
2833 3817 2974 3901 ipse

663 3924 998 3990 Ladislaus
1061 3943 1175 3984 rex
1238 3919 1662 3983 dominationi
1726 3917 1967 3982 Romae
2033 3915 2295 3980 inhians
2363 3916 2430 3979 in
2504 3914 2679 3980 Urbe
2743 3914 2975 3981 turbas

842 4176 882 4246 ¹)
923 4175 1126 4229 Theod.
1169 4174 1235 4228 de
1271 4174 1443 4228 Niem.
1480 4172 1518 4226 l.
1554 4172 1629 4225 Π.
1669 4188 1713 4225 c.
1752 4173 1837 4223 39.
