3281 5014
1050 420 1131 474 De
1169 420 1409 474 Concilio
1447 420 1770 474 Basileensi.
2468 423 2571 474 353

249 564 653 629 constituere
700 561 1115 638 videbantur,
1171 562 1323 625 dum
1374 563 1573 627 multa
1619 563 1827 647 quoad
1882 563 2124 626 clerum
2170 563 2574 626 reformanda

251 660 676 743 reliquerunt.
808 658 1170 741 „Quidquid
1243 659 1653 742 Apostolicae
1725 658 1871 723 Sedi
1942 661 2238 723 nocivum
2319 659 2576 723 videba-

256 767 386 838 tur,
451 756 544 819 ait
594 759 847 820 Aeneas
897 754 1153 838 Sylvius
1199 756 1244 820 1.
1290 778 1374 832 c.‚
1425 756 1615 820 facile
1664 756 2016 838 impetratu
2064 756 2214 820 fuit:
2275 756 2578 820 adversus

252 854 413 919 alios
479 854 805 936 episcopos
869 852 1035 916 nihil
1101 852 1416 917 intentari
1485 854 1718 936 potuit.
1834 852 2177 917 pluralitas
2243 852 2579 917 beneficio·

255 974 430 1028 rum,
490 950 643 1033 quia
686 950 924 1014 multos
971 950 1319 1034 tangebat,
1374 948 1699 1034 prohiberi
1746 971 2079 1033 nunquam
2127 949 2355 1032 potuit.
2444 948 2578 1013 Ha·

257 1048 434 1112 bitus
484 1046 896 1130 episcopali8‚
953 1046 1063 1130 qui
1111 1047 1280 1131 apud
1327 1045 1730 1111 Alamannos
1773 1046 2100 1110 leviusculi
2146 1049 2334 1123 sunt,
2382 1045 2579 1109 refor-

257 1165 435 1208 mare
496 1165 629 1207 non
693 1144 1064 1222 valuerunt,
1128 1165 1248 1207 nec
1310 1166 1487 1207 arma
1548 1142 1874 1227 prohibita
1932 1142 2396 1219 sacerdotibus,
2462 1163 2580 1205 nec

257 1241 637 1305 venationes
713 1243 828 1303 aut
904 1241 1389 1323 aucupationem
1470 1262 1598 1305 non
1674 1240 1881 1305 fastus
1954 1240 2190 1306 nimius
2264 1239 2578 1311 sublatuS‚

254 1337 555 1421 quamvis
617 1335 917 1400 Julianus
979 1359 1174 1400 aurea
1233 1338 1424 1401 mulis
1489 1337 1714 1402 fraena
1780 1338 2175 1402 subtraxerit
2239 1337 2382 1420 lege
2447 1358 2581 1399 ma-

258 1434 472 1509 nuali,
539 1454 706 1515 quae
766 1435 983 1516 paucis
1041 1435 1367 1497 mensibus
1429 1433 1699 1498 duravit.
1810 1433 1960 1498 Non
2029 1433 2353 1518 prohibita
2409 1455 2582 1497 sum-

263 1533 493 1614 ptuosa
539 1529 832 1613 prandia,
882 1553 1016 1594 non
1051 1532 1401 1594 famulatus
1443 1531 1703 1607 laicalis,
1754 1553 1886 1595 non
1918 1531 2281 1614 pecuniaria
2319 1530 2578 1614 judicia,

261 1649 396 1691 non
444 1626 791 1690 multitudo
836 1627 1283 1708 ignorantium
1330 1626 1752 1692 sacerdotum.
1825 1626 1977 1691 Sola
2022 1627 2393 1691 reformatio
2440 1648 2583 1689 san-

256 1728 369 1787 cta
412 1723 765 1803 videbatur,
811 1724 864 1787 si
896 1722 1092 1787 Sedes
1124 1722 1496 1806 Apostolica
1542 1724 1716 1788 nuda
1764 1721 2365 1809 relinqueretur.“¹)
2442 1722 2581 1785 Ma-

261 1841 394 1904 gno
456 1825 673 1882 autem
732 1842 1030 1899 numero,
1097 1820 1194 1883 uti
1244 1820 1383 1904 jam
1440 1819 1749 1902 diximuS,
1814 1843 2013 1904 quum
2070 1820 2341 1903 praelati
2399 1820 2583 1902 pauci

259 1922 506 1993 essent,
576 1922 1015 1981 convenerant
1084 1916 1370 2000 undique
1439 1917 1650 1984 clerici
1718 1917 1982 1981 secundi
2045 1916 2316 1989 ordinm,
2390 1920 2582 2001 atque

264 2013 399 2091 „sic
461 2014 655 2078 turba
718 2013 1089 2078 inconsulta
1153 2014 1549 2098 confusaque
1614 2015 1790 2079 facta
1855 2018 1980 2090 est,
2052 2035 2190 2078 cum
2254 2013 2422 2077 docti
2490 2019 2581 2076 at·

267 2132 393 2194 que
440 2109 683 2173 indocti
730 2111 965 2193 passim
999 2110 1513 2194 admitterentur,
1563 2116 1881 2195 tantaque
1917 2108 2265 2174 multitudo
2298 2110 2584 2193 plebeiae

263 2206 461 2270 faecis
508 2206 800 2290 implevit
846 2204 1208 2289 Synodum,
1265 2211 1339 2269 ut
1398 2208 1578 2271 nulla
1622 2230 1744 2272 vox
1807 2212 1999 2284 esset,
2057 2206 2363 2288 nullaque
2410 2211 2585 2288 pote·

263 2307 401 2366 stas
449 2303 947 2386 episcoporum.“

447 2454 546 2517 19.
626 2450 889 2517 Interea
960 2456 1097 2516 tum
1174 2451 1507 2536 Eugenius
1565 2451 1678 2519 IV.
1755 2458 1893 2517 tum
1970 2450 2370 2517 Basileenses
2441 2472 2580 2516 cum

259 2549 532 2615 Graecis
598 2555 877 2632 egerunt
940 2549 1017 2614 de
1078 2549 1457 2613 celebrando
1515 2548 1802 2614 Concilio
1864 2549 1943 2613 ad
2000 2549 2307 2624 unionem
2364 2547 2579 2636 Eccle-

265 2646 788 2736 Q'fe‘b‘rientalis
845 2646 1332 2727 procurandam.
1437 2644 1730 2730 Eugenio
1788 2646 1976 2710 initio
2030 2645 2200 2709 haud
2259 2646 2579 2708 immerito

270 2729 997 2829 visffm*‘c}t}'“medium
1056 2744 1332 2806 maxime
1394 2750 1829 2826 opportunum
1890 2763 2024 2806 esse
2086 2741 2580 2805 celebrationem

261 2839 539 2904 Concilii
570 2840 638 2903 in
687 2839 948 2903 civitate
981 2837 1735 2921 Constantinopolitana3
1784 2839 1930 2903 dein
1975 2838 2166 2903 cessit
2202 2836 2584 2901 Basileensi·

265 2938 405 3018 bus,
452 2941 527 3000 ut
571 2937 640 2999 in
691 2934 1035 3000 Occidente
1083 2936 1437 3001 Concilium
1484 2935 1849 3012 haberetur,
1906 2934 2017 2999 sed
2063 2934 2130 2998 hi
2178 2956 2377 2998 novas
2424 2957 2588 2998 sem·

268 3054 381 3116 per
453 3029 752 3097 Pontifici
822 3036 1128 3096 crearunt
1194 3031 1613 3097 difficultates
1688 3036 1753 3095 et
1826 3032 2215 3095 vexationes.
2333 3029 2591 3096 Statue-

266 3134 452 3204 runt‚
512 3129 593 3192 ad
646 3128 929 3193 subsidia
980 3151 1094 3213 pro
1141 3127 1428 3193 Concilio
1473 3128 1855 3193 celebrando
1917 3127 2267 3193 obtinenda
2324 3132 2398 3192 ut
2428 3126 2592 3192 'ubi-

264 3248 398 3309 que
451 3226 901 3310 indulgentiae
957 3225 1286 3308 plenariae
1342 3224 1862 3306 publicarentur,
1924 3225 2116 3307 idque
2175 3245 2398 3288 revera
2455 3225 2593 3287 fieri

272 3322 701 3405 mandarunt,
766 3323 1056 3406 quamvis
1120 3320 1421 3385 Pontifex
1489 3320 1650 3384 illud
1715 3321 1991 3385 medium
2053 3320 2393 3405 colligendi
2450 3320 2596 3384 sub-

264 3418 433 3484 sidia
490 3420 779 3484 odiosum
833 3418 1131 3496 haberet,
1187 3441 1306 3482 nec
1362 3416 1650 3501 SynodO,
1713 3417 1921 3500 qualis
1978 3422 2142 3496 erat,
2205 3421 2592 3499 potestatem

2643 2465 2806 2517 Agitur
2838 2463 2891 2504 dc

2680 2539 2840 2569 unione

2622 2589 2900 2631 Graecorum.

267 3516 711 3601 indulgentias
773 3515 1140 3599 publicandi
1202 3515 1613 3603 adjudicaret.
1714 3513 1882 3577 Dein
1946 3514 2138 3577 etiam
2196 3513 2272 3576 de
2328 3514 2594 3578 civitate
2666 3584 2670 3588 ,

272 3636 389 3695 pro
435 3613 722 3678 Concilio
771 3613 1069 3696 eligenda
1125 3611 1460 3676 dissidium
1505 3614 1719 3674 ortum
1767 3615 1895 3687 est,
1952 3632 2147 3693 quum
2195 3608 2595 3674 Basileenses

275 3710 676 3775 Avenionem
724 3711 823 3774 vel
866 3710 1188 3774 Basileam
1237 3710 1511 3785 vellent,
1572 3706 1800 3770 Graeci
1846 3727 1994 3770 vero
2051 3706 2385 3771 civitatem
2435 3708 2593 3771 mari

458 3927 499 3992 ¹)
548 3927 682 3980 Ibid.
722 3956 790 3964 -—
828 3927 977 3980 Alibi
1016 3927 1232 3981 Aeneas
1270 3926 1489 3994 Sylvius
1543 3925 1706 3979 dicit:
1775 3924 1960 3992 „Inter
1997 3926 2275 3993 episcopos
2328 3929 2598 3980 caeteros-

271 4021 380 4073 que
431 4010 617 4072 patres
671 4006 1007 4073 conscriptos
1057 4005 1292 4060 vidimus
1342 4005 1395 4057 in
1444 4004 1666 4058 Basilea
1715 4019 1915 4070 coquos
1967 4008 2023 4058 et
2075 4005 2403 4057 stabularios
2452 4003 2596 4057 orbis

270 4084 508 4232 ἓῖῗὲᾑὶἓ
556 4085 920 4217 ,Ῑὲιὸεὲίοαηῐθϋ
1029 4085 1207 4139 Mansi
1269 4084 1330 4137 Τ.
1383 4084 1428 4137 Ῑ.
1484 4100 1533 4151 p.
1588 4085 1711 4136 231.
1769 4084 1921 4149 apud.
1963 4083 2113 4148 Dux,
2177 4083 2435 4136 Nicolaus
2492 4098 2597 4135 von

2275 4247 2377 4300 23*
