3281 5014
663 364 768 417 454
1094 359 1347 414 XXXVI.
1385 359 1467 413 De
1507 363 1660 414 statu
1698 359 1980 415 Ecclesiae
2017 359 2180 415 initio
2216 375 2355 414 saec.
2389 360 2538 413 XVI.

665 502 899 583 quibus
948 500 1414 568 Cardinalatus
1460 500 1671 584 officio
1714 499 1933 583 functi
1993 520 2220 566 sumus
2268 500 2477 583 maqis
2523 499 2702 566 cordi
2742 499 2966 583 fuerit,

664 618 858 680 quam
915 597 1223 664 celebrari
1267 597 1482 662 videre
1530 597 1833 681 qenerale
1882 594 2242 663 Concilium
2288 601 2348 662 et
2391 597 2733 663 Romanae
2788 597 2969 663 eccle-

663 694 800 761 siae
855 699 1100 761 statum
1151 694 1224 760 in
1279 693 1511 760 melius
1566 692 1936 777 reformari.
2038 692 2212 772 Quid
2267 693 2439 759 enim
2495 693 2707 775 felicis
2758 714 2968 759 recor-

662 791 950 857 dationis
1013 791 1389 856 Alexandro
1450 790 1554 855 VI.
1622 790 1707 856 R.
1778 790 1852 855 P.
1928 789 2408 873 praedecessori
2472 795 2695 855 nostro
2762 791 2971 874 mayis

663 908 779 952 nos
839 887 1087 953 odiosos
1147 887 1334 970 fecit,
1400 886 1534 953 nisi
1596 886 1889 952 studium
1952 890 2014 952 et
2082 908 2244 952 cura
2305 886 2632 971 yeneralis
2700 887 2970 953 Concilii

664 983 1074 1049 celebrandi?
1120 1034 1133 1047 .
1178 1032 1193 1048 .
1240 1035 1253 1050 .
1300 982 1624 1067 Aperiant
1680 982 1891 1049 oculos
1938 983 2148 1048 cordis
2200 987 2261 1048 et
2319 984 2452 1048 odii
2498 985 2827 1050 obstacula
2873 1005 2968 1049 re-

664 1085 872 1145 secent
929 1085 989 1146 et
1050 1079 1352 1163 coqitent,
1415 1100 1543 1161 qua
1599 1100 1773 1159 voce,
1835 1075 2070 1161 quibus
2124 1078 2353 1158 oculis,
2420 1102 2552 1163 qua
2599 1081 2772 1163 facie
2814 1103 2967 1165 pro·

663 1176 1054 1256 miserimus,
1100 1181 1176 1242 ut
1219 1176 1464 1256 dicunt,
1509 1176 1584 1241 in
1628 1179 1857 1241 nostra
1896 1176 1982 1240 ad
2016 1176 2475 1258 pontificatum
2511 1177 2968 1261 assumptione,

649 1273 1107 1357 juraverimus
1150 1277 1211 1338 et
1262 1272 1627 1338 voverimus
1665 1272 1966 1356 yenerale
2009 1272 2324 1339 celebrare
2372 1273 2766 1353 Concilium,·
2820 1295 2970 1356 quo·

664 1368 849 1436 niam
889 1374 1150 1435 nostrae
1184 1368 1612 1453 promissioni
1656 1369 2134 1452 interfuerunt,
2196 1375 2361 1436 certe
2399 1370 2797 1453 palpabunt,
2853 1391 2970 1437 nos

664 1487 795 1532 non
840 1467 976 1532 sola
1022 1488 1193 1547 voce,
1248 1488 1381 1533 non
1425 1466 1762 1545 simulate,
1820 1465 1929 1530 sed
1972 1465 2047 1530 in
2107 1467 2316 1532 cordis
2372 1466 2654 1550 simplici
2702 1467 2972 1534 veritate

665 1562 735 1627 id
778 1563 979 1647 egisse
1023 1564 1192 1645 quod
1234 1562 1639 1646 praedicant.
1738 1561 1923 1641 Quod
1976 1563 2036 1628 si
2080 1583 2154 1628 ea
2209 1585 2373 1647 quae
2427 1563 2721 1629 diximus
2765 1569 2969 1633 atten-

668 1659 815 1725 dere
859 1660 1110 1741 nolunt,
1158 1659 1532 1726 examinent
1579 1663 1638 1724 et
1671 1658 2030 1745 inspiciant
2077 1681 2261 1725 omne
2305 1660 2596 1726 studium
2642 1660 2715 1727 in
2752 1661 2971 1745 ponti·

662 1756 863 1837 ficata
917 1762 1139 1823 nostro
1192 1756 1367 1822 circa
1418 1756 1800 1840 praemissa.
1847 1804 1861 1819 .
1905 1804 1919 1820 .
1966 1806 1980 1819 .
2033 1754 2208 1834 Quid
2251 1757 2433 1824 ultra
2483 1757 2701 1840 facere
2755 1757 2970 1824 debui·

664 1875 811 1920 mus
870 1859 990 1919 aut
1037 1854 1379 1937 potuimus
1438 1854 1525 1919 ad
1584 1851 2053 1918 restituendam
2106 1853 2433 1919 Ecclesiae
2481 1874 2738 1938 pacem,
2804 1855 2974 1938 quod

666 1949 1089 2017 omiserimus.
1197 1949 1396 2015 Novit
1457 1949 1594 2033 ipse
1663 1946 2039 2015 Cardinalis
2099 1949 2449 2036 (carvajal)
2470 2001 2484 2028 ,
2550 1951 2863 2034 quidnam
2930 1973 2972 2017 a

666 2046 852 2112 nobis
908 2047 1209 2113 habuerit
1256 2047 1331 2114 in
1387 2046 1754 2126 mandatis,·
1798 2094 1812 2110 .
1858 2094 1872 2109 .
1924 2094 1939 2110 .
1996 2048 2418 2112 communicet
2471 2047 2593 2112 illa
2643 2048 2974 2131 fratribus

667 2142 833 2223 suis,
884 2144 1000 2226 qui
1040 2166 1183 2210 cum
1229 2143 1342 2209 illo
1388 2143 1630 2210 sentire
1676 2142 2009 2220 videntur,
2060 2144 2364 2226 proferat
2401 2144 2652 2210 monita
2696 2144 2772 2211 in
2815 2145 2970 2211 scri·

657 2240 797 2326 ptis
839 2241 943 2306 illi
989 2241 1266 2321 tradita,
1326 2245 1493 2307 certo
1539 2240 1780 2306 certius
1825 2243 1886 2302 et
1931 2237 2066 2304 luce
2120 2240 2488 2307 meridiana
2534 2241 2781 2307 clarius
2821 2241 2970 2327 erit,

666 2335 836 2402 hanc
893 2337 1273 2403 indictionis
1332 2337 1839 2419 desperationem
1899 2334 1975 2399 de
2037 2336 2409 2403 celebrando
2471 2358 2513 2403 a
2571 2337 2756 2403 nobis
2820 2336 2973 2404 Con·

667 2432 815 2498 cilio
880 2434 1119 2500 nedum
1184 2434 1377 2500 levem
1440 2439 1499 2499 et
1561 2433 1854 2517 inanem,
1931 2435 2042 2501 sed
2100 2435 2369 2519 falsam,
2431 2434 2971 2509 irrationabilem,

666 2531 1246 2614 impossibilemque
1293 2531 1532 2614 fuisse.
1637 2531 1845 2599 Nulla
1905 2539 2134 2608 nostra
2191 2531 2385 2615 culpa
2446 2553 2650 2614 neque
2715 2537 2975 2598 sanctae

669 2625 1009 2695 Romanae
1063 2628 1357 2694 ecclesiae
1407 2627 1864 2696 Cardinalium
1919 2627 2128 2696 dilata
2182 2632 2275 2694 est
2323 2628 2652 2711 qeneralis
2701 2628 2977 2695 Concilii

666 2723 966 2802 indictio,
1036 2726 1401 2791 convocatio
1465 2730 1525 2791 et
1594 2726 1949 2795 celebratio.
2054 2726 2338 2792 Distulit
2404 2726 2558 2792 haec
2621 2726 2975 2808 infelicitas

669 2826 1055 2904 temporum,
1115 2842 1279 2903 quae
1338 2822 1455 2887 sub
1516 2823 1726 2888 eodem
1783 2824 2161 2891 Alexandro
2213 2823 2700 2910 praedecessore
2753 2827 2975 2888 nostro

666 2938 903 2984 vexare
968 2918 1169 3001 coepit
1227 2917 1500 2984 Italiam
1564 2923 1624 2983 et
1688 2921 1900 2988 adhuc
1956 2941 2193 2988 vexare
2260 2941 2393 2985 non
2452 2924 2681 3000 cessat,
2751 2924 2813 2985 et
2872 2919 2975 2985 in-

667 3019 851 3081 stans
892 3014 1237 3081 necessitas
1280 3016 1711 3099 recuperandi
1758 3022 1972 3085 terras
2016 3023 2078 3084 et
2106 3019 2278 3102 jura
2324 3016 2604 3102 ejusdem
2636 3016 2977 3082 Romanae

667 3111 995 3191 ecclesiae,·
1053 3132 1209 3177 nam
1256 3112 1670 3195 propositum
1715 3119 2014 3181 nostrum
2063 3135 2313 3197 semper
2365 3113 2453 3178 ad
2500 3111 2775 3178 Concilii
2825 3113 2974 3179 cele-

670 3207 1027 3274 brationem
1071 3208 1633 3292 promptissimum
1694 3215 1887 3292 atque
1928 3211 2443 3277 intentissimum
2485 3209 2639 3293 fuit.
2700 3247 2786 3256 —-
2846 3210 2975 3275 Re·

665 3307 861 3370 scissa
920 3306 1066 3370 dein
1128 3307 1534 3372 conciliabuli
1597 3307 1982 3388 indictione,
2042 3310 2165 3374 ait:
2244 3304 2766 3384 oecumenicum,
2828 3306 2976 3372 uni-

667 3401 913 3466 versale
957 3422 1033 3467 ac
1072 3403 1372 3484 yenerale
1407 3400 1784 3480 Concilium,
1832 3403 1905 3470 in
1952 3404 2129 3470 alma
2171 3403 2334 3470 Urbe
2378 3406 2607 3468 nostra
2651 3402 2977 3468 communi

670 3498 960 3563 omnium
1008 3497 1270 3581 patria,
1342 3498 1471 3564 loco
1530 3498 1869 3582 aptissimo
1936 3506 1999 3565 et
2068 3499 2392 3566 tutissimo
2459 3500 2638 3582 apud
2699 3499 2976 3565 Latera-

671 3615 857 3676 num,
914 3594 1026 3661 ubi
1061 3595 1361 3678 plurima
1409 3594 1700 3662 Concilia
1746 3617 1870 3680 per
1915 3598 2222 3679 antiquos
2268 3601 2497 3680 patres
2552 3600 2810 3661 nostros
2864 3595 2977 3661 ha·

669 3690 802 3756 bita
878 3692 1190 3774 fuerunt,
1272 3697 1333 3757 et
1403 3691 1786 3758 Altissimus
1852 3694 2040 3759 Petri
2105 3694 2311 3759 sedem
2388 3692 2687 3759 collocari
2751 3692 2976 3769 voluit,

669 3785 1229 3869 litteratorumque
1271 3793 1332 3853 et
1366 3788 1736 3871 peritorum
1783 3810 2097 3856 numerus
2141 3791 2433 3873 copiosus
2475 3787 2780 3869 habetur,
2825 3793 2977 3873 post

664 3883 904 3966 festum
965 3884 1491 3950 Resurrectionis
1541 3884 1823 3952 Domini
1870 3886 2101 3952 Nostri
2147 3887 2308 3952 Jesu
2371 3884 2627 3952 Christi
2674 3886 2977 3970 proxime

666 3980 975 4061 futurum
1021 3979 1457 4046 inchoandum
1505 4001 1682 4047 anno
1725 3982 2005 4048 Domini
2038 3984 2210 4050 1512
2253 3983 2357 4047 die
2402 3983 2599 4048 lunae
2644 3983 2756 4047 19⁰
2802 4002 2975 4048 men-

667 4076 759 4142 sis
808 4076 1090 4160 Aprilis,
1157 4078 1632 4158 celebrandum,
1698 4083 1759 4144 et
1822 4084 1897 4145 ut
1959 4081 2282 4162 sequitur,
2345 4083 2607 4145 auctore
2668 4078 2976 4157 Domino,
