3281 5014
706 422 916 476 Causae
950 425 1346 488 praeparantes
1384 419 1747 475 defectionem
1783 420 2237 476 Protestantium.
2521 423 2626 475 473

311 566 597 630 obsecuti
668 569 824 630 sunt
897 566 1005 646 qui
1082 561 1455 627 Florentiae
1531 562 2046 627 dominabantur.
2176 563 2346 627 Hinc
2421 563 2627 628 Roma

312 663 485 727 missi
546 666 699 726 sunt
753 660 1067 744 Magister
1125 659 1445 745 generalis
1495 660 2065 724 Dominicanorum
2126 664 2193 725 et
2249 659 2627 725 Romelinus

314 760 670 843 episcopum,
735 757 846 841 qui
904 757 1143 821 actioni
1199 758 1267 820 in
1324 756 1533 820 virum
1591 757 1912 821 infelicem
1969 758 2309 822 institutae
2368 778 2626 821 causae-

314 878 439 940 que
506 855 788 919 examini
855 855 1262 919 interessent.
1379 847 1521 917 Etsi
1589 875 1738 917 vero
1809 854 1878 916 in
1949 853 2064 918 hoc
2127 856 2419 918 examine
2488 874 2628 937 par-

314 954 477 1016 tium
524 951 739 1016 studia
784 951 1127 1016 habuerint
1176 949 1518 1027 influxum,
1580 972 1699 1014 nec
1745 951 1959 1013 omnia
2020 953 2140 1015 rite
2186 955 2447 1034 peracta
2493 972 2628 1015 esse

315 1049 680 1114 videantur:
761 1070 838 1112 ex
909 1052 1256 1112 eventuum
1338 1048 1501 1111 serie
1568 1051 1788 1111 tamen
1853 1049 2011 1112 satis
2075 1049 2427 1132 colligitur,
2497 1070 2628 1112 non

315 1147 488 1210 omni
547 1146 733 1228 culpa
789 1145 1258 1227 Hieronymum
1317 1142 1779 1208 Savonarolam
1837 1145 2150 1223 caruisse,
2209 1145 2456 1228 sibique
2518 1143 2628 1207 ad-

314 1242 569 1307 scivisse
631 1242 880 1306 ruinam
945 1241 1222 1304 maxime
1278 1263 1384 1320 eo,
1445 1241 1612 1324 quod
1677 1243 1802 1305 iras
1864 1240 2274 1306 vehementes
2336 1240 2627 1304 adversa·

314 1339 556 1403 riorum
601 1338 1006 1422 politicorum
1063 1337 1451 1421 imprudenti
1500 1359 1615 1401 suo
1672 1338 1898 1403 ardore
1947 1339 2403 1422 provocaverit.
2498 1335 2632 1400 Nec

316 1440 446 1509 est,
508 1458 620 1500 cur
675 1435 743 1498 in
795 1435 1233 1498 Alexandrum
1269 1432 1383 1499 VI.
1444 1434 1526 1498 ob
1582 1456 1657 1498 ea
1717 1455 1880 1520 quae
1943 1441 2296 1500 evenerunt
2354 1433 2632 1499 Savona-

317 1533 492 1597 rolae
539 1531 746 1595 acrius
794 1527 1247 1620 invehatur.)

495 1681 599 1746 86.
673 1677 742 1745 7⁰
799 1679 1064 1745 Maximi
1128 1702 1285 1744 sane
1343 1681 1653 1745 momenti
1717 1680 1978 1761 fuisset,
2047 1685 2121 1744 ut
2173 1681 2433 1745 labente
2493 1702 2627 1745 sae·
2650 1686 2962 1728 Statussrerum

318 1780 461 1843 culo
516 1776 668 1843 XV.
738 1778 808 1842 in
865 1775 1028 1841 Sede
1083 1777 1453 1860 Apostolica
1517 1778 1638 1842 viri
1702 1777 2029 1861 sederent,
2088 1779 2199 1861 qui
2261 1778 2630 1863 virtutibus,
2720 1749 2893 1789 Rmnffi

318 1876 670 1958 dignitate,
729 1874 1144 1957 auctoritate,
1197 1874 1464 1958 ingenio
1519 1875 1913 1954 eminerent,
1973 1875 2287 1959 rebusque
2341 1874 2631 1939 ecclesia·

319 1974 494 2037 sticis
539 1971 972 2037 restaurandis
1018 1972 1333 2056 singulari
1380 1973 1662 2056 energia,
1709 1971 2237 2056 quemadmodum
2288 1970 2633 2055 aliquando

322 2069 667 2154 Gregorius
698 2067 846 2133 VH.
895 2070 1164 2153 ejusque
1210 2090 1621 2148 successoreS,
1674 2091 1928 2153 operam
1977 2069 2226 2133 darent.
2309 2067 2432 2134 Sed
2477 2068 2634 2154 adeo

320 2167 607 2251 insignes
652 2188 782 2231 non
830 2165 1098 2230 fuerunt
1145 2165 1488 2230 Pontifices
1544 2166 1718 2229 illius
1764 2166 2024 2243 aetati8‚
2080 2187 2154 2230 ac
2201 2165 2393 2228 variis
2440 2167 2631 2229 etiam

324 2266 540 2327 rerum
600 2261 1128 2340 circumstantiis,
1175 2254 1566 2345 'praesertim
1623 2262 1852 2327 Italiae
1904 2263 2112 2327 turbis
2170 2261 2459 2345 impediti
2505 2261 2634 2325 fue·

324 2363 507 2437 runt,
554 2363 626 2425 ut
674 2358 986 2423 influxum
1036 2362 1465 2443 opportunum
1514 2364 1602 2423 et.
1628 2359 2084 2442 necessarium,
2126 2381 2254 2443 quo
2299 2359 2470 2422 mala
2513 2358 2634 2421 im-

326 2457 643 2522 minentia
707 2456 873 2521 forte
944 2455 1416 2537 cohibuissent,
1485 2457 1552 2522 in
1614 2456 1976 2522 universam
2037 2456 2383 2522 Ecclesiam
2459 2476 2632 2520 exer-

327 2558 565 2619 cerent.
675 2553 761 2618 Et
819 2554 1109 2639 quamvis
1166 2555 1371 2618 multa
1431 2576 1596 2639 quae
1647 2553 1722 2618 de
1785 2553 2013 2619 Curiae
2072 2554 2485 2638 corruptione
2548 2551 2637 2616 di-

328 2657 562 2716 cuntur
625 2652 890 2716 omnino
954 2655 1348 2737 exaggerata
1421 2653 1581 2731 sint,
1655 2657 1873 2716 tamen
1954 2651 2294 2735 quamdam
2326 2649 2638 2733 *discipli-
2692 2657 2695 2660 ’

330 2771 453 2812 nae
510 2748 971 2814 relaxationem
1036 2750 1232 2813 etiam
1291 2749 1381 2814 ibi
1442 2750 1726 2827 irruisse,
1788 2749 2011 2833 negari
2074 2748 2322 2831 nequit.
2430 2748 2637 2824 Quum

516 2972 558 3039 ²)
593 2973 659 3025 V.
698 2972 902 3039 Balan,
954 2974 1138 3027 Stoi-ia
1186 2974 1407 3034 d’Italia
1451 2975 1512 3028 L.
1550 2974 1805 3028 XXXIX.
1857 2990 1948 3027 nn.
1984 2972 2300 3027 IX.—-XIV.
2383 2972 2641 3039 Apprime

333 3054 403 3106 ad
438 3068 547 3105 rem
587 3053 675 3105 hic
712 3058 923 3106 auctor:
982 3053 1100 3121 „Da
1138 3053 1319 3107 alcuni
1359 3059 1545 3120 santo,
1591 3056 1662 3107 da
1695 3054 1823 3107 altri
1861 3053 1917 3106 fu
1956 3053 1997 3106 il
2037 3051 2371 3106 Savonarola
2402 3052 2638 3106 ·stimato

334 3131 562 3198 cretico;
615 3147 702 3184 ma
738 3131 939 3186 eretico
991 3141 1098 3185 non
1133 3132 1218 3198 fu,
1265 3132 1323 3184 fu
1372 3132 1617 3186 traviato
1671 3134 1738 3186 da
1775 3132 1893 3186 zelo
1943 3131 2330 3197 immoderato,
2378 3131 2448 3184 da
2483 3131 2640 3184 calda

334 3211 652 3265 avversione
698 3210 752 3264 al
801 3210 945 3265 vizio
997 3211 1095 3264 che
1146 3212 1355 3266 vedeva
1404 3211 1462 3265 in
1499 3212 1633 3280 ogni
1679 3216 1836 3279 parte
1883 3215 2132 3280 potente,
2183 3226 2213 3264 e
2248 3209 2536 3265 resistette
2586 3210 2640 3263 al

334 3291 488 3357 Papa
524 3305 619 3357 per
656 3289 819 3356 quell'
859 3305 1038 3344 errore
1075 3290 1165 3344 nel
1201 3291 1360 3356 quale
1403 3290 1602 3343 alcuna
1638 3290 1793 3344 volta
1831 3290 2035 3343 cadono
2074 3291 2247 3343 anche
2282 3288 2484 3343 nomini
2522 3287 2641 3343 savi

336 3386 364 3423 e
413 3368 489 3436 pii
535 3369 590 3422 di
635 3374 819 3423 mente
865 3369 1051 3423 focosa
1098 3384 1126 3422 e
1174 3368 1420 3436 persuasi
1467 3370 1519 3423 di
1569 3384 1735 3423 avere
1786 3385 1893 3422 una
1938 3369 2196 3422 missione
2251 3367 2643 3422 straordinaria

336 3448 483 3502 nella
519 3447 741 3515 Chiesa‚
787 3449 973 3516 quegli
1014 3448 1217 3502 uomini
1256 3449 1353 3503 che
1391 3448 1620 3502 dannosi
1659 3466 1691 3503 a
1727 3450 1952 3502 credere
1998 3448 2051 3501 di
2091 3447 2289 3501 dovere
2336 3447 2550 3501 salvare
2587 3447 2644 3500 la

337 3528 535 3584 Ohiesa
571 3545 604 3581 a
643 3544 738 3583 suo
776 3529 1018 3596 dispetto
1057 3544 1086 3582 e
1124 3528 1222 3582 che
1261 3527 1642 3594 dimenticano,
1681 3543 1831 3582 come
1860 3527 1900 3581 il
1929 3526 2081 3580 saldo
2118 3525 2469 3580 fondamento
2499 3526 2644 3579 della

339 3608 485 3663 virtu
535 3609 618 3662 sia
676 3607 1038 3662 l’ubbidienza
1087 3607 1141 3661 al
1178 3607 1398 3661 Vicario
1451 3607 1503 3660 di
1554 3607 1763 3673 Crist0‚
1821 3622 1850 3660 e
1897 3606 1935 3659 il
1984 3605 2154 3673 primo
2201 3605 2400 3660 dovere
2444 3604 2485 3657 il
2535 3620 2639 3657 non

339 3688 544 3743 disfare
601 3687 742 3742 colla
804 3686 1089 3742 ribellione
1145 3687 1200 3741 al
1263 3702 1396 3754 capo
1452 3686 1533 3740 cio
1592 3687 1690 3740 che
1756 3685 1801 3740 si
1858 3685 2017 3740 vuole
2076 3682 2389 3738 costruire.“
2483 3683 2544 3736 L.
2597 3701 2640 3743 c,

338 3787 390 3824 n.
442 3768 597 3822 ΧΠῙ.
657 3794 721 3802 -
773 3766 855 3821 De
903 3766 1233 3834 Hieronymo
1291 3765 1624 3820 Savonarola
1680 3764 1778 3818 cfr.
1836 3764 2002 3818 etiam
2054 3762 2268 3818 deo-ome
2322 3761 2643 3818 Savonarole

339 3853 392 3901 et
424 3865 526 3902 son
557 3851 746 3917 temps,
792 3862 895 3913 par
944 3845 1215 3912 Pasquale
1250 3845 1473 3910 Villari,
1519 3844 1732 3898 traduit
1777 3844 1843 3898 de
1886 3843 2120 3898 l’italien
2165 3858 2264 3909 par
2312 3842 2374 3896 G.
2414 3842 2641 3909 Gruyer‚

339 3929 523 3993 Paris,
572 3927 741 3980 Didot
785 3928 945 3993 18743
996 3926 1059 3978 P.
1098 3925 1384 3992 Bayonne‚
1428 3923 1635 3978 Etudes
1679 3940 1777 3976 sur
1821 3922 2036 3977 Jerome
2071 3920 2401 3976 Savonarale
2434 3921 2644 3989 ἅάρνὲε

341 4007 404 4060 de
438 4024 721 4060 nouveauoe
755 4006 1074 4070 documenta,
1113 4004 1289 4071 PariS,
1327 4003 1692 4072 Poussielgue
1722 4004 1882 4068 18793
1921 4002 2141 4056 Rouard
2167 4002 2233 4055 de
2268 4001 2442 4064 Gard.,
2480 4000 2540 4053 Ο.
2561 4000 2642 4064 P.,

339 4085 562 4140 Jerome
607 4085 932 4140 Savonarolc
992 4089 1044 4139 et
1095 4086 1150 4139 la
1202 4088 1378 4139 statue
1431 4084 1494 4137 de
1543 4083 1753 4137 [rather
1784 4082 1843 4136 ,ὰ
1902 4083 2142 4149 Wmms,·
2176 4079 2447 4144 Louvain,
2503 4081 2643 4133 Fon-

343 4173 476 4231 teyn
514 4167 665 4218 1877.
2460 4169 2463 4172 ’
