3281 5014
302 1044 567 1088 concordata

311 1107 567 1160 principum.

601 421 707 472 360
870 418 1094 472 XXXV.
1130 420 1213 473 De
1249 418 1455 472 Concil.
1492 419 1804 473 Basileensi
1839 435 1905 472 ac
1941 420 2010 473 de
2047 419 2262 486 Synodo
2298 418 2636 472 Florentius.

603 582 750 623 men
813 560 1013 644 legati
1075 560 1408 625 Pontificis
1476 570 1713 644 magno
1780 582 1921 623 cum
1990 560 2240 624 fervore
2311 561 2686 626 concordiae
2752 561 2916 625 obti-

603 658 882 734 nendae,
944 661 1012 720 et
1066 662 1379 740 quantum
1434 657 1627 721 salvis
1683 657 2016 740 principiis
2070 657 2209 721 fieri
2263 663 2520 739 poterat
2567 657 2918 722 cedendum

603 775 739 816 esse
782 754 909 817 rati
954 762 1112 817 sunt
1158 752 1577 835 petitionibus
1624 754 2015 837 principum3
2074 755 2416 837 praecipue
2458 777 2610 819 vero
2663 755 2919 818 Aeneas

603 848 888 933 SylviuS,
950 849 1256 914 Friderici
1300 849 1425 913 III.
1493 851 1876 915 secretarius
1933 856 2000 914 et
2050 852 2190 934 jam
2249 850 2546 935 Eugenio
2610 851 2919 926 addictuS,

604 968 826 1011 omnes
894 947 1144 1031 ingenii
1214 948 1314 1011 sui
1385 948 1552 1011 vires
1621 947 1948 1022 adhibuit,
2018 956 2092 1012 ut
2159 970 2234 1011 ex
2307 949 2530 1032 petitis
2598 969 2923 1012 venenosa

605 1045 925 1125 auferret,
982 1044 1402 1126 redderetque
1460 1044 1976 1109 conciliationem
2035 1043 2506 1127 possibilem&
2607 1044 2712 1109 Sic
2771 1067 2920 1108 con·

604 1141 775 1204 fecta
832 1146 1154 1224 postremo
1218 1149 1375 1204 sunt
1438 1137 2308 1220 ConchtQpflr-zgipum,
2388 1140 2657 1224 quorum
2715 1142 2924 1225 petita

607 1236 936 1320 Eugenius
981 1236 1265 1311 admisit;
1308 1246 1502 1320 atque
1547 1238 1642 1300 ita.
1686 1239 1755 1300 in
1802 1237 2234 1300 obedientiam
2268 1236 2598 1302 Pontificis
2646 1261 2702 1302 a.
2752 1237 2920 1300 1447

605 1355 825 1397 mense
873 1331 1220 1398 Februario
1277 1338 1418 1398 tota
1469 1332 1819 1398 Germania
1873 1333 2081 1399 rediit.
2177 1332 2517 1398 Postulata
2569 1338 2785 1398 autem
2840 1335 2924 1396 ab

611 1433 829 1494 Aenea
875 1429 1094 1513 Sylvio
1135 1432 1226 1494 sic
1270 1431 1336 1493 in
1385 1432 1677 1494 oratione
1722 1451 1934 1493 coram
1990 1429 2303 1494 Pontifice
2356 1429 2581 1494 habita
2635 1432 2927 1513 exposita

606 1532 792 1591 sunt:
842 1525 1146 1591 Primum
1193 1530 1305 1605 est,
1354 1530 1430 1590 ut
1469 1525 1772 1608 yenerale
1821 1524 2180 1590 Concilium
2224 1525 2298 1589 in
2346 1530 2624 1608 tempore
2669 1526 2926 1607 locoque

609 1622 1007 1705 desiynando
1052 1626 1443 1687 convocetur.
1536 1621 1838 1687 Alterum
1899 1628 2010 1700 est,
2065 1628 2141 1686 ut
2193 1622 2514 1704 professio
2560 1622 2924 1704 potestatis,

611 1719 1026 1785 auctoritatis
1087 1723 1149 1784 et
1212 1718 1717 1801 praeeminentiae
1776 1718 2187 1801 yeneraliunz
2253 1717 2689 1784 Conciliorum
2733 1770 2745 1781 .
2789 1770 2803 1783 .
2848 1768 2861 1781 .
2906 1768 2922 1783 .
2986 1738 2991 1745 ·

601 1837 721 1898 per
791 1820 1080 1880 oratores
1146 1820 1293 1880 tuos
1339 1816 1550 1898 facta,
1622 1815 1756 1880 tuis
1820 1815 2059 1880 litteris
2122 1815 2529 1897 approbetur.
2630 1815 2927 1880 Tertium

608 1918 725 1991 est,
795 1917 871 1976 ut
933 1912 1193 1978 nationi
1254 1912 1688 1978 Germanicae
1750 1933 1946 1994 super
2003 1912 2505 1996 yravaminibus
2567 1916 2928 1994 opportune

601 2009 1043 2091 provideatur.
1111 2008 1363 2088 Quarto
1403 2013 1463 2072 et
1493 2008 1726 2074 ultimo
1769 2009 1901 2074 loco
1942 2009 2246 2096 petimus,
2299 2014 2369 2074 ut
2416 2029 2580 2090 quae
2621 2008 2694 2073 in
2731 2028 2927 2090 prae·

593 2105 927 2189 judicium
984 2107 1263 2171 duorum
1312 2105 1694 2188 principum
1748 2105 2090 2170 electorum
2134 2105 2230 2170 vel
2276 2105 2350 2170 in
2409 2125 2684 2170 suarum
2737 2105 2928 2169 eccle-

607 2202 862 2268 siarum
906 2207 1052 2268 acta
1108 2207 1296 2286 sunt,
1356 2224 1437 2267 eoe
1498 2208 1652 2267 tuae
1713 2202 2105 2268 Sanctitatis
2164 2202 2498 2268 clementia
2549 2206 2931 2266 revocentur

608 2304 668 2363 et
738 2299 813 2364 in
871 2299 1238 2383 pristinum
1305 2304 1552 2365 statum
1619 2299 2093 2384 rediqantur.²)
2208 2302 2527 2366 Restituit
2594 2301 2930 2384 Eugenius

608 2399 753 2462 illos
800 2397 1326 2483 archiepiscopos,
1383 2405 1451 2463 et
1506 2400 1716 2482 quoad
1762 2400 2038 2483 primum
2083 2400 2477 2483 tertiumque
2518 2404 2709 2481 caput
2753 2397 2929 2461 haud

609 2495 885 2561 difficilis
943 2495 1074 2560 'fuit
1134 2496 1490 2561 concordia.
1586 2495 1844 2561 Annuit
1900 2497 2219 2573 videlicet,
2285 2501 2361 2561 ut
2419 2518 2563 2560 cum
2610 2516 2929 2560 consensu

610 2614 832 2677 regum
896 2594 966 2656 in
1029 2591 1375 2657 Germania
1433 2592 1790 2658 Concilium
1851 2599 2385 2677 congregaretur,
2450 2592 2571 2656 etsi
2637 2613 2711 2656 eo
2766 2614 2928 2675 opus

611 2710 745 2753 non
792 2695 981 2766 esset,
1024 2694 1091 2753 et
1137 2695 1213 2753 ut
1254 2689 1510 2753 decreta
1551 2688 1944 2754 Basileensia
1990 2690 2068 2754 de
2111 2690 2678 2767 reservationibus‚
2722 2710 2927 2752 anna-

611 2785 698 2849 tis
750 2792 816 2849 et
861 2786 1050 2861 taxiS,
1097 2786 1191 2849 uti
1237 2787 1307 2849 in
1349 2786 1623 2851 comitiis
1664 2786 2073 2872 Moguntinis
2124 2811 2178 2852 a.
2234 2786 2398 2850 1439
2447 2787 2708 2850 fuerant
2753 2807 2925 2849 acce·

612 2885 814 2963 ptata‚
851 2883 1094 2946 servari
1153 2889 1445 2966 possent,
1510 2884 1709 2948 donec
1765 2885 1939 2948 inter
1992 2885 2309 2967 legatum,
2372 2904 2560 2966 quem
2616 2881 2929 2945 missurus

798 3117 835 3180 ¹)
873 3116 1176 3170 Dolendum
1212 3117 1458 3184 profecto
1497 3123 1645 3184 erat,
1699 3119 1832 3172 adeo
1872 3118 2209 3173 imminutam
2260 3116 2433 3172 fuisse
2480 3132 2577 3182 per
2612 3116 2802 3169 turbas
2840 3131 2931 3169 ex·

617 3194 814 3248 citatas
869 3197 1234 3249 reverentiam
1289 3213 1424 3265 erga
1477 3197 1830 3262 Pontificem,
1894 3207 1957 3251 ut
2010 3196 2283 3264 principia
2344 3196 2467 3263 ipsa
2521 3196 2577 3248 in
2634 3194 2929 3247 discrimen

614 3281 971 3340 vocarentur,
1033 3282 1088 3330 et
1137 3292 1246 3330 non
1293 3276 1400 3329 nisi
1450 3285 1568 3331 arte
1620 3276 1975 3343 diplomatica
2024 3276 2244 3331 Aeneae
2294 3280 2571 3341 postremo
2622 3272 2931 3327 obedientia

617 3352 803 3407 debita
840 3353 1193 3409 obtineretur.
1268 3356 1358 3408 Ita
1393 3355 1512 3422 ipse
1548 3359 1740 3408 narrat
1790 3355 1847 3407 in
1874 3355 2008 3408 Vita
2056 3354 2319 3408 Friderici
2367 3354 2497 3407 III.:
2550 3353 2714 3420 „Cum
2750 3350 2930 3419 legati

617 3431 869 3486 Caesaris
914 3449 1019 3486 non
1065 3440 1291 3501 possent
1337 3434 1507 3488 menti
1546 3433 1829 3488 Pontificis
1877 3432 2228 3499 satisfacere,
2273 3433 2490 3487 Aeneas
2534 3433 2750 3485 modum
2786 3446 2932 3484 com-

616 3518 832 3566 mentus
871 3518 972 3566 est.
1047 3511 1146 3579 Qui
1197 3513 1437 3580 receptis
1484 3512 1719 3577 notulis,
1769 3513 2063 3566 secundum
2111 3527 2244 3578 quas
2291 3527 2350 3565 se
2396 3510 2673 3579 principes
2723 3508 2930 3577 obliga·

617 3596 829 3657 verant,
865 3590 975 3644 nisi
1011 3591 1295 3659 Eugenius
1333 3591 1459 3644 illas
1498 3591 1846 3656 admitteret,
1885 3590 2029 3645 velle
2068 3605 2127 3644 se
2166 3606 2283 3644 eum
2324 3590 2597 3655 deserere,
2646 3601 2802 3643 omne
2836 3604 2931 3641 ve·

618 3687 814 3724 nenum
866 3686 933 3724 ex
970 3669 1057 3722 his
1108 3670 1339 3734 ademit,
1390 3686 1658 3738 novasque
1703 3670 1920 3723 notulas
1966 3669 2285 3739 composuit,
2338 3685 2436 3737 per
2484 3684 2619 3736 quas
2664 3675 2722 3721 et
2756 3666 2931 3719 archi·

619 3749 858 3816 episcopi
907 3748 1140 3814 depositi
1191 3750 1640 3816 restituerentur,
1692 3755 1749 3803 et
1797 3749 2006 3803 nationi
2059 3754 2365 3816 opportune
2414 3747 2823 3816 provideretur,
2875 3750 2932 3799 et

619 3828 922 3881 auctoritas
960 3827 1325 3881 Conciliorum
1364 3827 1707 3894 salvaretur,
1743 3829 1972 3895 illasque
2010 3827 2156 3881 dixit
2194 3844 2293 3881 sua
2330 3826 2585 3894 opinione
2620 3824 2927 3892 Eugenium

619 3922 726 3960 non
764 3911 1108 3974 negaturum.
1147 3947 1159 3959 .
1200 3948 1211 3960 .
1254 3947 1265 3960 .
1307 3906 1612 3975 Collegium
1653 3907 2020 3961 Cardinalium
2068 3906 2307 3960 divisum
2346 3910 2490 3971 erat,
2539 3904 2930 3970 videbaturque

618 4001 820 4054 magna
856 4000 985 4051 pars
1025 3986 1310 4039 adversari
1343 3985 1459 4051 his,
1507 4001 1645 4053 quae
1680 3985 2101 4040 Francofordiae
2156 3985 2412 4038 conclusa
2449 3990 2631 4049 erant,
2681 3985 2838 4050 atque
2873 3980 2933 4034 hi

623 4068 782 4118 crant
815 4062 1050 4117 mamime
1088 4064 1311 4132 theologi
1347 4063 1441 4131 qui
1478 4063 1663 4117 omnia
1693 4063 1955 4132 yraviora
1988 4063 2258 4132 faciunt.·'‘

797 4141 840 4209 ²)
878 4142 1146 4209 Raynald.
1184 4159 1232 4196 a.
1274 4145 1425 4197 1447.
