3281 5014
1088 446 1171 499 De
1206 444 1426 514 justitia
1461 445 1797 499 abolitionis,
2486 445 2587 496 115

274 586 820 669 archiepiscopum
868 609 935 650 se
980 586 1398 669 pertinaciter
1442 586 1893 660 defendenteS‚
1954 584 2034 654 ad
2091 584 2586 669 abnegationem

275 682 703 748 confessionis
767 689 904 747 tam
966 683 1162 747 etiam
1224 704 1444 747 eorum
1509 684 1795 747 omnium
1863 704 2028 766 quae
2077 681 2365 747 confessi
2432 685 2588 744 sunt

280 785 723 856 revertuntur,
788 802 907 844 nec
966 780 1362 844 reverentiae
1423 786 1782 863 parcenteS,
1855 801 1989 843 non
2052 778 2290 862 absque
2354 778 2586 841 multo·

279 898 423 939 rum
484 876 926 941 admiratione.
1034 875 1121 939 Et
1180 876 1332 939 dum
1393 899 1430 939 a
1496 876 1941 941 Cardinalibus
2002 876 2071 939 in
2130 883 2327 938 manu
2390 873 2583 939 Prae-

273 972 473 1056 positi
527 971 934 1048 ParisiensiS,
1005 973 1117 1056 qui
1177 995 1479 1055 praesens
1540 980 1697 1039 tunc
1761 973 2011 1048 aderat,
2080 971 2158 1035 ad
2219 972 2583 1036 custodien-

281 1070 430 1134 dum
495 1062 833 1133 dumtaxat
895 1069 1270 1146 traduntur,
1340 1091 1676 1154 quousque
1736 1069 1837 1134 die
1904 1069 2200 1153 sequenti
2268 1068 2583 1132 delibera-

274 1165 526 1229 tionem
570 1187 761 1248 super
805 1165 904 1229 his
952 1165 1266 1230 haberent
1313 1166 1699 1250 pleniorem,
1756 1166 2096 1230 confestim
2150 1170 2222 1229 ut
2270 1164 2350 1229 ad
2400 1187 2585 1228 aures

278 1261 477 1346 regis,
533 1263 641 1346 qui
685 1267 843 1327 tunc
891 1266 1030 1326 erat
1077 1263 1146 1326 in
1204 1263 1406 1347 regali
1463 1264 1732 1346 palatio,
1794 1262 1913 1327 hoc
1959 1262 2224 1326 verbum
2279 1260 2587 1341 insonuit,

274 1359 744 1423 communicato
801 1381 943 1423 cum
1006 1360 1165 1440 suiS,
1229 1360 1520 1442 quamvis
1582 1359 1850 1442 proinde
1912 1360 2153 1422 clericis
2211 1380 2344 1422 non
2405 1347 2585 1421 vocass

270 1455 392 1533 tis,
467 1455 770 1538 prudenti
831 1456 1126 1533 consilio,
1196 1456 1361 1520 circa
1425 1457 1854 1540 vespertinam
1919 1456 2141 1520 horam
2193 1455 2403 1538 ‚ipsius
2464 1453 2589 1518 diei

278 1553 349 1616 in
409 1574 608 1635 parva
671 1552 946 1636 quadam
1004 1553 1216 1616 insula
1279 1552 1562 1617 Secanae
1620 1556 1794 1617 inter
1857 1553 2118 1617 hortum
2183 1552 2465 1635 regalem
2524 1556 2589 1613 et

278 1642 613 1713 ecclesiam
680 1649 956 1713 fratrum
1016 1648 1445 1713 Eremitarum
1512 1650 1747 1732 posita,
1808 1648 2027 1713 ambos
2092 1649 2231 1731 pari
2293 1647 2588 1712 incendio

271 1747 667 1810 concremari
718 1746 1064 1810 mandavit.
1179 1745 1301 1821 Qui
1365 1746 1455 1809 sic
1513 1749 1812 1829 paratum
1862 1745 2231 1809 incendium
2291 1751 2594 1827 prompto

279 1842 497 1907 animo
561 1848 626 1907 et
684 1843 927 1907 volenti
988 1842 1366 1907 sustinuisse
1423 1846 1574 1906 sunt
1627 1843 1777 1919 visi,
1839 1847 1912 1905 ut
1972 1864 2088 1925 pro
2149 1863 2304 1905 suae
2359 1841 2586 1905 mortis

274 1940 649 2004 constantia
711 1944 777 2003 et
841 1940 1273 2024 abnegatione
1328 1939 1510 2003 finali
1574 1939 1821 2004 cunctis
1879 1938 2249 2003 videntibus
2313 1939 2586 2002 admira-

270 2037 523 2101 tionem
585 2036 854 2100 multam
910 2036 1260 2100 intulerint
1319 2040 1384 2099 et
1444 2032 1904 2119 stuporem.“¹)
2015 2036 2331 2099 Referunt
2391 2036 2586 2098 etiam

277 2136 572 2197 auctores
634 2133 864 2216 aliqui,
923 2132 1309 2216 Magistrum
1371 2133 1746 2197 solemniter
1801 2135 2228 2216 protestatum
2290 2153 2453 2209 esse,
2515 2154 2588 2195 ea

269 2251 444 2313 quae
505 2228 733 2293 Ordini
801 2229 1269 2314 objiciebantur
1337 2230 1629 2308 crimina,
1702 2231 1866 2294 falsa
1934 2251 2097 2305 esse,
2167 2251 2360 2313 seque
2420 2250 2585 2292 com·

278 2325 526 2389 misisse
595 2325 941 2396 maximum
1020 2327 1271 2401 scelus„
1336 2325 1507 2409 quod
1572 2327 1730 2391 talia
1805 2328 1885 2392 ad
1949 2326 2147 2390 vitam
2214 2323 2586 2389 salvandam

272 2422 368 2486 sit
429 2417 856 2502 ementitus.²)
950 2421 1350 2505 Rumorque,
1409 2426 1483 2486 ut
1538 2422 1821 2499 videtur,
1883 2426 2106 2507 postea
2160 2444 2415 2506 sparsus
2473 2428 2589 2500 est,

276 2519 364 2583 ab
419 2520 560 2602 ipso
605 2518 985 2584 Pontificem
1042 2523 1108 2583 et
1165 2534 1380 2603 regem
1440 2521 1616 2584 intra
1663 2542 1905 2585 annum
1968 2527 2031 2584 et
2090 2520 2254 2584 diem
2315 2519 2393 2583 ad
2441 2518 2586 2582 Tri·

280 2617 482 2680 bunal
528 2616 651 2680 Dei
705 2638 840 2680 esse
882 2617 1142 2700 citatos3
1204 2619 1371 2701 quod
1426 2617 1575 2682 inde
1635 2617 1854 2682 forsan
1912 2618 2156 2695 evenit,
2213 2617 2362 2700 quia
2416 2638 2586 2680 anno

287 2713 458 2776 1314
499 2718 633 2778 tum
683 2712 976 2777 Clemens
1009 2713 1090 2777 V.
1138 2719 1277 2778 tum
1319 2711 1654 2797 Philippus
1688 2712 1965 2778 Pulcher
2009 2735 2372 2798 supremum
2421 2712 2590 2775 diem

274 2810 604 2876 obierunt.

1372 3085 1496 3153 IV.

334 3216 466 3280 De
497 3214 845 3295 Justitia
891 3215 1369 3279 abolitionis
1419 3213 1771 3278 Ordinis
1822 3214 2531 3293 Templariommz.

459 3371 563 3436 32.
611 3369 757 3435 Jam
804 3369 1109 3446 diximus,
1172 3392 1300 3434 non
1351 3370 1571 3433 deesse
1619 3375 1912 3434 auctores
1960 3369 2153 3433 etiam
2201 3370 2375 3433 inter
2421 3370 2589 3434 viros

271 3467 631 3532 catholicos
679 3467 1004 3533 Ecclesiae
1065 3467 1379 3548 addictos,
1441 3466 1552 3549 qui
1613 3466 2032 3530 abolitionem
2091 3464 2346 3530 Ordinis
2400 3464 2589 3529 Tem·

281 3563 372 3645 pli
441 3565 675 3627 acriter
740 3562 1241 3646 reprehendunt.
1353 3562 1750 3627 Clementem
1824 3567 2159 3643 accusant,
2235 3561 2405 3646 quod
2471 3561 2589 3627 hac

279 3660 350 3723 in
413 3682 482 3723 re
537 3661 712 3743 turpi
776 3660 1078 3743 obsequio
1140 3660 1401 3723 cesserit
1461 3659 1879 3741 postulationi
1952 3657 2236 3742 Philippi
2297 3659 2587 3742 Pulchri3

270 3757 794 3839 suppressionem
855 3779 1005 3821 vero
1068 3755 1326 3820 Ordinis
1386 3756 1453 3819 in
1516 3776 1582 3818 se
1638 3760 1993 3837 spectatam
2053 3753 2297 3819 habent
2362 3761 2435 3820 ut
2490 3757 2587 3820 in-

460 3948 502 4014 ¹)
543 3947 758 4002 Contin.
808 3949 872 4002 G.
922 3946 1141 4015 Nangii·
1175 3949 1242 4000 ad
1292 3964 1339 4002 a.
1386 3949 1547 4011 1313,
1597 3962 1683 4013 ap.
1732 3944 2017 4014 D'Achery
2067 3945 2327 4015 Spicileg.
2379 3947 2443 4001 T.
2483 3949 2586 4002 III.

272 4027 381 4081 col.
420 4030 505 4080 67.
544 4027 701 4091 (edit.
737 4026 913 4080 Paris,
961 4042 1007 4080 a.
1049 4026 1227 4096 1723.)
1299 4025 1468 4079 Simili
1517 4025 1631 4080 fere
1680 4024 1892 4079 ratione
1940 4025 2033 4079 alii
2082 4026 2394 4081 chronistae
2444 4027 2586 4081 hunc

271 4113 538 4161 eventum
577 4112 854 4160 enarrant.

456 4184 502 4251 2)
540 4185 606 4238 V.
646 4185 915 4253 Raynald.
955 4186 1022 4237 ad
1061 4201 1107 4238 a.
1150 4186 1300 4236 1313.
1340 4200 1390 4236 n.
1430 4185 1513 4236 39.
