3281 5014
1036 408 1120 463 De
1156 407 1420 463 electione
1457 407 1758 463 Clementis
1783 408 1849 461 V.
2531 407 2609 462 81-

280 546 689 631 quennium,⁹
734 547 807 613 in
868 546 1350 631 reparationem
1404 568 1840 630 expensarum
1895 549 2254 615 multarum
2306 548 2382 614 in
2443 547 2603 614 bello

278 645 452 715 inito
478 638 728 709 contra
772 643 1236 712 Flandrenses.
1331 643 1605 723 Quarta,
1651 645 1822 725 quod
1857 644 2211 728 promittas
2254 644 2420 710 mihi
2464 665 2602 710 cas·

278 761 433 807 sare
470 786 474 790 -
509 745 570 805 et
642 740 730 805 ad
791 740 1077 807 nihilum
1150 741 1452 807 reducere
1521 741 1899 807 memoriam
1960 742 2300 825 Bonifatii
2360 742 2602 826 Papae.

283 837 569 917 Quinta,
633 836 802 918 quod
859 836 1173 901 restituas
1227 836 1533 902 honorem
1587 842 1648 903 et
1701 839 2090 920 diqnitatem
2151 839 2603 906 cardinalatus

278 932 548 1000 domino
603 933 843 998 Jacobo
897 937 957 998 et
1009 931 1268 998 domino
1324 932 1520 1000 Petro
1579 933 2115 1004 Columnensibus
2168 935 2458 1001 ablatam
2509 936 2604 1001 eis

278 1051 401 1114 per
435 1029 879 1111 Bonifatium,
928 1034 989 1093 et
1034 1049 1333 1112 reponas
1355 1050 1460 1095 eos
1502 1029 1577 1096 in
1621 1035 1869 1097 statum
1905 1031 2274 1114 pristinum
2319 1053 2464 1099 cum
2510 1033 2609 1100 eis

287 1126 495 1194 etiam*
530 1126 808 1192 creando
853 1125 1111 1208 aliquos
1145 1125 1529 1193 Cardinales
1572 1127 1815 1194 amicos
1858 1150 2047 1194 meos.
2121 1128 2392 1195 Sextam
2438 1128 2604 1194 mihi

286 1244 541 1288 reservo
601 1222 1089 1305 exprimendam
1151 1221 1282 1288 loco
1341 1227 1402 1287 et
1468 1228 1749 1308 tempore
1804 1245 1951 1305 sua,
2012 1226 2293 1292 arduam
2352 1230 2414 1291 et
2466 1245 2603 1290 ma-

277 1341 502 1403 ynam.
523 1320 572 1400 ¹)
692 1320 884 1385 Hanc
952 1326 1199 1385 sextam
1280 1322 1714 1387 conditionem
1784 1324 1892 1387 alii
1962 1325 2338 1388 existimant
2405 1324 2606 1388 fuisse

288 1418 704 1483 abolitionem
775 1416 1038 1482 Ordinis
1106 1415 1648 1500 Templariorum,
1718 1420 1825 1483 alii
1897 1421 2319 1485 elevationem
2391 1418 2604 1485 Caroli

286 1513 535 1579 Valesii
576 1515 648 1579 in
690 1513 1154 1598 Imperatorem
1204 1512 1587 1581 Romanum.

469 1656 529 1720 5.
586 1651 714 1717 Sed
771 1658 978 1718 totam
1030 1653 1198 1717 hanc
1254 1655 1725 1732 narrationem,
1793 1654 1911 1717 etsi
1970 1654 2260 1737 plerique
2314 1659 2605 1719 auctores
2625 1660 2755 1702 ΜΒ
2785 1673 2861 1712 Pro
2815 1660 2934 1701 r0-b⁸

286 1773 430 1815 eam
475 1752 677 1814 secuti
725 1751 878 1830 sint,
925 1771 1005 1814 ex
1050 1749 1523 1834 antiquioribus
1556 1752 1697 1833 jam
1743 1747 1969 1814 Illmus
2020 1751 2232 1816 Mansi
2280 1772 2411 1816 non
2460 1751 2607 1815 fun·
2737 1724 2823 1764 ¹⁵⁰¹

285 1847 506 1910 datam
551 1846 875 1920 censebat,
925 1856 1150 1918 nostro
1193 1868 1346 1910 vero
1404 1852 1694 1930 tempore
1739 1868 1878 1910 eam
1924 1846 2157 1912 falsam
2202 1869 2337 1913 esse
2389 1847 2607 1913 solidis

286 1941 692 2028 argumentis
750 1942 1263 2014 demonstratum
1323 1939 1499 2026 est.¹)
1592 1945 1997 2027 Argumenta
2058 1945 2394 2028 praecipua
2451 1952 2607 2008 suut

285 2042 441 2104 ista.
505 2037 573 2103 1⁰
618 2036 1046 2118 Nullatenus,
1102 2043 1178 2104 ut
1207 2038 1458 2104 Villani
1502 2040 1734 2116 refert,
1793 2061 2014 2104 verum
2061 2045 2189 2117 est,
2240 2042 2414 2106 inter
2459 2039 2609 2104 Ber·

285 2135 596 2200 trandum
660 2133 1191 2220 Burdigalensem
1253 2140 1322 2200 et
1377 2135 1750 2221 Philippum
1810 2135 2154 2201 discordias
2211 2137 2434 2213 fuisse,
2499 2137 2604 2208 sed

286 2235 550 2297 constat
586 2252 664 2294 ex
711 2232 1140 2313 documentis,
1193 2253 1412 2317 regem
1466 2232 1546 2297 ab
1599 2233 1714 2302 illo
1770 2255 1846 2297 eo
1890 2239 2174 2317 tempore
2222 2257 2356 2299 non
2412 2235 2609 2300 fuisse

286 2328 597 2393 alienum.
699 2327 769 2392 2⁰
819 2327 1181 2394 Cardinalis
1235 2326 1588 2405 Ostiensis,
1648 2328 1952 2393 Nicolaus
2008 2328 2084 2393 de
2143 2329 2341 2396 Prato
2389 2329 2464 2398 Ο.
2511 2330 2607 2412 Ρ.,

292 2425 517 2500 Italus,
565 2425 667 2489 cui
698 2422 944 2489 Villani
992 2425 1332 2510 praecipue
1376 2426 1657 2491 auctoris
1702 2426 1903 2490 dolosi
1944 2432 2160 2511 partes
2185 2428 2467 2516 tribuit,
2514 2428 2614 2492 vir

288 2527 435 2588 erat
493 2527 821 2606 spectatae
879 2522 1165 2598 virtutis,
1229 2525 1413 2607 cujus
1474 2522 1846 2589 characteri
1891 2524 2041 2588 talis
2101 2525 2336 2609 agendi
2389 2525 2613 2591 modus

292 2619 669 2684 nullatenus
725 2626 1059 2685 consonat.
1150 2617 1439 2702 Napoleo
1499 2638 1648 2685 vero
1706 2619 1892 2685 Card.
1944 2618 2165 2687 Ursini
2221 2621 2290 2687 in
2346 2620 2615 2706 epistola

290 2722 441 2800 post
482 2714 834 2779 Clementis
883 2719 1156 2779 mortem
1211 2715 1292 2780 ad
1336 2716 1708 2800 Philippum
1755 2715 1933 2793 data,
1993 2739 2120 2801 qua
2174 2718 2465 2801 deplorat
2512 2740 2613 2783 ca-

292 2812 618 2877 lamitates
664 2809 1031 2889 Ecclesiae,
1073 2833 1150 2876 ea
1203 2813 1455 2877 ratione
1516 2814 1593 2877 de
1650 2812 1961 2878 electione
2011 2812 2363 2880 Clementis
2415 2817 2614 2900 loqui·

290 2913 428 2989 tur,
502 2930 632 2993 qua
694 2909 866 2992 loqui
927 2907 1098 2972 haud
1158 2909 1506 2992 potuisset,
1576 2911 1632 2974 si
1697 2910 1831 2993 ipse
1894 2907 1999 2994 (ut
2066 2917 2258 2996 caput
2317 2912 2614 2978 factionis

289 3004 613 3085 Gallicae)
665 3005 733 3069 in
780 3026 975 3088 prava
1033 3005 1304 3089 quadam
1355 3005 1475 3069 hac
1520 3006 1598 3069 de
1644 3027 1714 3070 re
1760 3009 2204 3091 negotiatione
2249 3008 2616 3093 implicatus

290 3098 642 3195 fuisset}
697 3098 921 3166 Simile
973 3107 1425 3186 argumentum
1484 3103 1731 3184 petitur
1786 3124 1863 3166 ex
1924 3103 2198 3188 epistola
2243 3104 2616 3180 Clementis,

410 3302 413 3305 *
479 3274 522 3344 ¹)
559 3275 640 3328 Cf.
677 3275 730 3328 S.
770 3273 1030 3330 Antonin.
1070 3275 1290 3329 Summa
1324 3276 1519 3332 histor.
1561 3278 1622 3331 P.
1662 3277 1769 3331 III.
1809 3277 1922 3333 Tit.
1958 3277 2108 3332 XXI.
2148 3278 2207 3332 C.
2244 3278 2306 3342 I.,
2346 3277 2617 3344 zum-Ray.-

294 3355 519 3421 naldum
566 3354 637 3407 ad
680 3370 732 3407 a.
775 3356 924 3407 1305
962 3371 1015 3408 ιι.
1054 3356 1088 3406 2
1125 3369 1241 3421 sqq.
1287 3384 1355 3392 —-
1391 3355 1629 3421 villani,
1677 3355 1826 3410 Hist.
1861 3355 2007 3411 Fior.
2054 3356 2116 3409 L.
2145 3356 2300 3411 VIII.
2350 3372 2394 3409 c.
2433 3358 2484 3409 8.
2531 3372 2619 3424 ap

292 3432 587 3498 Mummi-i,
627 3432 824 3500 Script.
862 3448 965 3487 rer.
1006 3433 1133 3487 Ital.
1172 3433 1233 3486 Τ.
1274 3433 1429 3488 XIII.
1469 3451 1521 3502 p.
1557 3437 1686 3489 417.

370 3550 374 3554 .
454 3510 525 3579 ²)
563 3511 834 3577 Rabanis,
873 3511 1123 3566 clement
1146 3511 1196 3565 V
1233 3520 1292 3566 et
1327 3512 1608 3582 Philippe-
1584 3513 1806 3570 ·.le·Bel
1844 3514 2004 3568 Paris
2042 3515 2195 3569 1858.
2235 3545 2302 3552 —-
2339 3513 2619 3583 Boutaric

298 3591 378 3644 La
415 3590 625 3644 Franco
665 3605 789 3644 sous
821 3553 1306 3659 '1³hi1ippe··1e·.Bel
1344 3592 1508 3645 Paris
1549 3595 1702 3647 1861.
1741 3624 1808 3630 —
1844 3594 2024 3656 Idem,
2076 3594 2322 3649 clement
2350 3592 2441 3657 V.
2489 3593 2620 3648 Phi.-

300 3669 474 3738 lippe
449 3670 550 3724 le·
553 3668 654 3724 Bel
691 3674 749 3723 et
784 3669 865 3725 les
905 3669 1227 3737 Templiers.
1289 3670 1480 3725 Revue
1519 3673 1615 3726 des
1645 3671 1939 3738 Questions
1976 3672 2109 3727 hist.
2148 3674 2513 3727 1871-1872.
2553 3703 2619 3711 —

299 3747 513 3812 Hefele,
552 3748 713 3802 Cone.
753 3749 948 3804 Gesch.
989 3750 1052 3802 B.
1080 3748 1177 3803 VI.
1217 3747 1265 3817 ἓ.
1305 3751 1426 3804 695.

479 3824 523 3893 ⁸)
566 3828 944 3893 „Meminimus
978 3843 1094 3894 nos,
1134 3827 1343 3893 scribit,
1380 3844 1477 3883 sex
1514 3829 1793 3884 mensibus
1828 3830 2002 3886 fuisse
2038 3831 2097 3884 in
2134 3847 2357 3887 carcere
2384 3832 2620 3905 Perusii‚

300 3906 358 3958 in
395 3920 501 3972 quo
546 3905 697 3959 solus
734 3906 884 3960 Deus
921 3906 1079 3960 novit
1125 3922 1246 3960 cum
1283 3905 1506 3973 quantis
1551 3907 1813 3975 periculis
1851 3908 2091 3976 eorporis
2138 3915 2197 3964 et
2236 3908 2620 3966 sollicitudini-

298 3983 402 4038 bus
437 3983 623 4049 cordis
660 3984 881 4042 exstitit
916 3984 1252 4052 laboratum,
1298 3990 1357 4039 et
1392 3986 1590 4053 reliqui
1627 3987 1841 4042 domum
1890 4003 2064 4043 meam
2101 3988 2270 4044 solito
2306 3996 2371 4045 ut
2405 4005 2621 4057 possem

301 4061 500 4118 habere
536 4063 862 4119 Pontificem
911 4065 977 4118 de
1022 4079 1222 4133 regno,
1276 4064 1500 4132 cupiens
1547 4065 1672 4134 regi
1719 4071 1777 4120 et
1821 4080 1993 4134 regno
2039 4082 2164 4122 esse
2206 4066 2514 4137 provisum,
2563 4076 2622 4125 et

297 4156 558 4209 sperans,
615 4145 759 4210 quod
805 4144 1126 4211 quicumque
1178 4143 1327 4212 regis
1362 4152 1688 4211 sequeretur
1732 4145 2044 4211 consilium,
2102 4146 2287 4202 urbem
2336 4154 2394 4201 et
2439 4148 2620 4201 orbem

2343 4231 2406 4285 6*
