3281 5014
1041 468 1205 524 Procc
1215 482 1338 525 ssus
1377 475 1568 524 contra
1604 467 1959 538 Templarios.
2558 471 2658 523 105

347 612 641 673 torturae
698 609 971 694 subjecti
1027 610 1288 675 fuerint.
1402 609 1528 675 Sed
1583 612 1742 675 alios
1801 632 1879 674 ex
1937 611 2077 674 istis
2132 610 2440 675 fratribus
2497 632 2662 674 nun·

349 727 541 788 quam
590 706 869 790 aliquam
914 706 1349 773 conditionem
1398 709 1885 773 eminentiorem
1930 706 1998 771 in
2062 705 2298 771 Ordine
2343 706 2660 784 habuisse,

350 803 508 866 alios
567 802 637 866 in
686 802 1012 867 laboribus
1067 803 1428 869 durioribus
1483 804 1865 887 peragendis
1928 809 2266 886 occupatos
2323 804 2427 867 vel
2481 803 2659 867 brevi

345 904 602 962 tantum
659 907 949 983 tempore
995 898 1220 965 Ordini
1278 901 1629 983 adscriptos
1689 900 1901 970 fuisse.
2002 898 2174 964 Hinc
2226 899 2393 965 forte
2448 900 2661 964 fratri·

350 994 467 1058 bus
530 994 659 1059 illis
719 1001 968 1059 secreta
1029 996 1141 1060 illa
1200 998 1468 1061 crimina
1536 997 1708 1061 haud
1773 1002 1929 1062 nota
1992 992 2271 1076 fuisse.¹)
2379 995 2661 1080 Raynal·

349 1090 467 1154 dus
535 1090 1045 1175 archiepiscopus
1115 1091 1635 1158 Ravennatensis
1704 1116 1810 1158 eos
1866 1092 2267 1177 Templarios
2336 1114 2494 1177 quos
2559 1116 2661 1158 ex·

351 1187 662 1252 aminavit
720 1209 864 1252 reos
931 1211 1061 1254 non
1123 1211 1259 1254 esse
1318 1190 1649 1275 judicavit.
1720 1225 1806 1235 —
1873 1190 1953 1255 In
2025 1190 2338 1274 Hispania
2404 1210 2662 1273 quoque

350 1306 388 1348 a
454 1284 896 1348 commissione
971 1286 1305 1369 pontificia
1366 1287 1712 1371 Templarii
1788 1287 1957 1354 haud
2034 1287 2129 1351 rei
2207 1307 2346 1350 esse
2413 1286 2660 1351 inventi

349 1384 520 1446 sunt.
612 1380 689 1444 In
757 1371 1118 1467 Arragonia
1172 1384 1233 1447 vi
1296 1384 1676 1451 restiterunt
1735 1408 2013 1469 suasque
2073 1384 2499 1468 possessiones
2559 1404 2660 1445 re-

349 1478 710 1542 tinuerunt.
843 1477 1188 1562 Templarii
1261 1480 1639 1546 Lusitaniae
1706 1483 1866 1565 fuga
1932 1503 2002 1546 se
2071 1480 2349 1545 examini
2424 1478 2659 1543 subdu·

349 1579 605 1639 xerunt.
679 1611 768 1620 -—
838 1574 917 1638 In
968 1574 1315 1641 Germania
1366 1578 1648 1662 benigne
1708 1581 1968 1644 tractati
2025 1583 2090 1642 et
2150 1576 2507 1661 generatim
2564 1576 2913 1642 in-''remplarii
2948 1589 2995 1631 in

352 1677 657 1738 nocentes
726 1671 1000 1756 judicati
1072 1678 1246 1738 sunt.
1359 1674 1567 1751 Quum
1634 1675 1962 1760 Moguntii
2037 1676 2103 1738 in
2174 1674 2418 1756 synodo
2485 1694 2659 1737 anno

355 1769 525 1835 1310
598 1768 822 1833 habita
895 1768 972 1833 de
1040 1771 1303 1853 negotio
1371 1771 1879 1855 Templariorum
1958 1776 2288 1855 ageretur,
2365 1769 2661 1852 apparuit

353 1868 420 1932 in
477 1888 552 1931 ea
596 1864 792 1949 Hugo
849 1888 1057 1931 comes
1099 1867 1595 1934 Commendator
1650 1869 1904 1953 Templi
1958 1891 2099 1932 cum
2154 1866 2389 1952 viginti
2440 1865 2660 1930 fratri·

350 1966 484 2029 bus.
574 1961 811 2028 Indua·
867 1961 1099 2029 habitu
1151 1963 1262 2029 sui
1325 1964 1619 2045 Ordinis,
1684 1964 1801 2031 hoc
1851 1968 1947 2029 est
2006 1962 2171 2029 albis
2220 1961 2453 2045 palliis
2515 1981 2661 2026 cum

351 2080 538 2125 cruce
580 2058 784 2125 rubea
829 2063 1083 2141 assuta,
1141 2065 1332 2126 erant
1395 2083 1613 2128 omnes
1669 2062 1787 2127 sub
1823 2061 2056 2145 palliis
2100 2060 2301 2144 probe
2345 2056 2663 2139 armati.²)

348 2157 511 2223 Inde
568 2158 952 2241 perterritus
1000 2164 1098 2222 est
1143 2157 1380 2224 Petrus
1428 2161 1936 2244 archiepiscopus
1981 2182 2123 2225 cum
2170 2159 2433 2242 reliquis
2479 2179 2661 2240 prae-

352 2256 523 2331 latis,
571 2254 994 2337 comitemque
1041 2256 1242 2320 amice
1289 2258 1552 2340 excepit.
1631 2257 1692 2321 Is
1739 2279 1880 2322 cum
1930 2277 2167 2341 magna
2212 2254 2663 2340 indignatione

351 2356 744 2436 protestatus
798 2355 898 2414 est
951 2351 1028 2415 de
1081 2352 1457 2417 innocentia
1504 2352 1792 2429 Ordinis,
1849 2352 2476 2437 appellationemque
2500 2367 2663 2435 'por-

349 2449 523 2515 rexit
580 2448 661 2514 ad
718 2446 962 2532 Papam
1023 2447 1335 2514 futurum.
1446 2449 2018 2516 Protestationemr
2059 2450 2344 2534 synodus
2403 2450 2666 2532 accepit,

352 2553 420 2612 et
465 2545 812 2628 Templarii
872 2546 1082 2610 verbis
1138 2547 1390 2610 lenibus
1449 2546 1690 2612 dimissi
1741 2552 1916 2611 sunt.
2010 2546 2105 2610 Re
2145 2547 2224 2611 ad
2266 2546 2661 2611 Clementem

351 2644 585 2719 delata,
633 2640 939 2706 Pontifex
984 2642 1256 2719 monuit,
1305 2648 1380 2706 ut
1411 2643 1745 2728 indagatio
1793 2645 2143 2728 prudenter
2188 2644 2663 2720 institueretur,

354 2763 483 2825 qua
544 2741 721 2804 facta
781 2760 835 2801 a.
898 2739 1059 2803 1311
1111 2738 1458 2824 Templarii
1520 2742 1700 2806 citati
1755 2743 1838 2806 38
1899 2742 2203 2805 declarati
2262 2746 2417 2804 sunt
2473 2740 2663 2804 inno-

352 2842 604 2902 centes.
655 2870 742 2881 —-
808 2833 974 2899 Acta
1041 2837 1534 2920 inquisitionum
1603 2860 1794 2921 porro
1864 2838 1942 2903 ad
2007 2837 2389 2903 Pontificem
2457 2841 2664 2901 trans-

353 2936 545 2999 missa
588 2939 764 3009 sunt,
812 2937 877 2995 et
924 2932 1005 2996 ab
1049 2933 1187 3016 ipso
1225 2934 1546 3018 variisque
1595 2935 1920 3018 deputatis
1968 2936 2335 3000 examinata
2373 2935 2662 3003 fuerunt.

354 3029 529 3095 Illae
581 3025 1066 3110 inquisitione&
1122 3030 1357 3096 dicitur
1411 3032 1476 3095 in
1537 3031 1727 3096 Bulla
1783 3031 1965 3109 „Vox
2014 3033 2082 3095 in
2133 3033 2445 3106 excelso“,
2500 3049 2665 3112 quae

350 3127 568 3208 factae
613 3129 842 3191 contra
891 3123 1199 3190 Ordinem
1234 3126 1681 3209 praelibatum
1722 3126 2023 3209 fuerant,
2081 3126 2167 3191 ad
2211 3131 2510 3192 nostrum
2555 3146 2663 3190 εω-

354 3243 543 3289 amen
586 3224 919 3305 remissae,
981 3223 1297 3303 quaedam
1344 3245 1470 3307 per
1509 3223 1649 3288 Nos
1694 3228 1753 3288 et
1801 3222 2050 3305 fratres
2101 3228 2359 3289 ‘nostros
2402 3225 2665 3288 sanctae

353 3320 694 3386 Romanae
753 3322 1050 3388 ecclesiae
1107 3319 1518 3401 CardinaleS,
1579 3318 1753 3386 aliae
1813 3340 1962 3385 vero
2010 3341 2135 3403 per
2194 3319 2431 3386 medios
2488 3319 2668 3383 viros

355 3417 539 3483 valde
602 3417 950 3499 litteratos,
1005 3419 1392 3501 prudentae,
1460 3417 1702 3498 fideles,
1769 3416 1987 3482 Deum
2047 3417 2343 3483 timentes
2401 3418 2461 3479 et
2513 3413 2666 3495 fidei

355 3513 706 3581 catholicae
756 3517 1066 3583 zelatores
1116 3520 1175 3580 et
1225 3514 1610 3580 exercitatos
1666 3518 1803 3579 tam
1841 3513 2175 3596 praelatos
2230 3531 2427 3594 quam
2481 3510 2666 3590 alios,

354 3611 535 3695 apud
588 3612 1058 3680 Malausanam
1100 3611 1514 3677 Vacionensis
1569 3610 1872 3676 dioecesis
1932 3610 2212 3693 fuerunt
2259 3608 2458 3675 valde
2514 3607 2662 3672 dili-

536 3889 579 3954 ¹)
617 3893 760 3945 Acta
801 3891 940 3945 haec
974 3889 1295 3945 Florentina
1342 3907 1407 3945 ex
1453 3890 1788 3945 bibliotheca
1814 3889 2087 3945 Vaticana
2133 3891 2450 3957 deprompta
2491 3885 2669 3955 publi-

357 3970 509 4026 cavit
544 3969 779 4038 primum
815 3969 1116 4035 Loiseleur‚
1155 3968 1235 4022 La
1272 3968 1518 4025 doctrine
1556 3971 1767 4025 secrete
1802 3970 1897 4024 des
1936 3969 2236 4037 Templiers
2278 3984 2329 4035 p.
2370 3969 2664 4022 172—212.

356 4049 563 4106 Gravia
597 4048 935 4118 praejudicia
980 4065 1048 4103 ex
1085 4047 1237 4103 hisce
1285 4049 1425 4104 actis
1463 4055 1659 4104 contra
1696 4049 2034 4119 Templarios
2081 4047 2307 4112 exoriri,
2348 4047 2464 4115 jam
2500 4053 2670 4101 antea

358 4131 677 4184 adverterat
712 4127 956 4183 Theiner
989 4126 1049 4181 in
1087 4127 1324 4194 epistola
1363 4129 1430 4182 ad
1468 4128 1695 4183 citatum
1732 4139 2008 4184 auctorem
2046 4128 2191 4181 data.

535 4206 578 4277 ²)
618 4206 828 4261 Mutius
866 4206 1066 4261 Chron.
1105 4221 1190 4275 ap.
1229 4207 1430 4263 Pistor.
1469 4208 1541 4262 H.
1578 4226 1629 4276 p.
1669 4212 1791 4262 211.

2712 1649 2957 1693 Germania.
