3281 5014
1174 402 1600 459 Dissertationis
1638 403 1868 458 indoles.
2574 404 2673 455 149

362 548 570 614 Roma
612 548 919 633 aufugere
964 551 1032 612 et
1076 548 1229 611 alibi
1257 544 1633 611 commorari
1682 545 1885 609 coacti
1927 549 2099 609 sunt.
2170 546 2443 630 Propter
2479 544 2670 611 Guel-
2727 557 2900 628 Turba-20
2925 557 2970 600 in

358 645 573 711 forum
620 648 689 709 et
735 644 1207 710 Gibellinorum
1252 647 1464 726 partes
1504 641 1852 706 Pontifices
1897 645 2210 724 perpetuo
2256 643 2504 708 cuidam
2551 643 2673 708 dis·
2771 618 2919 661 stab*

356 742 614 807 crimini
657 742 930 826 expositi
980 747 1188 823 erant,
1232 762 1307 805 eo
1350 740 1454 803 vel
1500 739 1725 823 magis,
1770 737 1943 822 quod
1987 738 2179 803 simul
2225 740 2508 808 familiae
2555 761 2677 804 no-

359 839 523 903 biles
588 837 919 904 Romanae
976 839 1054 903 iis
1123 843 1384 921 propter
1445 835 1862 900 ambitionem
1928 840 1994 898 et
2057 836 2431 902 dominandi
2494 835 2673 919 cupi-

356 935 574 1000 dinem
647 936 960 999 maximas
1028 934 1445 1000 difficultates
1517 931 1842 996 creabant.
1963 930 2352 997 Ursinorum
2424 938 2488 997 et
2557 932 2673 997 Co·

359 1032 726 1096 lumnarum
792 1031 1074 1096 familiae
1142 1031 1416 1114 primum
1488 1029 1696 1094 locum
1770 1028 2012 1093 Romae
2076 1030 2503 1112 occupabant,
2578 1029 2675 1092 illi

358 1126 769 1206 Guelforum,
816 1128 885 1192 hi
930 1149 1081 1193 vero
1130 1126 1602 1192 Gibellinorum
1648 1126 1939 1209 partibus
1988 1125 2222 1192 addicti
2269 1130 2485 1211 erant3
2532 1127 2674 1191 istis

358 1229 576 1290 autem
636 1224 902 1289 familiis
963 1225 1251 1308 reliquae
1311 1222 1595 1287 familiae
1650 1222 1897 1288 nobiles
1960 1222 2255 1303 (Savelli,
2317 1221 2673 1307 Stephane-

360 1321 530 1397 schi‚
576 1320 1109 1401 Annibaldeschi,
1167 1320 1390 1398 Conti,
1439 1318 1746 1393 Gaetani,
1802 1317 2235 1402 Paparesehi,)
2293 1324 2359 1384 et
2403 1320 2674 1384 barones

361 1416 671 1498 Romani,
724 1419 827 1482 vel
874 1439 951 1482 ex
1011 1439 1145 1482 una
1193 1416 1293 1480 vel
1342 1438 1418 1479 ex
1466 1416 1671 1480 altera
1715 1420 1926 1499 parte,
1982 1438 2049 1480 se
2098 1417 2486 1501 jungebant.
2578 1415 2672 1481 Si·

361 1514 666 1579 multates
713 1515 917 1599 igitur
965 1517 1151 1578 erant
1191 1517 1567 1596 perpetuae,
1625 1516 1910 1594 potestas
1965 1512 2164 1576 civilis
2211 1512 2546 1578 Pontificis
2593 1514 2674 1577 ab

356 1611 487 1674 illis
530 1611 917 1676 factionibus
964 1610 1421 1693 usurpabatur,
1482 1629 1554 1673 ac
1600 1608 1936 1671 turbarum
1985 1612 2051 1672 et
2097 1610 2311 1675 luctae
2355 1632 2490 1675 non
2536 1615 2674 1674 erat

360 1709 531 1774 finis.
639 1707 893 1772 Dicitur
946 1709 1083 1792 jam
1132 1705 1517 1771 Benedictus
1563 1702 1681 1767 XI.
1745 1704 2081 1769 consilium
2142 1707 2408 1789 cepisse,
2469 1711 2541 1770 ut
2603 1708 2672 1770 in

359 1804 644 1888 aliquam
678 1803 1167 1887 Longobardiae
1199 1802 1527 1867 civitatem
1559 1802 1769 1866 curiae
1799 1801 2186 1884 pontificalis
2216 1802 2427 1866 sedem
2460 1805 2673 1868 trans-

360 1897 658 1982 ferret31)
716 1922 881 1983 quae
929 1922 1081 1965 vero
1131 1903 1270 1963 tum
1323 1897 1445 1982 ipsi
1496 1905 1637 1961 tum
1684 1895 2023 1963 Bonifacio
2052 1898 2234 1963 VIII.
2289 1900 2674 1973 acciderant,

360 1997 635 2061 multum
698 1997 867 2061 forte
928 1996 1322 2061 Clementem
1384 2000 1746 2059 moverunt.
1854 1994 2188 2080 Quumque
2249 2018 2363 2079 pro
2423 2018 2542 2061 sua
2600 1998 2669 2061 in

358 2095 631 2177 patriam
690 2115 764 2157 ac
823 2092 1135 2158 familiam
1189 2092 1434 2175 regiam
1494 2090 1741 2156 Galliae
1797 2092 2136 2157 affectione
2197 2093 2539 2178 benignius
2595 2094 2672 2158 de

357 2188 641 2274 Philippi
699 2190 915 2254 animo
972 2193 1037 2254 et
1091 2190 1297 2272 gestis
1346 2186 1689 2272 judicaret,
1753 2194 1949 2272 atque
1996 2188 2166 2254 haud
2213 2191 2371 2255 satis
2428 2191 2670 2275 perspi-

356 2291 534 2351 ceret
593 2288 872 2369 pericula
935 2285 1475 2369 independentiae
1539 2284 1828 2350 Romano
1881 2285 2180 2351 Pontifici
2247 2287 2673 2370 imminentia,

355 2383 424 2447 in
472 2381 684 2447 Gallia
724 2382 805 2446 ad
849 2386 1102 2466 tempus
1147 2402 1479 2446 remanere
1526 2382 1889 2446 constituit.
1983 2381 2458 2468 Subsequentes
2519 2385 2667 2449 dein

363 2479 707 2545 Pontifices
770 2479 1086 2545 similibus
1152 2477 1326 2543 ducti
1391 2483 1540 2542 sunt
1603 2478 1890 2557 motivis,
1962 2480 2092 2545 imo
2157 2480 2414 2566 quidam
2472 2483 2668 2547 etiam

355 2599 550 2660 quum
603 2577 876 2653 vellent,
941 2577 1131 2641 variis
1187 2576 1389 2640 causis
1450 2575 1640 2659 plane
1702 2575 1989 2659 impediti
2052 2583 2264 2656 erant,
2328 2579 2669 2663 quominus

352 2673 563 2737 sedem
612 2675 846 2738 iterum
895 2672 1169 2739 Romam
1214 2671 1661 2738 transferrent.

446 2806 451 2810 ·
532 2787 723 2852 Modo
778 2787 1296 2852 dissertationem
1352 2786 1430 2851 de
1483 2784 1903 2851 Pontificibus
1953 2787 2517 2853 Avenionensibus
2574 2789 2669 2853 ita

354 2884 796 2966 instituemus,
854 2890 928 2948 ut
984 2885 1260 2966 primum
1316 2884 1545 2948 seriem
1606 2905 1825 2949 eorum
1887 2885 2414 2969 singulorumque
2469 2886 2665 2950 vitam

353 2985 423 3046 et
485 2981 861 3065 praecipuas
920 3002 1021 3045 res
1081 2982 1294 3064 gestas
1351 2979 1728 3063 compendio
1786 2981 1984 3045 oculis
2046 2982 2453 3066 objiciamus,
2516 2982 2669 3046 dein

355 3099 504 3144 vero
574 3078 789 3161 capita
863 3077 1176 3162 quaedam
1247 3077 1684 3141 examinemus
1759 3077 2016 3160 majoris
2084 3079 2426 3160 momenti,
2504 3099 2667 3163 quae

352 3175 730 3251 conferunt,
807 3178 882 3239 ut
949 3174 1205 3239 illorum
1274 3178 1632 3257 temporum
1696 3173 1881 3238 notio
1948 3175 2306 3239 accuratior
2371 3176 2667 3259 acquira-

353 3274 492 3350 tur,
568 3273 652 3337 ab
718 3270 981 3354 injustis
1050 3270 1296 3355 quidem
1370 3270 1880 3335 accusationibus
1946 3270 2292 3336 Pontifices
2360 3272 2455 3337 illi
2523 3273 2668 3336 vin-

352 3366 682 3448 dicentur,
746 3373 817 3431 at
870 3368 1061 3433 simul
1119 3367 1315 3430 etiam
1374 3366 1742 3431 discrimina
1801 3368 2295 3451 perspiciantur,
2361 3390 2527 3453 quae
2587 3391 2665 3435 ex

351 3466 854 3530 commoratione
909 3465 1035 3529 ista
1088 3465 1160 3527 in
1210 3462 1422 3528 Gallia
1475 3484 1589 3545 pro
1633 3462 1920 3528 Ecclesia
1974 3468 2041 3528 et
2090 3464 2251 3529 Sede
2290 3464 2667 3548 Apostolica

352 3566 579 3626 exorta
624 3565 795 3626 sunt.

529 3712 590 3775 4.
646 3707 745 3775 De
791 3715 968 3774 statu
1013 3708 1332 3774 Ecclesiae
1378 3708 1496 3773 hoc
1544 3715 1833 3793 tempore
1880 3714 1946 3773 et
2000 3710 2187 3775 initio
2232 3712 2466 3776 saeculi
2514 3709 2661 3775 XV.

349 3810 713 3891 opportune
773 3806 1019 3871 consuli
1078 3808 1377 3890 possunt:
1470 3805 1800 3891 Balutius,
1862 3804 2042 3870 Vitae
2079 3804 2447 3889 'Paparum
2500 3808 2662 3872 Ave·

444 4056 582 4191 1012
611 4056 830 4113 Ferreti
855 4057 1135 4114 Vicentini
1171 4058 1434 4126 historia3
1472 4073 1562 4125 ap.
1605 4057 1871 4112 Muratori
1908 4058 2032 4114 Rer.
2072 4058 2193 4114 ital.
2233 4059 2423 4128 script.
2462 4061 2524 4113 Τ.
2561 4060 2661 4114 IX.

350 4152 403 4204 p.
585 4179 597 4192 .
