3281 5014
1019 419 1411 486 Depositiones
1450 420 1580 474 Tem
1588 420 1900 486 plariorum.
2510 423 2612 475 131

301 563 417 627 illa
485 568 675 627 erant
742 561 820 626 de
886 562 1144 645 punctis
1210 561 1451 626 ordinis
1511 567 1578 626 et
1639 561 1774 645 ipse
1828 562 2071 627 fecerat
2130 562 2250 627 hoc
2314 562 2619 647 (abnega-

302 656 581 742 tionem)
650 680 779 723 non
849 657 1037 723 corde
1096 658 1207 722 sed
1271 679 1380 722 ore
1442 662 1733 739 tantum,
1798 680 1933 724 non
1992 659 2267 723 multum
2324 679 2623 741 peccave·

304 760 425 837 rat,
466 755 734 838 ideoque
782 777 915 818 non
976 754 1352 838 imponebat
1402 755 1461 819 ei
1516 755 1983 838 poenitentiam
2038 755 2414 839 graviorem.
2509 755 2620 819 Di·

305 853 403 917 xit
461 852 688 932 etiam,
733 850 925 935 -quod
984 851 1121 936 ipse
1181 850 1312 916 fuit
1372 853 1449 917 de
1515 850 1855 935 praedictis
1911 851 2232 917 erroribus
2292 852 2620 917 confessus

304 948 553 1013 cuidam
602 947 788 1012 fratri
824 947 1061 1013 Minori
1108 948 1520 1013 conventuali
1568 947 1997 1032 Lingonensi,
2046 948 2157 1031 qui
2205 947 2425 1012 audita
2469 969 2619 1012 con·

305 1046 583 1111 fessione
640 1046 854 1110 noluit
906 1064 1051 1107 eum
1110 1043 1470 1121 absolvere,
1525 1044 1637 1109 sed
1682 1043 1876 1127 dixit,
1931 1044 2101 1129 quod
2156 1043 2235 1108 de
2282 1045 2398 1108 tali
2447 1044 2621 1108 facto

306 1139 514 1207 adiret
585 1140 843 1225 Papam.
945 1140 1130 1204 Dixit
1197 1141 1390 1206 etiam
1454 1140 1662 1205 dictus
1733 1142 1948 1223 testis,
2019 1142 2192 1226 quod
2248 1146 2623 1225 praeceptor

307 1240 516 1304 dictae
578 1238 802 1302 domus
870 1239 947 1302 de
980 1235 1102 1301 Val
1164 1236 1241 1300 de
1304 1236 1466 1301 Tors
1530 1237 1761 1302 habuit
1823 1238 1987 1302 bona
2052 1260 2168 1303 sua
2232 1238 2493 1303 mobilia
2557 1242 2625 1301 et

306 1335 660 1400 immobilia
727 1354 930 1417 usque
993 1333 1071 1396 ad
1141 1334 1421 1397 valorem
1483 1334 1991 1418 quingentarum
2054 1335 2362 1398 librarum
2426 1333 2622 1398 Turo-

308 1432 639 1508 nensium,
701 1435 768 1495 et
826 1434 1088 1513 propter
1141 1429 1261 1494 hoc
1314 1429 1714 1494 induxerunt
1774 1452 1947 1512 eum,
2010 1436 2082 1496 ut
2135 1432 2416 1496 intraret
2474 1430 2622 1494 reli-

308 1528 566 1610 gionem
637 1526 919 1591 eorum.“
941 1524 990 1604 1)
1107 1525 1390 1591 Omnino
1457 1526 1877 1610 improbabile
1942 1531 2067 1603 est,
2138 1525 2450 1611 ejusmodi
2519 1529 2623 1593 de-

308 1624 692 1708 positionem
750 1645 887 1688 esse
951 1624 1306 1688 confictam.
1399 1621 1737 1687 Caeterum
1789 1644 1940 1687 vero
1999 1623 2218 1688 omnia
2271 1625 2338 1687 in
2403 1623 2622 1688 eadem

308 1721 552 1805 optime
598 1720 965 1802 cohaerent,
1010 1724 1078 1783 et
1122 1719 1494 1791 ostendunt,
1544 1724 1704 1803 quot
1751 1720 1987 1785 abusus
2033 1721 2102 1784 in
2152 1718 2394 1784 Ordine
2441 1720 2622 1784 Tem-

310 1818 402 1902 pli
449 1817 795 1902 viguerint.
885 1816 1168 1880 Adverte
1218 1817 1434 1895 etiam,
1483 1816 1749 1881 fratrem
1794 1817 1977 1880 illum
2026 1815 2449 1882 Laurentium
2492 1814 2621 1880 Pa-

308 1910 498 1978 risiis
560 1912 958 1978 combustum
1022 1936 1156 1977 non
1218 1913 1417 1977 fuisse
1487 1913 1921 1978 innocentem.
2031 1914 2157 1979 Hic
2221 1919 2321 1979 est
2389 1914 2621 1998 (quan-

310 2020 449 2075 tum
496 2009 821 2091 recordor)
878 2009 1105 2074 unicus
1161 2031 1368 2084 casus,
1432 2011 1502 2073 in
1555 2031 1685 2093 quo
1739 2010 1943 2074 frater
2000 2032 2076 2074 ex
2126 2010 2367 2076 Ordine
2413 2010 2622 2075 Mino·

309 2130 452 2172 rum
498 2106 779 2191 denegat
808 2106 1297 2181 absolutionem,
1345 2110 1411 2170 et
1449 2106 1724 2171 remittit
1768 2106 1848 2171 ad
1882 2105 2140 2191 Papam,
2185 2114 2379 2192 atque
2425 2107 2624 2172 etiam

312 2204 470 2268 haec
517 2203 999 2267 circumstantia
1057 2223 1198 2266 cum
1255 2207 1397 2265 tota
1460 2224 1673 2267 rerum
1736 2204 1900 2267 serie
1959 2206 2245 2287 apprime
2306 2204 2621 2269 cohaeret.

314 2301 648 2384 Agebatur
704 2299 781 2363 de
834 2298 1131 2383 religioso
1183 2303 1454 2362 uxorato
1474 2346 1489 2375 ,
1543 2300 1649 2382 qui
1706 2299 1861 2363 fecit
1915 2305 2132 2365 votum
2185 2301 2469 2364 solemne
2521 2321 2623 2364 ca·

312 2396 559 2460 stitatis
615 2416 688 2460 ac
751 2417 882 2460 non
947 2394 1281 2459 habitandi
1346 2416 1489 2459 cum
1556 2396 1848 2473 muliere,
1915 2418 1990 2460 ea
2052 2419 2193 2461 cum
2256 2396 2622 2461 intentione

313 2498 383 2558 ut
427 2494 742 2558 retineret
786 2514 1052 2557 uxorem
1097 2514 1310 2575 suam,
1364 2492 1460 2557 uti
1512 2497 1805 2577 receptor
1860 2494 1916 2558 ei
1971 2493 2368 2579 permiserat.
2463 2492 2624 2558 Erat

312 2591 602 2674 profecto
649 2611 827 2655 casus
875 2589 1057 2654 valde
1100 2590 1462 2673 perplexus.

489 2722 594 2787 48.
651 2721 749 2784 Ex
809 2720 908 2784 his
966 2722 1262 2784 omnibus
1309 2720 1509 2804 igitur
1560 2722 1916 2806 colligitur,
1974 2744 2195 2787 revera
2249 2722 2625 2805 gravissima

312 2820 515 2885 fuisse
579 2819 820 2883 motiva
888 2818 968 2881 ad
1037 2815 1340 2882 Ordinem
1410 2817 1659 2901 Templi
1737 2820 2281 2902 supprimendum.
2403 2816 2626 2882 Caete-

314 2939 451 2980 rum
526 2914 1164 2979 animadvertendum
1230 2918 1360 2993 est,
1424 2916 1561 2997 jam
1633 2915 2160 2999 praecedentibus
2228 2915 2625 2999 temporibus

313 3012 460 3077 huic
505 3010 713 3076 ordini
766 3033 896 3075 non
951 3033 1153 3094 pauca
1206 3011 1461 3095 objecta
1517 3011 1733 3076 fuisse.
1824 3011 1971 3076 Jam
2019 3011 2305 3077 Joannes
2359 3011 2624 3095 presby-

311 3116 413 3174 ter
453 3107 963 3192 Herbipolensis,
1010 3109 1122 3191 qui
1169 3130 1224 3174 a.
1279 3110 1442 3172 1164
1492 3113 1733 3172 terram
1778 3113 2067 3173 sanctam
2114 3108 2432 3185 visitavit,
2491 3109 2625 3172 lau-

313 3205 425 3270 dat
488 3205 741 3289 quidem
806 3204 1314 3287 Templariorum
1379 3204 1827 3269 fortitudinem
1896 3211 1962 3269 et
2027 3204 2486 3269 liberalitatem
2555 3204 2624 3267 in

313 3323 653 3387 pauperes,
716 3301 894 3365 addit
947 3322 1124 3365 vero:
1196 3300 1354 3381 „Sed
1416 3301 1511 3378 hi,
1576 3302 1791 3365 nescio
1847 3324 1975 3386 qno
2036 3302 2425 3376 infortuniO,
2488 3301 2623 3365 sive

317 3421 392 3463 ex
442 3399 631 3475 falso,
690 3398 823 3462 sive
878 3419 955 3461 ex
1009 3419 1158 3461 vero
1214 3397 1423 3481 quoad
1482 3400 1689 3462 famae
1740 3399 2121 3463 relationem
2179 3398 2421 3482 aspersi
2470 3402 2626 3461 sunt

316 3495 617 3580 perfidiae
673 3493 851 3575 dolo;
910 3494 1077 3577 quod
1134 3499 1356 3558 tamen
1410 3493 1757 3557 manifeste
1813 3496 2155 3578 probatum
2212 3500 2310 3558 est
2364 3514 2478 3578 per
2525 3494 2624 3557 fa-

317 3599 491 3657 ctum
560 3592 714 3656 illud
785 3588 952 3675 apud
1021 3588 1405 3654 Damascum
1473 3612 1614 3654 cum
1682 3612 1834 3675 rege
1903 3586 2333 3672 Conrado.“²)
2438 3590 2621 3654 Tem-

315 3690 666 3774 plariorum
731 3689 974 3753 scilicet
1028 3688 1188 3752 dolis
1248 3687 1689 3769 tribuebatur,
1754 3687 1925 3771 quod
1983 3711 2038 3752 a.
2100 3688 2267 3751 1149
2326 3688 2626 3752 Damasci

317 3785 562 3851 obsidio
622 3785 871 3849 felicem
932 3785 1174 3848 exitum
1232 3806 1365 3847 non
1421 3783 1738 3848 habuerit.
1798 3820 1886 3830 —
1946 3784 2328 3850 Praesertim
2376 3784 2624 3850 Guliel-

498 3995 537 4065 1>
575 3996 777 4050 Preces
817 4001 920 4050 etc.
960 3995 1002 4047 I.
1042 4011 1092 4062 p.
1131 3997 1250 4048 591.

495 4075 538 4140 2)
578 4074 792 4140 Tobler,
830 4073 1245 4140 Descriptiones
1275 4074 1475 4128 Terrae
1505 4080 1747 4136 sanctae,
1784 4090 1834 4140 p.
1868 4076 1996 4141 1303
2034 4089 2125 4139 ap.
2153 4072 2342 4136 Prutz,
2376 4071 2624 4126 Geheim·

314 4155 468 4210 lehre
507 4155 603 4209 des
640 4152 1318 4220 Tempelherren·Ordens,
1354 4169 1405 4219 p.
1449 4156 1528 4206 15.
1567 4169 1618 4206 n.
1657 4159 1704 4206 2.

2675 2731 2912 2784 Templarii

2656 2792 2748 2844 jam
2776 2791 2938 2835 dudum

2696 2854 2901 2906 suspecti.
