3281 5014
384 2729 630 2799 Descriptio

683 439 789 489 466
1073 435 1357 488 ·XXXVI.
1394 434 1475 489 De
1514 439 1668 488 statu
1704 433 1986 488 Ecclesiae
2023 432 2186 487 initio
2225 449 2364 488 saec.
2405 433 2554 487 XVI.

687 578 940 652 sertim,
1002 576 1261 660 egregie
1307 576 1713 651 colebantur,
1775 575 1885 641 sed
1941 597 2073 639 non
2126 577 2282 640 satis
2327 576 2651 660 provisum
2699 579 2866 654 erat,
2920 582 2994 638 ut

683 673 1028 736 virtutibus
1086 672 1301 738 clerici
1356 672 1817 738 imbuerentur.
1911 672 2134 737 Plures
2189 673 2380 736 etiam
2437 673 2508 736 in
2565 671 2752 736 Olero
2808 692 2994 755 supe-

684 768 837 833 riori
884 768 1192 833 leviorum
1242 773 1429 832 erant
1475 789 1753 846 morum,
1802 789 2128 853 quumque
2175 769 2290 855 filii
2335 769 2646 857 nobilium
2691 769 2993 832 secundo-

682 865 890 950 geniti
951 887 1140 949 saepe
1198 866 1421 950 statui.
1459 865 1888 943 ecclesiastico
1945 864 2457 941 destinarentur,
2521 869 2596 928 ut
2658 864 2737 929 ad
2787 864 2992 947 digni·

681 966 849 1026 tates
930 963 1205 1046 majores
1283 963 1732 1045 pervenirent,
1819 964 2112 1048 quamvis
2188 962 2434 1026 vocatio
2509 984 2640 1026 non
2726 961 2993 1049 adesset,

680 1060 923 1123 factum
994 1065 1122 1135 est,
1193 1063 1268 1122 ut
1328 1058 1690 1123 liberiorem
1750 1082 1938 1143 saepe
2000 1059 2306 1124 ducerent
2368 1059 2599 1134 vitam,
2668 1057 2992 1122 habitum-

681 1178 806 1240 que
874 1155 1374 1220 ecclesiasticum
1444 1177 1578 1219 non
1643 1156 1988 1221 deferrent.
2057 1192 2145 1200 —
2211 1155 2418 1220 Simili
2482 1156 2735 1219 ratione
2799 1155 2992 1218 etiam

679 1254 750 1316 in
809 1250 1159 1316 Ordinibus
1218 1251 1562 1335 religiosis,
1621 1254 1726 1317 vel
1785 1254 1855 1317 in
1915 1252 2107 1316 variis
2167 1252 2602 1328 monasteriis,
2662 1253 2834 1316 vitae
2896 1272 2992 1316 se-

678 1349 943 1412 verioris
1003 1348 1318 1413 relaxatio
1381 1348 1551 1431 apud
1608 1350 1824 1432 plures
1884 1350 2372 1431 inveniebatur,
2432 1370 2550 1413 nec
2612 1371 2832 1413 omnes
2887 1369 2990 1410 ve·

679 1467 818 1508 ram
876 1445 1279 1509 vocationem
1339 1445 1705 1528 religiosam
1766 1445 2110 1510 habebant.
2211 1446 2446 1510 Postea
2506 1449 2643 1509 tum
2707 1445 2804 1508 illi
2864 1445 2990 1508 cle-

677 1543 792 1606 rici
852 1541 1027 1605 vitae
1084 1542 1400 1605 liberioris
1463 1548 1603 1606 tum
1666 1543 1981 1626 ejusmodi
2046 1543 2329 1626 religiosi
2388 1541 2990 1626 pseudo-reforma·

676 1639 927 1702 toribus
990 1637 1438 1702 adhaeserunt.
1499 1675 1579 1683 —
1653 1638 1907 1703 Morum
1971 1644 2184 1703 autem
2248 1640 2473 1703 levitas
2534 1642 2600 1702 et
2661 1637 2991 1702 dissolutio

680 1735 957 1799 maxima
1022 1738 1160 1798 erat-
1224 1735 1392 1818 apud
1462 1737 1689 1822 laj‘QS,
1761 1743 1899 1800 tum
1969 1737 2289 1819 principes
2356 1758 2428 1799 ac
2496 1734 2775 1812 nobjles,
2852 1738 2985 1798 tum

677 1832 991 1914 plebejos,
1059 1831 1153 1894 ita
1224 1837 1299 1895 ut
1366 1833 1620 1916 plurimi
1686 1835 1866 1917 parvi
1934 1833 2287 1916 penderent
2356 1831 2795 1914 voluptatibus
2864 1830 2991 1893 illi-

674 1926 820 1992 citis
897 1950 967 1992 se
1050 1928 1470 1993 committere.
1601 1930 1905 2005 Quamvis
1981 1929 2401 1992 nihilominus
2485 1929 2772 2011 plerique
2846 1926 2991 1990 reli·

673 2025 852 2109 gioni
908 2024 1261 2088 catholicae
1320 2025 1555 2089 addicti
1602 2031 1854 2102 essent,
1920 2047 2107 2088 verus
2166 2031 2384 2089 tamen
2438 2025 2605 2109 apud
2655 2045 2783 2088 non
2835 2046 2989 2107 pau-

676 2142 781 2185 cos
840 2120 1061 2184 deerat
1118 2120 1451 2205 religionis
1514 2122 1762 2200 fervor,
1828 2144 1901 2186 ac
1942 2119 2145 2205 {facile
2205 2122 2370 2186 tales
2430 2120 2721 2185 homines
2776 2120 2988 2185 seduci

676 2220 995 2300 poterant.
1086 2216 1222 2281 Ista
1266 2239 1518 2282 morum
1564 2219 1880 2283 relaxatio
1936 2240 2014 2282 ex
2062 2218 2479 2301 scriptoribus
2526 2217 2784 2281 illorum
2828 2221 2991 2280 tem·

675 2334 901 2396 porum
965 2313 1238 2395 relucet,
1297 2336 1355 2377 v.
1404 2335 1465 2397 g.
1530 2336 1607 2380 ex
1675 2315 1962 2398 epistolis
2024 2315 2279 2379 Aeneae
2333 2313 2555 2398 Sylvii.
2651 2311 2745 2377 Ut
2800 2334 2987 2396 quae-

671 2409 816 2473 dam
883 2411 1110 2474 saltem
1181 2410 1478 2487 citemuS,
1548 2416 1977 2494 opportunum
2037 2414 2162 2476 erit
2221 2411 2462 2477 referre
2522 2409 2673 2494 quid
2734 2409 2803 2473 in
2858 2406 2989 2471 De-

674 2504 1025 2589 scriptione
1086 2503 1273 2570 urbis
1335 2504 1717 2573 Viennensis
1781 2509 1911 2592 (ep.
1976 2507 2127 2589 165)
2200 2507 2277 2573 de
2347 2507 2574 2573 incolis
2645 2527 2989 2589 eorumque

675 2605 959 2669 moribus
1005 2604 1191 2667 dicat.

855 2701 954 2765 78.
1032 2699 1384 2785 Postquam
1464 2701 1796 2785 descripsit
1870 2702 2273 2786 splendorem
2347 2700 2805 2781 aedificiorum,
2878 2698 3021 2761 do·

484 2802 604 2831 mm·
676 2821 896 2864 muum
944 2819 1018 2862 ac
1063 2798 1449 2881 templorum
1509 2799 1823 2881 civitatis,
1882 2821 2047 2883 quae
2099 2804 2237 2863 tum
2291 2799 2463 2862 ultra
2515 2796 2989 2881 quinquaginta

676 2895 878 2960 millia
935 2894 1285 2958 incolarum
1334 2893 1646 2970 habebat,
1695 2896 1813 2959 ait:
1883 2893 2292 2974 „Sacerdotes
2350 2893 2754 2957 abundantes
2805 2891 2990 2957 bonis

676 2990 985 3075 pluribus.
1038 3038 1052 3052 .
1103 3040 1115 3054 .
1170 3039 1185 3054 .
1232 2990 1523 3066 Quatuor
1570 2990 1845 3056 Ordines
1891 2992 2397 3056 mendicantium
2454 2990 2675 3073 procul
2723 3011 2761 3052 a
2808 3010 2988 3053 men-

674 3087 936 3151 dicitate
1000 3086 1092 3150 ibi
1158 3087 1416 3151 absunt.
1527 3086 1702 3153 Scoti
1771 3086 2228 3170 (Benedictini)
2295 3092 2361 3151 et
2424 3085 2734 3151 Canonici
2796 3107 2987 3169 regu-

675 3185 839 3247 lares
915 3181 979 3247 S.
1059 3181 1413 3268 Augustini
1490 3184 1831 3250 admodum
1900 3185 2130 3249 divites
2205 3184 2531 3248 habentur
2549 3234 2567 3267 ,
2644 3182 2988 3249 moniales-

674 3300 796 3364 que
864 3300 1080 3343 sacrae
1154 3284 1220 3344 et
1286 3286 1550 3345 sanctae
1622 3282 1923 3366 virgines.
2044 3281 2136 3345 Ibi
2209 3302 2458 3364 quoque
2524 3279 2987 3345 monasterium

674 3380 772 3439 est
838 3375 918 3440 ad
986 3381 1280 3441 sanctum
1348 3376 1820 3461 Hieronymum
1890 3382 2370 3460 nuncupatum,
2441 3378 2511 3443 in
2584 3399 2711 3462 quo
2786 3397 2989 3441 mere-

674 3473 867 3538 trices
912 3494 1256 3538 conversae
1310 3475 1741 3558 recipiuntur,
1796 3495 1959 3559 quae
2013 3474 2116 3538 die
2170 3496 2243 3538 ac
2288 3479 2478 3539 nocte
2532 3473 2809 3557 hymnos
2865 3474 2985 3538 lin·

672 3589 802 3654 gua
862 3569 1237 3635 theutonica
1296 3571 1678 3636 decantant:
1740 3593 2015 3655 quarum
2077 3572 2131 3635 si
2186 3593 2315 3655 qua
2370 3570 2576 3635 redire
2634 3570 2713 3633 ad
2774 3591 2989 3654 pecca-

672 3670 812 3730 tum
889 3666 1284 3750 deprehensa
1361 3667 1591 3745 fuerit,
1666 3668 1737 3730 in
1812 3667 2187 3733 Danubium
2255 3667 2732 3752 praecipitatur.
2859 3662 2988 3732 Sed

663 3767 882 3848 agunt
943 3763 1034 3827 ibi
1096 3762 1390 3847 pudicam
1457 3768 1522 3828 et
1586 3768 1880 3829 sanctam
1941 3765 2170 3841 vitam;
2234 3786 2418 3829 rarus
2478 3763 2557 3828 de
2624 3763 2722 3827 his
2782 3784 2988 3834 sermo

675 3860 880 3924 malus
940 3859 1212 3925 auditur.
1276 3910 1288 3923 .
1350 3907 1363 3920 .
1427 3909 1442 3924 .
1511 3858 1859 3926 Studentes
1917 3857 2427 3945 (Universitatis)
2490 3861 2613 3945 ipsi
2672 3859 2986 3943 voluptati

674 3976 929 4040 operam
985 3957 1298 4040 praebent
1355 3957 1488 4022 vini
1539 3958 1792 4043 cibique
1847 3958 2035 4024 avidi.
2141 3957 2336 4023 Pauci
2395 3960 2736 4042 emergunt
2794 3956 2987 4033 docti,

674 4072 886 4135 neque
948 4053 1069 4117 sub
1133 4074 1401 4118 censura
1469 4058 1811 4134 tenentur,
1881 4055 1982 4119 die
2044 4059 2372 4139 noctuque
2438 4058 2786 4139 vagantur,
2856 4075 2989 4118 ma-

673 4168 960 4232 gnasque
1005 4149 1249 4215 civibus
1296 4149 1623 4215 molestias
1670 4150 1983 4216 inferunt.
2090 4150 2192 4215 Ad
2236 4150 2393 4215 haec
2448 4150 2785 4215 mulierum
2839 4171 2988 4233 pro·
