3281 5014
1180 425 1261 478 De
1300 424 1804 480 Reservationibus
2547 425 2650 476 217

327 562 934 630 administrationis
985 564 1249 648 papalis
1295 569 1661 649 potuerunt
1715 569 2088 648 competere,
2151 564 2261 629 sed
2314 563 2512 629 etiam
2571 584 2651 628 ex

328 659 602 744 speciali
647 680 873 743 causa,
931 660 1187 728 ratione
1233 661 1545 728 materiae
1590 660 1942 750 subjectae,
2001 665 2220 745 utpote
2279 660 2434 743 quia
2481 659 2647 743 infe-

328 756 544 822 riores
602 755 676 822 in
735 757 875 823 suis
926 757 1339 824 electionibus
1400 762 1460 822 et
1512 757 1844 824 ordinarii
1899 757 2231 823 eolla-tores
2286 757 2359 822 in
2425 756 2648 837 benefi-

328 853 585 919 ciorum
632 851 1083 919 collationibus
1138 854 1603 933 abutebantur,
1661 860 1721 919 et
1766 875 1893 937 per
1936 853 2300 938 potentiam
2356 852 2649 919 laicalem

327 970 521 1033 saepe
566 950 727 1034 jure
782 970 899 1015 suo
946 971 1078 1016 non
1134 950 1327 1017 libere
1379 950 1483 1016 uti
1530 950 2111 1035 permittebantur,
2167 970 2282 1016 seu
2336 947 2474 1015 alia
2528 948 2648 1014 ali-

329 1066 467 1130 qua
512 1045 780 1130 speciali
822 1047 1093 1112 ratione.
1104 1046 1155 1131 1)

514 1198 617 1263 73.
676 1196 1060 1263 Annatae.
1124 1235 1213 1244 —-
1272 1197 1699 1262 Annatarum
1755 1198 2015 1263 nomine
2066 1199 2338 1263 veniunt
2399 1199 2659 1283 fructus¹

327 1316 444 1359 seu
505 1294 792 1359 redditus
852 1295 1039 1359 unius
1099 1296 1253 1359 anni
1307 1273 1761 1359 beneficiorum
1821 1295 2420 1372 ecclesiasticorum,
2488 1297 2675 1379 quos

332 1392 540 1478 exigit
597 1391 968 1475 Apostolica
1007 1389 1235 1457 SedeS.
1336 1387 1612 1456 Fructus
1676 1392 1770 1455 illi
1827 1383 2371 1475 computabantur
2428 1413 2646 1456 secun·

326 1487 479 1550 dum
531 1487 1040 1553 aestimationem
1101 1488 1527 1572 probabilem,
1586 1495 1653 1551 et
1697 1491 1790 1552 ita
1833 1492 1989 1553 taxa
2044 1487 2359 1572 quaedam
2405 1493 2651 1552 statue·-

333 1584 523 1648 batur
583 1585 914 1663 solvenda,
982 1586 1237 1669 quando
1301 1587 1702 1669 episcopatus
1765 1585 1865 1649 vel
1930 1584 2193 1648 abbatia
2252 1585 2441 1649 alicui
2496 1605 2648 1649 con-

334 1680 678 1745 ferebatur.
786 1682 914 1746 Pro
976 1682 1336 1747 minoribus
1406 1682 1730 1746 beneficiis
1794 1686 2076 1745 annatae
2140 1684 2400 1745 tantum
2465 1681 2650 1745 dimi-

325 1775 503 1839 diam
550 1782 798 1859 partem
846 1778 1174 1843 fructuum
1218 1779 1406 1844 unius
1454 1778 1611 1842 anni
1657 1777 2158 1843 constituebant.
2253 1777 2650 1843 Existimant

334 1872 522 1938 multi
585 1876 705 1938 viri
771 1875 1036 1957 eruditi,
1096 1882 1372 1940 annatas
1439 1875 1639 1939 fuisse
1703 1875 2002 1939 inductas
2068 1875 2357 1958 exemplo
2415 1875 2649 1939 veteris

329 1968 558 2054 Legis,
629 1971 698 2034 in
765 1993 891 2055 qua
954 1972 1189 2037 levitae
1256 1994 1503 2037 summo
1567 1971 1883 2035 sacerdoti
1947 1972 2195 2035 solvere
2250 1970 2661 2057 jubebantur

326 2066 609 2131 decimas
677 2066 1062 2132 decimarum
1127 2067 1350 2152 (Num.
1419 2090 1472 2134 c.
1541 2065 1761 2152 XIII).
1875 2065 2032 2132 Cum
2101 2068 2273 2131 enim
2342 2068 2412 2132 in
2482 2088 2651 2133 nova

331 2162 508 2247 Lege
557 2162 891 2228 Romanus
933 2164 1235 2230 Pontifex
1281 2166 1368 2230 sit
1414 2186 1700 2229 summus
1747 2163 2068 2246 sacerdOS,
2120 2186 2396 2250 aequum
2442 2165 2648 2228 visum

327 2265 459 2336 est,
530 2265 605 2323 ut
668 2282 748 2324 ex
816 2261 1249 2345 episcoporum
1324 2265 1389 2326 et
1456 2262 1860 2325 sacerdotum
1934 2261 2192 2326 decimis
2260 2284 2371 2326 seu
2439 2261 2648 2325 reddi-

325 2356 502 2420 tibus
566 2362 815 2440 partem
877 2358 1156 2442 aliquam
1223 2358 1357 2442 ipse
1422 2358 1740 2440 acciperet
1802 2357 1996 2450 titulo
2054 2356 2332 2422 subsidii
2392 2358 2513 2422 sibi
2579 2359 2647 2422 in

327 2453 574 2518 multos
643 2454 806 2519 fines
871 2455 1238 2519 necessarii.
1351 2454 1570 2521 Antea
1638 2476 1790 2520 vero
1859 2476 2052 2540 quam
2128 2454 2402 2521 Romani
2480 2455 2646 2520 Pon-

324 2551 533 2614 tifices
595 2551 909 2635 ejusmodi
964 2558 1240 2617 annatas
1296 2553 1742 2636 postularunt,
1796 2554 1931 2636 jam
1991 2574 2119 2617 non
2177 2575 2322 2617 raro
2376 2553 2644 2617 abbates

325 2649 401 2710 in
455 2647 844 2730 prioratibus
902 2654 966 2713 et
1023 2649 1406 2713 obedientiis
1461 2650 1559 2712 sui
1605 2650 1806 2733 juriS,
1873 2656 1939 2714 et
1999 2650 2270 2733 episcopi
2329 2651 2399 2714 in
2456 2672 2646 2734 paro-

324 2743 490 2808 chiis
533 2749 599 2807 et
631 2743 956 2809 beneficiis
987 2768 1243 2810 suarum
1290 2747 1673 2812 dioecesium
1714 2751 1989 2810 annatas
2038 2747 2404 2831 exigebant.
2477 2745 2646 2811 Con·

325 2841 603 2905 suetudo
668 2845 889 2906 tamen
961 2841 1200 2907 Romae
1274 2842 1621 2922 existebat,
1691 2847 1762 2907 ut
1831 2844 1937 2926 qui
2009 2843 2238 2907 ibidem
2312 2857 2665 2908 consecra*

330 2944 560 3002 rentur
622 2938 897 3023 episcopi
953 2939 1056 3003 vel
1114 2939 1377 3004 abbates
1438 2944 1680 3004 certam
1742 2939 2049 3022 pecuniae
2107 2962 2450 3019 summam,
2512 2962 2644 3005 non

324 3034 588 3118 quidem
634 3056 749 3117 pro
795 3057 1058 3100 munere
1106 3036 1632 3116 consecrationis,
1678 3036 1789 3100 sed
1836 3037 2097 3100 nomine
2143 3037 2469 3102 honorarii
2516 3038 2667 3104 sol-‘

328 3126 635 3211 verent.²)
734 3130 949 3197 Facile
1011 3136 1221 3216 patet,
1287 3134 1352 3197 in
1415 3133 1677 3197 annatis
1735 3132 2142 3215 imponendis
2209 3138 2275 3197 et
2330 3133 2643 3217 recipien-

322 3227 424 3291 dis
492 3227 736 3291 nullam
798 3227 1020 3292 haberi
1085 3229 1445 3295 simoniam.
1563 3229 1919 3293 Solvuntur
1991 3230 2161 3293 enim
2233 3231 2429 3295 titulo
2497 3230 2642 3297 sub·

324 3322 523 3402 sidii;
579 3346 848 3408 aequum
898 3330 1115 3389 autem
1163 3327 1355 3408 plane
1403 3331 1469 3390 et
1506 3328 1761 3410 justum
1810 3329 1922 3402 est,
1971 3348 2087 3409 pro
2136 3326 2458 3391 Ecclesiae
2503 3330 2642 3392 uni·

327 3421 595 3486 versalis
674 3422 1168 3487 necessitatibus
1245 3421 1539 3487 Romano
1609 3422 1911 3487 Pontifici
1980 3423 2262 3488 subsidia
2339 3424 2420 3487 ab
2501 3426 2641 3490 aliis

323 3517 606 3582 ecclesiis
676 3518 967 3582 conferri.
1086 3517 1478 3600 Nullatenus
1554 3541 1709 3585 sane
1787 3527 1861 3582 ut
1927 3521 2205 3603 pretium
2282 3521 2643 3585 collationis

333 3614 783 3678 beneficiorum
848 3614 1157 3697 ejusmodi
1215 3615 1485 3699 pecunia
1539 3616 1838 3699 solvitur,
1898 3617 2005 3681 sed
2063 3616 2387 3680 habentur
2442 3639 2643 3681 anna-

324 3718 433 3774 tae
485 3714 561 3773 ut
618 3704 815 3775 onera
868 3710 1197 3776 beneficiis
1254 3711 1692 3792 inhaerentia,
1750 3735 1915 3797 quae
1973 3714 2301 3778 occasione
2356 3714 2639 3780 collatio-

325 3808 428 3870 nis
477 3808 544 3870 in
592 3806 944 3880 subsidium
992 3807 1314 3872 Ecclesiae
1360 3808 1663 3873 Pontifici
1709 3817 1864 3874 sunt
1911 3806 2293 3884 solvenda.3)

511 3998 549 4068 ¹)
588 4000 672 4053 De
711 3998 1043 4054 auctoritate
1081 3999 1230 4054 Eccl.
1270 4005 1326 4054 et
1362 4000 1515 4055 Rom.
1555 4000 1717 4055 Pont.
1757 4001 1818 4054 P.
1858 4001 1930 4054 II.
1975 4000 2032 4055 C.
2071 4001 2115 4054 I.

505 4077 549 4145 ²)
588 4077 696 4132 Cfr.
734 4077 934 4132 Natal.·
956 4079 1115 4132 Alex.
1155 4078 1301 4134 Hist.
1340 4079 1487 4134 Eccl.
1525 4078 1675 4133 Diss.
1723 4079 1822 4132 IX.
1859 4080 1917 4132 in
1954 4096 2093 4134 saec.
2131 4079 2451 4134 XV--XVL

508 4156 550 4224 ⁸)
590 4157 697 4211 cfr.
729 4157 1160 4212 Antifebronius.
1199 4158 1498 4213 Febronius
1538 4159 1891 4213 abbreviatus
1931 4167 2034 4214 etc.
2075 4159 2136 4212 T.
2174 4160 2268 4213 IV.
2309 4177 2360 4227 p.
2394 4162 2495 4213 120
2524 4176 2640 4227 sqq.

2713 1191 2924 1249 Amatae.
