3281 5014
1093 435 1171 489 De
1208 435 1659 490 condemnatione
1697 437 1901 490 Hussii.
2458 476 2459 479 η
2543 439 2647 491 327

339 575 789 649 Constantiam
837 598 905 640 se
952 577 1292 641 conferret.
1385 575 1509 641 Sed
1561 578 1698 660 ipse
1753 579 2204 643 invitationem
2252 577 2759 666 Sigismundixtqr
2785 594 2838 635 aa
2870 593 2977 636 eon-

338 672 517 757 sequi
566 673 931 748 constituit,
990 679 1058 736 et
1100 672 1344 757 Pragae
1393 696 1539 738 mox
1585 675 1985 740 documentis
2033 676 2389 759 parietibus
2436 676 2646 739 affixis
2701 657 2773 698 ⁰¹¹·
2800 654 2948 697 ‘3⁰⁰⁸‘

339 770 722 854 publicavit,
799 791 867 832 se
934 771 1174 833 iturum
1248 792 1386 835 esse
1455 770 1936 854 Constantiam,
2011 776 2084 836 ut
2150 772 2297 837 fidei
2366 793 2521 836 suae
2587 777 2653 836 et

339 868 475 949 spei
529 866 822 930 redderet
883 867 1201 930 rationem
1264 872 1328 931 et
1384 867 1822 932 innocentiam
1886 890 2067 932 suam
2130 868 2526 951 ostenderet3
2584 889 2652 932 se

340 968 633 1046 paratum
700 985 866 1043 esse,
934 964 986 1026 si
1048 965 1117 1026 in
1182 963 1468 1028 Concilio
1528 986 1674 1028 reus
1735 965 2140 1029 inveniretur
2197 964 2507 1046 haeresis»,
2579 970 2654 1028 ut

340 1065 654 1144 tanquam
710 1059 1065 1124 haereticus
1127 1065 1475 1144 pateretur.
1569 1061 1987 1126 Adversarios
2046 1062 2283 1126 ibidem
2339 1084 2485 1126 eum
2539 1063 2652 1126 im.-

343 1178 631 1239 pugnare
679 1178 888 1240 posse,
946 1156 1056 1220 sed
1103 1163 1361 1240 paratos
1405 1180 1540 1223 esse
1579 1159 1839 1235 debere,
1897 1163 2006 1241 ut,
2053 1159 2107 1223 si
2153 1160 2654 1239 succumberent,

344 1274 615 1336 poenam
664 1254 926 1318 talionis
968 1255 1389 1319 sustinerent.
1447 1289 1531 1300 --
1585 1255 1764 1320 Adeo
1814 1255 2093 1320 Hussius
2142 1278 2425 1320 errorum
2473 1261 2656 1320 tene·

345 1350 475 1412 bris
539 1351 913 1427 obcaecatus
985 1356 1155 1428 erat,
1225 1357 1295 1415 ut
1363 1373 1584 1416 revera
1652 1353 2083 1429 existimaret,
2156 1352 2656 1418 Constantiense

345 1445 720 1527 Concilium,
769 1452 991 1530 utpote
1037 1447 1354 1530 synodum
1400 1450 1927 1529 reformatricem,
1974 1449 2476 1532 approbaturum
2523 1472 2657 1516 esse

343 1565 491 1607 suas
562 1544 914 1627 doctrinas;
994 1549 1282 1608 attamen
1358 1567 1492 1609 non
1564 1548 1821 1629 penitus
1898 1548 2074 1610 omni
2143 1546 2374 1610 timore
2447 1549 2657 1612 exitus

345 1640 497 1703 mali
544 1641 790 1704 solutus
839 1645 995 1705 erat.
1088 1640 1344 1705 Etenim
1401 1642 1471 1710 in
1525 1642 1798 1726 epistola
1853 1643 1932 1706 ad
1975 1640 2460 1726 Sigismundum
2509 1643 2659 1707 data

345 1737 698 1820 promittit,
765 1758 835 1800 se
897 1738 1018 1802 sub
1078 1738 1282 1802 tutela
1342 1740 1500 1803 salvi
1566 1739 1918 1803 conductus
1979 1739 2176 1823 ipsius
2240 1739 2658 1805 Constantiae

346 1834 844 1918 compariturum
904 1856 1071 1912 esse,
1129 1857 1201 1899 ac
1257 1835 1452 1919 petit,
1509 1840 1583 1899 ut
1639 1836 1761 1918 ipsi
1809 1835 2191 1901 concedatur
2236 1856 2447 1900 coram
2495 1837 2658 1902 Con·

346 1931 492 1994 cilio
565 1931 813 2013 publice
881 1932 1072 1995 fidem
1133 1954 1314 1997 suam
1389 1933 1700 2017 profiteri.
1816 1933 2153 1998 Caeterum
2227 1954 2294 1997 se
2363 1943 2659 2018 paratum

351 2049 485 2092 esse
542 2049 657 2110 pro
704 2049 855 2091 vera
903 2027 1142 2093 Christi
1203 2030 1343 2113 lege
1390 2030 1582 2094 etiam
1645 2035 1915 2094 mortem
1962 2031 2300 2095 sustinere.
2394 2030 2472 2095 In
2529 2033 2659 2115 epi·
2748 2100 2751 2103 ,

345 2124 514 2187 stola
573 2146 700 2207 qua
765 2125 1072 2190 valedixit
1129 2127 1350 2197 ‚amicis
1416 2125 1787 2208 Bohemiae,
1849 2149 1918 2191 se
1980 2126 2453 2193 commendavit
2518 2151 2662 2193 ora·

343 2221 632 2285 ‘tionibus
695 2243 943 2297 eorum,
1013 2227 1086 2286 ut
1148 2224 1203 2286 si
1267 2229 1594 2306 oporteret
1653 2224 1792 2287 sine
1856 2224 2084 2291 timore
2145 2232 2409 2289 mortem
2468 2226 2660 2290 susti-

348 2324 523 2381 neat.
627 2317 928 2382 Jactatur
986 2319 1053 2383 in
1110 2319 1360 2397 eadem,
1422 2342 1487 2389 se
1546 2318 1688 2384 sine
1744 2319 1921 2387 salvo
1979 2320 2296 2386 conductu
2354 2322 2661 2405 proficisci

349 2414 428 2477 ad
476 2415 869 2479 adversarios
922 2437 1190 2480 numero
1250 2418 1584 2498 plurimos;
1638 2416 1703 2479 id
1752 2423 1968 2482 tamen
2017 2418 2250 2481 falsum
2300 2423 2459 2483 erat.
2552 2417 2661 2481 Et-

352 2513 522 2576 enim
573 2516 712 2597 jam
774 2512 1222 2598 Sigismundus
1276 2513 1716 2579 destinaverat
1773 2515 1988 2598 plures
2043 2516 2307 2585 nobiles
2350 2517 2461 2600 qui
2517 2538 2661 2579 eum

352 2615 795 2694 protegerent,
871 2618 936 2674 et
995 2609 1249 2675 litteras
1309 2612 1472 2676 salvi
1539 2611 1893 2676 conductus
1958 2634 2104 2680 mox
2169 2613 2360 2677 etiam
2426 2612 2664 2676 adven-

350 2712 530 2770 tnras
576 2729 711 2771 esse
758 2709 1250 2792 significaverat.

530 2804 632 2867 51.
671 2803 1007 2869 Nobilibus
1039 2806 1190 2869 viris
1222 2811 1289 2870 et
1316 2807 1538 2870 amicis
1571 2806 1849 2888 stipatus
1881 2804 2154 2869 Hussius
2187 2805 2288 2869 die
2326 2802 2436 2874 11⁰
2469 2804 2662 2869 Octo-

353 2899 486 2962 bris
553 2901 766 2985 Praga
835 2903 1189 2984 profectuS,
1260 2903 1708 2975 Constantiam
1776 2903 2025 2987 appulit
2090 2902 2192 2966 die
2259 2901 2330 2966 3⁰
2390 2900 2665 2966 Novem-

355 2996 483 3060 bris
546 3019 719 3062 anno
787 3000 973 3064 1414.
1084 3000 1217 3065 Iter
1276 3000 1519 3064 faciens
1583 2998 2047 3084 Norimbergae
2112 3004 2178 3064 et
2241 3001 2311 3064 in
2376 2999 2516 3062 aliis
2584 3000 2667 3066 ci-

353 3094 694 3171 vitatibuS,
754 3118 914 3179 quas
974 3098 1378 3180 pertransiit,
1438 3098 1947 3161 contestationes
2009 3096 2239 3172 edidit,
2306 3096 2372 3160 in
2436 3095 2667 3179 quibus

352 3192 707 3274 asserebat,
772 3216 837 3257 se
904 3193 1349 3268 Constantiam
1418 3190 1730 3277 proficisci
1798 3199 1874 3258 ut
1941 3194 2127 3259 fidem
2196 3215 2376 3258 suam
2448 3192 2664 3256 defen-

354 3288 564 3364 deret3
622 3289 1013 3356 adversarios
1062 3313 1209 3355 vero
1254 3290 1670 3374 provocabat,
1727 3294 1802 3353 ut
1859 3311 1933 3353 eo
1980 3290 2172 3354 etiam
2229 3298 2668 3373 properarent,

354 3407 422 3449 se
491 3386 691 3450 cuivis
761 3387 837 3451 de
907 3385 1030 3451 fide
1097 3410 1214 3452 sua
1282 3387 1602 3451 rationem
1674 3385 2073 3450 redditurum
2143 3408 2302 3451 esse.
2360 3422 2447 3431 —
2504 3386 2665 3449 Con·

353 3484 636 3547 stantiae
704 3484 772 3546 in
843 3485 1030 3548 domo
1091 3486 1342 3568 privata
1408 3489 1698 3548 moratus
1762 3487 1889 3559 est;
1967 3505 2040 3547 ac
2096 3483 2196 3552 die
2264 3483 2332 3546 50
2393 3481 2667 3547 Novem-

355 3579 486 3644 bris
561 3581 631 3643 in
708 3603 935 3645 manus
1013 3584 1150 3666 ejus
1228 3582 1419 3645 etiam
1495 3580 1753 3644 litterae
1817 3581 1976 3644 salvi
2049 3580 2403 3644 conductus
2468 3576 2667 3663 Sigis-

356 3676 578 3740 mundi
625 3684 1071 3760 pervenerunt.
1162 3678 1367 3755 Quum
1417 3699 1567 3742 vero
1620 3678 1902 3760 turpiter
1946 3678 2255 3742 violatum
2304 3695 2438 3739 esse
2486 3676 2666 3739 illum

355 3773 602 3837 salvum
674 3777 1059 3840 conductum
1124 3775 1340 3840 hostes
1412 3774 1735 3839 Ecclesiae
1799 3774 2368 3854 conclamaverint,
2443 3794 2667 3856 oppor-

357 3877 588 3934 tunum
639 3873 780 3948 erit,
828 3877 1075 3936 textum
1124 3872 1332 3955 ipsum
1379 3872 1579 3936 oculis
1626 3871 1920 3955 objicere.
1994 3870 2154 3935 Erat
2201 3871 2402 3954 igitur
2447 3869 2670 3954 hujus·

358 3966 527 4032 modi
576 3971 852 4033 tenoris:

533 4062 1027 4147 Siyismtmdm,
1090 4066 1219 4130 Dei
1262 4065 1487 4149 qratia
1533 4065 1986 4129 Romanorum
2032 4084 2177 4143 rex,
2234 4083 2483 4149 semper
2530 4065 2665 4126 Au·
2706 4077 2863 4119 Salvus
2894 4090 2990 4119 oon-

352 4167 589 4244 θυείας
646 4171 794 4235 etc..
865 4164 1190 4229 universis
1254 4167 1314 4226 et
1379 4162 1660 4246 sinyulis
1716 4160 2160 4244 principibu-5,
2228 4158 2669 4224 ecclesiasticis
2701 4227 2715 4240 ⁶
2765 4140 2933 4182 dmm
