3281 5014
662 438 768 490 208
1081 435 1314 489 XXXII.
1352 435 1435 489 De
1474 434 1832 490 Pontificibus
1871 435 2156 493 Avenione
2192 437 2555 493 commoratis.

661 579 871 656 Quum
929 577 1148 641 nuntii
1204 575 1509 641 Ludovici
1561 579 1952 644 necessarias
2005 579 2352 645 facultates
2408 579 2489 644 ad
2546 600 2767 644 omnes
2824 601 2976 643 con-

661 675 934 740 ditiones
996 673 1313 739 ineundas
1369 672 1540 737 haud
1587 671 1934 753 haberent,
1993 696 2215 740 mense
2264 675 2531 741 Octobri
2579 698 2637 740 a.
2693 676 2858 739 1335
2904 676 2974 740 in

664 771 1078 838 Germaniam
1133 769 1488 846 redierunt,
1543 791 1766 835 versus
1816 770 2376 856 Quadragesimam
2434 795 2492 835 a.
2544 773 2713 836 1336
2766 794 2976 837 rever·

660 870 793 934 suri
846 868 928 934 ad
983 889 1117 932 rem
1173 865 1698 950 componendam.
1791 864 1919 931 Sed
1971 868 2164 933 etiam
2225 876 2380 933 tunc
2425 891 2595 933 nova
2640 869 2976 933 obstacula

662 974 807 1033 orta
862 972 1049 1042 sunt,
1109 963 1448 1049 praecipue
1492 984 1570 1026 ex
1618 985 1727 1048 eo,
1789 963 1962 1048 quod
2019 987 2237 1029 rumor
2287 965 2778 1049 percrebuisset,
2840 963 2973 1029 Lu-

662 1063 955 1130 dovicum
1022 1083 1165 1126 cum
1228 1059 1526 1125 Eduardo
1587 1060 1807 1144 Anglo
1875 1063 2153 1126 tractare
2222 1061 2299 1126 de
2369 1061 2621 1127 foedere
2689 1060 2976 1126 ineundo

661 1166 886 1228 contra
929 1159 1294 1242 Philippum
1328 1152 1572 1239 Vlsty
1594 1154 1916 1222 Rumores
1973 1161 2192 1222 tamen
2252 1159 2358 1223 isti
2404 1181 2537 1223 non
2593 1159 2785 1243 plane
2831 1159 2974 1223 fun-

660 1260 793 1325 dati
857 1258 1056 1322 fuisse
1117 1253 1437 1318 videntur.
1544 1250 1774 1318 Altero
1839 1275 2011 1319 anno
2070 1255 2236 1319 1337
2301 1256 2534 1320 iterum
2594 1261 2809 1321 actum
2877 1260 2977 1320 est

661 1359 738 1423 de
793 1351 1314 1420 reconciliatione
1361 1347 1681 1414 Ludovici.
1783 1350 1990 1427 Quum
2042 1348 2381 1436 Philippus
2439 1352 2733 1437 precibus
2788 1374 2974 1417 vexa·

660 1460 759 1520 ret
823 1448 1198 1516 Pontificem
1264 1466 1344 1509 ne
1403 1443 1726 1509 Bavarum
1786 1447 1910 1511 sibi
1970 1452 2330 1531 suspectum
2395 1450 2464 1514 in
2526 1449 2803 1534 gratiam
2866 1449 2972 1514 ad·

657 1552 976 1625 mitteret,
1031 1541 1423 1609 Benedictus
1474 1542 1748 1625 epistola
1805 1544 1955 1609 data
2007 1543 2094 1608 Π.
2154 1543 2323 1609 Non.
2369 1545 2573 1629 April.
2633 1546 2802 1630 regis
2856 1568 2974 1630 po·
3076 1569 3083 1577 ·

657 1649 896 1713 stulata
940 1641 1212 1727 repulit,
1271 1660 1346 1703 ac
1399 1638 1538 1723 regi
1597 1660 1820 1704 causas
1881 1640 1964 1705 ob
2018 1662 2178 1726 quas
2236 1643 2625 1707 retardanda
2680 1663 2783 1707 res
2837 1664 2971 1707 non

657 1753 824 1810 esset
870 1732 1239 1825 exposuit.²)
1330 1730 1457 1799 Sed
1505 1734 1687 1799 brevi
1740 1742 1886 1820 post
1940 1736 2375 1822 interruptum
2434 1739 2563 1804 fuit
2616 1739 2972 1824 negotium,

655 1860 947 1924 novaque
1007 1855 1235 1901 causae
1291 1833 1661 1917 prorogatio
1719 1855 1922 1918 usque
1979 1833 2060 1898 ad
2115 1833 2432 1900 Calendas
2484 1834 2779 1900 Octobris
2837 1840 2973 1900 sta-

656 1942 820 2002 tuta.
930 1932 1287 1998 Obscurum
1352 1934 1482 2005 est,
1546 1929 1719 1993 unde
1780 1929 2194 1996 difficultates
2246 1933 2694 2016 provenerint3
2758 1944 2971 1997 aucto·
3036 1988 3043 1994 .

654 2059 754 2102 res
798 2029 1159 2119 generatim
1205 2026 1527 2103 referunt,
1575 2021 1995 2090 Benedictum
2047 2027 2312 2092 cessisse
2357 2028 2632 2092 influxui
2670 2028 2974 2112 Philippi,

657 2155 728 2198 ac
782 2133 1117 2216 propterea
1173 2123 1509 2188 nuntiasse
1563 2122 1796 2206 legatis
1852 2121 2191 2201 Ludovici,
2251 2124 2458 2208 ipsum
2516 2125 2761 2190 absolvi
2816 2148 2973 2189 non-

655 2229 805 2293 dum
851 2246 1064 2311 posse,
1120 2243 1193 2287 eo
1249 2219 1417 2305 quod
1471 2219 1946 2302 poenitentiam
1995 2217 2167 2284 haud
2214 2217 2595 2302 ostendat&
2678 2220 2970 2286 Comme·

653 2328 942 2391 moratur
986 2325 1203 2385 tamen
1246 2317 1318 2381 in
1364 2313 1599 2379 litteris
1629 2312 1969 2378 Benedicti
2015 2315 2096 2380 ad
2139 2313 2536 2382 Ludovicum
2584 2317 2644 2382 d.
2691 2316 2750 2383 d.
2783 2317 2967 2382 ΧΠΙ.

655 2422 788 2489 Cal.
856 2420 1129 2503 August.
1201 2412 1367 2477 1337
1389 2460 1405 2490 ,
1476 2433 1553 2475 ex
1620 2409 1935 2494 petitione
2000 2413 2376 2478 nuntiorum
2450 2416 2964 2500 prorogationem

652 2522 890 2587 factam
935 2537 1069 2580 esse
1117 2510 1366 2596 ipsique
1414 2507 1716 2573 Pontifici
1773 2507 2314 2594 interruptionem
2361 2511 2767 2595 displicuisse.
2859 2510 2968 2576 Ad

653 2634 929 2700 qaorum
988 2606 1378 2675 nuntiorum
1421 2602 1846 2684 instantiam,
1902 2624 2035 2670 non
2093 2605 2333 2688 absque
2386 2606 2795 2690 displicentia
2852 2629 2963 2672 no-

651 2718 820 2793 stra,
882 2728 1079 2793 quum
1138 2701 1324 2769 nobis
1381 2721 1578 2783 super
1632 2698 2160 2767 reconciliatione
2212 2702 2552 2786 praedicta
2612 2702 2814 2787 coepti
2856 2723 2964 2768 ne-

647 2808 813 2896 yotii
878 2797 1318 2888 interpellatio
1393 2794 1793 2879 displiceret,
1878 2800 1940 2861 et
2007 2795 2221 2881 ipsius
2288 2797 2694 2865 continuatio
2764 2802 2963 2883 qrata

654 2910 830 2987 esset,
866 2905 1072 2988 prout
1108 2896 1230 2963 tibi
1273 2894 1522 2976 referre
1566 2891 1728 2957 dicti
1757 2891 1985 2958 nuntii
2017 2893 2396 2976 debuerant,
2444 2916 2645 2978 usque
2690 2894 2776 2960 acl
2808 2916 2966 2979 pro-

655 3068 828 3077 ..,-Α

832 3150 873 3217 ¹)
908 3149 976 3202 V.
1017 3145 1176 3213 epist.
1200 3136 1490 3195 Benedicti
1527 3152 1614 3205 ap.
1639 3135 1911 3204 Raynald.
1950 3152 1999 3190 a.
2041 3139 2193 3191 1336.
2231 3155 2283 3191 n.
2312 3141 2398 3193 29.
2434 3170 2502 3177 —
2538 3139 2711 3206 Quum
2749 3155 2797 3194 a.
2826 3142 2967 3194 1328

652 3230 877 3287 ultimus
913 3222 1157 3293 Philippi
1193 3216 1417 3274 Pulchri
1454 3215 1599 3269 filius
1637 3214 1864 3269 Carolus
1901 3214 2000 3269 IV.
2038 3216 2292 3284 obiisset,
2331 3234 2432 3273 nec
2470 3235 2536 3274 ex
2570 3218 2720 3274 linea
2757 3220 2967 3274 directa

651 3309 1077 3378 Capetingorum
1112 3299 1297 3354 virilis
1336 3300 1652 3364 superesset
1687 3293 2015 3361 posteritas,
2061 3295 2316 3351 mulieres
2363 3304 2544 3353 autem
2584 3298 2747 3367 juxta
2782 3298 2962 3367 legem

652 3388 884 3443 Salicam
931 3401 966 3439 a
1011 3378 1351 3437 successione
1402 3374 1847 3438 excluderentur,
1896 3374 2152 3427 thronum
2200 3374 2414 3432 Galliae
2460 3379 2707 3432 ascendit
2753 3377 2966 3444 Philip-

649 3484 751 3537 pus
777 3466 902 3531 Vl.,
945 3462 1089 3517 filius
1126 3457 1307 3512 Caroli
1329 3453 1540 3510 Valesii
1586 3451 1782 3505 fratris
1817 3450 2062 3518 Philippi
2098 3451 2340 3508 Pulchri.
2412 3455 2517 3510 Sed
2566 3455 2806 3511 Isabella
2848 3455 2964 3509 filia

649 3544 889 3614 Philippi
927 3539 1177 3604 Pulchri,
1207 3538 1337 3606 jura
1372 3536 1441 3589 ad
1476 3533 1737 3587 thronum
1773 3529 2086 3598 praetendit
2122 3546 2244 3587 esse
2281 3533 2394 3587 filio
2433 3550 2529 3590 suo
2566 3535 2822 3589 Eduardo
2856 3535 2961 3588 III.

648 3625 771 3695 regi
819 3621 1077 3691 Angliae.
1165 3617 1251 3671 Ex
1298 3614 1396 3668 illo
1445 3620 1691 3680 tempore
1744 3608 1890 3662 inter
1938 3607 2127 3663 Gallos
2177 3619 2234 3666 et
2286 3612 2501 3682 Anglos
2549 3613 2809 3669 continua
2853 3612 2965 3667 fuit

650 3704 916 3759 simultas.

832 3781 876 3848 ⁸)
913 3780 981 3835 V.
1017 3775 1290 3846 Raynald.
1329 3790 1377 3827 a.
1419 3772 1571 3825 1337.
1609 3784 1663 3822 n.
1701 3768 1751 3819 2.

830 3861 873 3932 ⁸)
913 3859 1021 3915 Cfr.
1071 3854 1267 3911 Hefele
1315 3852 1379 3906 T.
1406 3850 1504 3903 VI.
1553 3847 1602 3917 ξ.
1640 3847 1760 3899 706.
1810 3874 1877 3881 —
1927 3844 2266 3917 Damberger
2315 3849 2378 3903 T.
2428 3850 2578 3904 XIV.
2628 3867 2680 3919 p.
2716 3852 2837 3903 409,
2892 3878 2962 3886 .-

649 3945 859 3998 Auctor
895 3938 1094 3995 tertiae
1120 3934 1287 3988 Vitae
1320 3927 1609 3984 Benedicti
1647 3923 1775 3978 XII.
1815 3922 2033 3978 scribit:
2085 3927 2221 3993 ,,ΙΠ.
2261 3928 2393 3983 Idus
2429 3929 2638 3998 Aprilis
2675 3927 2965 3996 respondit

649 4019 945 4092 praedictis
981 4015 1217 4078 nuntiis,
1266 4009 1410 4078 quod
1448 4005 1697 4061 dominus
1735 4017 1925 4057 eorum
1975 4020 2084 4058 non
2122 4012 2274 4062 esset
2307 4008 2617 4075 poenitenS,
2663 4013 2721 4063 et
2756 4007 2961 4060 idcirco

651 4102 719 4155 ad
772 4113 1036 4170 praesens
1090 4096 1266 4163 ipsum
1321 4104 1430 4142 non
1482 4099 1640 4155 posse
1695 4078 1960 4136 absolvi.“
2034 4086 2152 4154 Ἀρ.
2202 4086 2387 4141 Balut.
2424 4085 2540 4142 Vit.
2592 4088 2756 4142 Pont.
2805 4086 2868 4139 Τ.
2913 4084 2958 4138 I.

650 4198 702 4250 p.
739 4183 858 4234 225.
