3281 5014
1157 411 1240 464 De
1279 411 1495 478 Synodo
1533 410 1869 465 Florentino..
2570 413 2674 465 373

362 554 722 619 Concilium
773 552 1143 617 Basileense
1198 555 1335 636 jam
1397 549 1831 636 reliquerat&
1889 557 2084 637 atque
2146 553 2339 617 etiam
2401 553 2673 635 praelati

361 651 597 715 mentis
642 649 917 715 sanioris
964 647 1255 732 Eugenio
1300 648 1737 714 obediverant.

538 775 640 839 39.
708 772 936 837 Mense
1001 771 1238 836 Martio
1304 771 1662 836 Ferrariam
1728 772 2129 836 advenerunt
2197 770 2535 861 ,1001111οἷ
2548 769 2679 856 Ra:

358 871 688 970 laeologus
756 869 1116 957 Imperator
1183 867 1573 934 Graecorum
1651 890 1795 933 cum
1870 868 2066 933 fratre
2118 891 2249 934 suo
2317 867 2673 945 Demetrio,

358 968 399 1033 J
404 950 696 1054 osephus
724 960 1089 1050 patriarcha
1132 964 1911 1049 ConstantinopolitanuS,
1960 966 2230 1029 aliorum
2278 963 2673 1075 patriarcha-

357 1087 523 1139 rum,
570 1063 1015 1143 Alexandrini,
1065 1062 1455 1126 Antiocheni
1505 1067 1571 1126 et
1616 1062 2195 1172 Hierosolymitani
2240 1060 2494 1140 vicarii,
2539 1060 2672 1124 alii-

359 1182 482 1244 que
546 1161 767 1238 multi,
823 1160 1305 1244 metropolitae,
1366 1159 1643 1243 episcopi
1701 1163 1766 1223 et
1812 1159 1935 1222 viri
1989 1157 2420 1224 ecclesiastici.
2522 1156 2674 1220 Post

356 1258 501 1322 illos
558 1259 821 1322 advenit
882 1258 1078 1320 etiam
1140 1254 1419 1333 Isidorus
1480 1256 1986 1340 archiepiscopus
2027 1256 2295 1319 Russiae
2350 1277 2491 1318 cum
2554 1254 2672 1318 ali-

357 1359 519 1438 quot
572 1353 880 1438 episoopis
928 1353 1323 1417 MoscovitiS.
1417 1351 1525 1416 Illi
1582 1374 1805 1417 omnes
1862 1375 2005 1416 cum
2063 1351 2488 1416 conveniente
2545 1349 2672 1412 sin-

356 1451 525 1535 gulis
576 1452 813 1515 honore
860 1473 898 1513 a
940 1448 1292 1531 Pontifice,
1350 1448 1803 1514 cardinalibus
1863 1450 2129 1532 aliisque
2176 1449 2483 1531 praelatis
2529 1447 2672 1511 lati-

356 1548 461 1610 nis
521 1547 763 1630 recepti
822 1550 995 1610 sunt.
1068 1582 1142 1590 —
1210 1544 1494 1609 Peractis
1552 1545 1737 1609 festis
1794 1545 2226 1629 paschalibus,
2293 1553 2392 1608 ne·
2416 1550 2672 1628 tempus

357 1642 802 1726 exspectandis
865 1643 1005 1706 aliis
1055 1643 1414 1724 ‘praefixum
1467 1663 1737 1705 vacuum
1796 1641 2186 1719 elaberetur,
2245 1640 2673 1720 (desiderabat

2736 613 2764 657 Υ

355 1738 743 1824 Imperator,
809 1744 881 1803 ut
938 1744 1227 1804 oratores
1290 1739 1651 1822 principum
1711 1744 1780 1801 et
1841 1739 2056 1821 plures
2113 1738 2390 1822 episcopi
2446 1760 2670 1820 exspe-

354 1834 738 1920 ctarentur),
789 1836 1124 1912 convenit,
1172 1839 1248 1898 ut
1292 1835 1675 1918 praecipuae
1721 1836 2130 1919 quaestiones
2176 1833 2453 1899 Graecos
2499 1836 2673 1899 inter

356 1938 424 1998 et
456 1933 728 1997 Latinos
760 1939 1228 2014 controversae,
1277 1932 1581 1995 nimirum
1627 1932 1706 1995 de
1752 1933 2153 2014 processione
2200 1930 2478 2014 Spiritus
2511 1929 2670 1995 San-

354 2031 463 2109 cti,
510 2030 587 2093 de
634 2052 799 2113 pane
829 2029 1288 2107 EucharisticO,
1338 2028 1416 2091 de
1462 2029 1685 2112 poenis
1732 2028 2112 2112 purgatorii,
2160 2034 2225 2092 et
2270 2027 2346 2091 de
2387 1984 2743 2111 primatum

355 2127 632 2192 Romani
689 2125 1019 2189 Pontificis
1082 2129 1654 2208 pertractarentur.
1766 2125 1977 2190 Electi
2038 2130 2195 2189 sunt
2256 2148 2333 2189 ex
2395 2129 2670 2213 ussffle

352 2229 533 2308 parte
580 2223 912 2288 duodecim
958 2223 1108 2299 viri,
1171 2222 1281 2305 qui
1331 2222 1428 2285 bis
1476 2223 1545 2285 in
1595 2220 1990 2286 hebdomade
2048 2223 2536 2298 convenienteS,
2598 2222 2668 2284 in

349 2309 1078 2404 ῒθηΤΡΙόἬΤιῖῐῶἰεώ
1117 2318 1194 2383 (10
1238 2318 1665 2383 controversis
1712 2319 1997 2382 articulis
2040 2317 2464 2400 disputarent.

527 2444 630 2506 40
693 2441 916 2526 Elapsi
965 2445 1120 2506 sunt
1164 2442 1378 2525 plures
1426 2463 1708 2518 menseS,
1766 2463 1839 2505 ac
1885 2441 2301 2505 vehementer
2344 2442 2669 2526 displicuit
2726 2450 2962 2502 Negotium

352 2540 648 2626 Eugenio
713 2541 956 2622 negotii
1012 2535 1264 2616 dilatio,
1327 2540 1706 2621 praesertim
1777 2561 1971 2623 quum
2039 2545 2300 2622 propter
2363 2541 2533 2605 bella
2602 2551 2668 2606 et
2748 2524 2933 2556 u¹¹¹⁰n¹⁸

351 2638 695 2702 discordias
746 2636 1063 2700 adventus
1118 2636 1481 2719 principum
1529 2636 1631 2700 vel
1677 2641 2004 2700 oratorum
2058 2636 2336 2719 ipsorum
2374 2639 2510 2721 jam
2561 2661 2666 2704 ex-

349 2734 624 2817 spectari
685 2755 815 2797 non
870 2737 1112 2816 posset3
1177 2732 1464 2816 adeoque
1519 2734 1773 2797 monuit
1832 2732 2294 2816 Imperatorem
2356 2736 2668 2819 reliquos-

350 2853 476 2915 que
524 2829 832 2905 Graecos,
887 2851 1083 2912 quum
1128 2830 1263 2912 ipse
1308 2829 1640 2905 Pontifex,
1688 2830 2071 2914 Imperator,
2130 2830 2534 2909 Patriarcha,
2593 2856 2664 2897 ac

349 2927 609 3011 plurimi
653 2926 923 3009 praelati
969 2926 1160 2989 latini
1206 2931 1272 2989 et
1314 2928 1527 3010 graeci
1573 2927 1901 3002 adessent,
1963 2926 2124 2990 nihil
2172 2928 2454 3005 obstare,
2513 2951 2664 3011 quo·

348 3026 563 3089 minus
614 3022 973 3087 ⁴Concilium
1037 3023 1309 3085 solemni
1368 3022 1554 3086 modo
1613 3023 1986 3100 haberetur,
2049 3029 2124 3087 ut
2184 3024 2520 3107 negotium
2583 3026 2662 3089 ad

347 3121 599 3185 felicem
645 3121 835 3183 finem
885 3119 1070 3182 citius
1117 3119 1589 3201 perduceretur.
1680 3119 2094 3203 Imperatoris
2130 3142 2454 3188 1110113108
2503 3128 2662 3196 erat,
2757 3203 2761 3208 ,

350 3221 423 3281 ut
487 3215 958 3282 controversiae
1023 3219 1088 3278 et
1148 3214 1577 3279 dissensiones
1640 3215 1718 3279 de
1780 3215 2078 3300 dogmate
2138 3220 2455 3299 quantum
2523 3218 2659 3281 fieri

349 3323 560 3397 posset
623 3319 1115 3396 seponerentur,
1179 3317 1246 3376 et
1303 3311 1595 3376 formulis
1661 3312 2037 3395 quibusdam
2099 3313 2280 3396 vagis
2345 3318 2411 3377 et
2474 3335 2663 3397 gene·
2692 3325 2743 3390 >a

528 3510 568 3577 ¹)
610 3512 725 3579 „Ea
760 3511 1069 3567 intentione
1109 3518 1163 3566 et
1201 3511 1488 3580 proposito
1525 3510 1793 3576 venimus,
1837 3515 1898 3563 ut
1935 3527 2043 3564 non
2082 3504 2257 3566 solum
2295 3512 2397 3565 hoc
2436 3516 2660 3567 sanctae

346 3590 565 3645 unionis
612 3606 773 3665 opus,
826 3592 920 3645 sed
959 3591 1057 3643 illa
1102 3590 1268 3645 etiam
1312 3595 1541 3658 propter
1586 3604 1722 3655 quae
1775 3589 2070 3643 Concilium
2113 3590 2433 3645 Basileense
2478 3590 2661 3644 fuerat

346 3675 776 3738 congregatum,
817 3669 1044 3724 realiter
1089 3676 1145 3725 et
1184 3687 1302 3723 cum
1340 3668 1536 3724 effectu
1583 3669 1883 3737 adjuvante
1919 3669 2150 3724 Domino
2198 3685 2658 3738 prosequeremur.

346 3749 434 3803 Ad
472 3764 610 3816 quae
658 3749 823 3803 etiam
870 3750 1162 3804 advertens
1209 3749 1445 3803 dilectus
1494 3748 1642 3801 filius
1678 3748 1952 3815 Julianus,
2001 3749 2211 3816 (quum)
2250 3790 2260 3802 .
2303 3790 2314 3802 .
2354 3789 2366 3802 .
2407 3755 2468 3803 ut
2506 3765 2659 3815 prae-

348 3828 525 3881 dictos
564 3844 597 3880 a
634 3833 746 3881 tam
784 3828 1094 3882 manifestis
1146 3827 1420 3882 scandalis
1468 3827 1801 3893 abstineret,
1848 3828 2038 3881 multis
2075 3827 2536 3895 validissimisque
2573 3844 2660 3881 ra-

345 3906 588 3960 tionibus
637 3908 980 3973 hortaretur,
1031 3919 1087 3962 et
1124 3924 1222 3973 pro
1265 3923 1448 3961 eorum
1486 3906 1768 3960 obstinata
1803 3913 1987 3961 mente
2026 3907 2339 3962 nullatenus
2377 3907 2662 3962 exaudire·

345 3990 456 4047 tur,
495 3985 591 4039 sed
629 4001 721 4039 cos
759 3985 938 4054 magis
978 3986 1047 4039 ad
1084 4002 1149 4040 ea
1186 3986 1446 4039 scandala
1482 3985 1537 4039 in
1564 3986 1870 4041 Ecclesiam
1898 3986 1999 4041 Dei
2038 3987 2401 4055 perpetranda
2437 3990 2662 4052 paratos

347 4063 645 4131 aspiceret,
695 4080 764 4118 ne
811 4065 1029 4119 illorum
1079 4065 1456 4133 impietatibus
1502 4065 1767 4120 assistere
1816 4066 2123 4133 videretur,
2173 4067 2300 4119 inde
2346 4065 2659 4119 discessit.“

345 4142 613 4211 Raynald.
654 4160 702 4198 a.
744 4147 880 4198 1438
917 4162 968 4199 11.
1008 4147 1056 4198 5.
