3281 5014
1186 448 1268 501 De
1307 446 1549 501 Concilio
1586 446 1806 500 Pisano.
2546 449 2656 502 285

350 584 580 650 Virum
625 583 850 668 utique
905 586 1178 652 nobilem
1235 591 1297 650 et
1341 591 1681 669 expertum
1733 586 1805 652 in
1853 586 2124 670 agendis
2169 588 2523 671 eleyerunt,
2584 594 2650 654 et

323 686 679 764 paternam
746 682 887 765 ejus
952 683 1454 749 sollicitudiuem
1522 684 1954 751 commendat.
1973 682 2023 769 l)
2150 685 2359 771 Magis
2428 690 2649 751 tamen

334 802 481 844 eum
548 780 618 843 in
683 782 963 865 negotiis
1023 782 1367 845 mundanis
1435 804 1623 866 quam
1689 781 1761 845 in
1823 782 2015 847 rebus
2080 783 2519 847 ecclesiasticis
2583 781 2654 847 et

332 876 777 960 spiritualibus
824 882 1145 942 versatum
1204 878 1425 953 fuisse,
1482 876 1546 944 S.
1598 877 1976 942 Antoninus
2035 879 2274 943 indicat
2328 879 2457 942 illis
2501 901 2646 942 ver·-

332 973 453 1038 bis:
526 971 642 1036 Vir
703 970 778 1037 in
833 972 1296 1056 temporalibus
1356 973 1611 1055 quidem
1673 992 1984 1056 maynuS,
2053 974 2129 1039 iu
2188 973 2656 1057 spiritualibus

329 1088 482 1133 vero
523 1068 750 1135 nullus
795 1073 988 1152 atque
1032 1068 1367 1154 ineptus.2)

508 1204 614 1268 55.
664 1199 960 1287 Gregorii
989 1202 1133 1267 XII.
1181 1210 1398 1286 partes
1444 1204 1638 1267 armis
1685 1202 2115 1266 defenderunt
2146 1201 2485 1266 Ladislaus
2531 1224 2644 1266 rex

330 1297 802 1382 Neapolitanus
861 1321 933 1364 ac
988 1298 1252 1365 Carolus
1306 1298 1652 1364 Malatesta
1710 1299 2158 1363 AriminensiS.
2253 1298 2453 1363 Initio
2509 1300 2649 1384 qui-

328 1395 472 1459 dem
533 1395 822 1460 Joannes
866 1395 1122 1461 XXIII.
1192 1417 1297 1460 eos
1360 1396 1594 1460 devicit
1656 1400 1722 1461 et
1770 1394 1976 1459 Roma
2035 1395 2281 1478 potitus
2344 1401 2474 1475 est,
2535 1396 2646 1460 sed

328 1516 383 1556 a.
442 1492 921 1557 1413‘'coactus
979 1489 1079 1557 cst
1125 1492 1333 1557 Roma
1386 1493 1731 1557 discedere.
1835 1490 2127 1575 Urgente
2177 1491 2489 1575 imprimis
2546 1492 2645 1557 Si-

328 1589 668 1674 gismundo
702 1587 1089 1653 Germaniae
1116 1611 1286 1673 rege,
1332 1588 1619 1655 Joannes
1652 1610 1728 1652 ex
1763 1588 2025 1652 civitate
2055 1586 2217 1652 Lodi
2267 1589 2368 1652 die
2416 1586 2488 1654 9⁰
2516 1589 2642 1654 De-

327 1686 597 1751 cembris
654 1708 708 1749 a.
759 1687 923 1751 1413
980 1688 1283 1770 generale
1337 1686 1572 1749 indixit
1620 1684 2004 1764 Concilium,
2064 1684 2483 1750 Constantiae
2541 1687 2641 1750 die

334 1781 398 1848 1⁰
442 1781 818 1846 Novembris
887 1805 943 1847 a.
1020 1784 1183 1846 1414
1241 1766 1708 1847 celebrandum.
1818 1780 1959 1846 Hoc
2021 1780 2096 1845 de
2159 1779 2447 1846 Concilio
2503 1784 2637 1866 jam

326 1880 585 1964 speciali
627 1879 878 1943 ratione
925 1880 1243 1964 agendum
1296 1884 1411 1944 est.

503 1974 690 2039 Unde
753 1981 1158 2059 praesentem
1214 1975 1760 2041 Dissertationem
1821 1974 2276 2039 concludamus
2337 1974 2464 2038 illis
2521 1974 2641 2039 Be·
2693 1982 2948 2030 Conolussiou

323 2072 561 2137 nedicti
591 2070 774 2137 XIV.
821 2073 1052 2151 verbiS‚
1099 2073 1333 2157 quibus
1380 2073 1533 2157 quid
1569 2073 1648 2137 de
1692 2072 2107 2155 pontificibus
2153 2074 2440 2154 tempore
2480 2071 2641 2136 schi-

323 2170 546 2232 smatis
607 2173 900 2251 censeat,
971 2170 1066 2233 ita
1128 2170 1346 2236 edicit:
1424 2168 1724 2251 Depulsa
1786 2171 2145 2249 temporum
2220 2165 2497 2247 caliqine
2562 2166 2639 2232 iu

323 2262 505 2328 clara
543 2263 682 2330 luce
711 2262 899 2329 hodie
933 2264 1225 2347 positum
1262 2269 1374 2346 est,
1423 2264 1786 2347 leyitimum
1816 2265 1940 2345 J‘us
1978 2261 2400 2345 pontificatus
2435 2283 2637 2345 penes

336 2358 674 2425 Urbanum
719 2360 826 2426 VI.
881 2361 1145 2444 ejusque
1199 2381 1590 2426 successores
1636 2359 2061 2443 Bonifatium
2106 2358 2260 2441 IX..
2317 2358 2634 2425 Innocen-

323 2455 491 2522 tium
538 2455 706 2539 VII..
753 2463 862 2524 etc.
910 2456 1231 2541 stetisse.³)

504 2634 546 2700 ¹)
583 2633 643 2687 L.
679 2634 883 2688 XXXI.
922 2649 966 2687 c.
1009 2636 1035 2687 1
1079 2640 1135 2688 et
1170 2633 1230 2687 L.
1269 2633 1530 2686 XXXIII.
1571 2649 1614 2686 c.
1653 2635 1739 2686 28.

503 2712 547 2780 2)
586 2713 804 2766 Summa
850 2715 900 2766 h.
948 2713 1009 2766 P.
1056 2712 1160 2765 III.
1218 2712 1309 2766 tit.
1356 2712 1539 2768 XXII.
1596 2729 1640 2766 c.
1680 2718 1728 2766 6.
1815 2712 1925 2766 Cfr.
1963 2712 2231 2767 Leonard.
2286 2713 2352 2766 de
2398 2709 2633 2765 Aretino

323 2807 408 2859 ap.
447 2792 717 2846 Muratori
751 2791 951 2858 Script.
990 2792 1050 2845 T.
1089 2792 1237 2844 XIX.
1277 2809 1326 2860 p.
1365 2794 1485 2846 297.

503 2870 546 2939 ³)
584 2871 666 2926 De
705 2888 848 2926 serv.
886 2871 990 2925 Dei
1029 2871 1218 2925 beatis.
1256 2871 1316 2923 L.
1358 2871 1399 2924 I.
1439 2888 1483 2925 c.
1523 2873 1571 2924 9.
1608 2887 1659 2924 n.
1700 2871 1782 2925 10.
