3281 5014
638 374 706 428 70
1216 374 1387 427 XXX.
1425 374 1509 428 De
1544 373 1877 428 Pontificatu
1914 373 2183 428 Bonifatii
2209 373 2367 428 VIII.

636 515 980 598 deductus,
1034 536 1175 580 cum
1220 514 1454 599 gaudio
1492 536 1547 605 ‘a
1602 516 1846 580 civibus
1894 520 2188 599 receptus
2229 515 2373 580 fuit.
2465 514 2588 581 Sed
2634 517 2829 580 etiam
2872 516 2943 580 in

637 608 814 676 Urbe
864 610 1194 676 Pontificis
1251 612 1600 678 auctoritas
1654 634 1727 677 ac
1771 612 2032 677 libertas
2088 612 2168 676 ab
2215 611 2600 678 Ursinorum
2659 613 2947 685 factione

638 709 825 772 modo
884 704 1153 791 indigno
1216 706 1734 788 coarctabatur.¹)
1841 707 2029 773 Unde
2090 714 2427 774 senectute
2487 714 2683 794 atque
2742 709 2942 774 animi

637 825 925 870 moerore
983 805 1338 881 confectus,
1397 804 1762 869 vehementi
1823 805 2004 869 febre
2060 828 2209 870 mox
2268 810 2601 890 correptus
2656 806 2811 883 fuit,
2870 827 2947 870 ac

548 854 636 961 >V
640 903 1057 967 sacramentis
1105 902 1229 966 rite
1272 902 1608 986 susceptis,
1656 901 1757 966 die
1808 900 1918 965 11⁰
1964 902 2258 967 Octobris
2306 902 2484 982 obiit,
2532 924 2729 967 senex
2776 908 2947 967 octo-

364 997 571 1101 Βοωᾞξζῆῑ
642 999 831 1084 ginta
889 1019 1001 1063 sex
1055 1020 1389 1064 annorum.
1499 999 1872 1064 Adfuerunt
1931 1000 2068 1084 ejus
2128 999 2322 1063 morti
2383 1005 2527 1065 octo
2573 998 2950 1064 cardinales

525 1091 535 1101 ”
642 1095 881 1179 aliique
944 1095 1192 1159 nobiles
1255 1096 1406 1171 viri,
1477 1105 1545 1159 et
1602 1117 1680 1159 ex
1735 1096 2110 1161 testimonio
2168 1096 2393 1161 Jacobi
2453 1095 2810 1160 cardinalis
2870 1095 2952 1159 de

643 1191 1081 1275 Stephaniscis
1126 1193 1482 1275 praesentis
1529 1196 1804 1268 constat,
1853 1190 2233 1257 Pontificem
2282 1193 2511 1257 emissa
2557 1191 2954 1276 professione

646 1287 789 1352 fidei
835 1288 1185 1352 catholicae
1222 1288 1522 1372 spiritum
1573 1289 1708 1353 Deo
1754 1288 2173 1370 reddidisse.²)

823 1385 925 1450 76.
980 1381 1302 1468 Scripsere
1347 1385 1618 1469 indigna
1674 1385 2014 1449 admodum
2074 1385 2152 1451 de
2199 1385 2511 1450 Bonifatii
2556 1385 2735 1449 obitu
2782 1406 2947 1449 non·

644 1482 810 1547 nulli
855 1485 1170 1561 auctores,
1210 1482 1327 1565 qui
1358 1482 1779 1547 ab=hostibus
1817 1483 2071 1566 jactata
2097 1483 2462 1547 inconsulte
2494 1482 2728 1547 litteris
2774 1503 2955 1545 man·

552 1608 563 1611 ·
645 1579 910 1662 darunt3
956 1578 1128 1643 inter
1172 1578 1298 1642 alia
1336 1583 1572 1655 autem,
1622 1600 1700 1642 ex
1738 1578 1956 1644 dolore
2002 1585 2214 1644 actum
2259 1580 2329 1644 in
2376 1579 2620 1643 rabiem
2666 1579 2954 1662 proprias

645 1696 868 1739 carnes
911 1673 1294 1740 Pontificem
1340 1676 1719 1741 morientem
1768 1677 2011 1740 rosisse.
2107 1675 2384 1752 Quorum
2431 1676 2697 1741 ridicula
2742 1680 2808 1739 et
2852 1675 2953 1738 in·

649 1777 798 1856 epta
836 1771 1163 1836 mendacia
1210 1771 1421 1836 velex
1467 1772 1605 1855 ipsa
1646 1773 1945 1856 corporis,
1992 1772 2159 1856 quod
2201 1777 2350 1855 post
2379 1777 2703 1836 trecentos
2749 1792 2956 1835 annos

645 1869 1071 1951 corruptionis
1119 1869 1252 1932 fere
1301 1890 1525 1952 expers
1570 1869 1908 1933 inventum
1956 1874 2083 1949 est,
2128 1869 2207 1932 ad
2251 1868 2527 1933 nihilum
2574 1870 2764 1952 plane
2809 1869 2953 1932 red-

648 1969 794 2030 acta
857 1973 1033 2029 sunt.
1135 1965 1342 2041 Quum
1396 1964 1693 2030 videlicet
1748 1965 2110 2030 Bonifatius
2174 1965 2244 2029 in
2303 1964 2366 2029 S.
2420 1965 2597 2030 Petri
2654 1964 2958 2029 basilicae

646 2062 910 2138 sace110,
956 2060 1129 2145 quod
1176 2062 1409 2126 eximio
1453 2062 1632 2127 cultu
1676 2061 2075 2137 condiderat,
2120 2063 2406 2146 sepultus
2453 2061 2712 2142 fuisset,
2756 2061 2955 2125 sacel-

646 2158 780 2222 lum
830 2157 988 2221 illud
1035 2179 1178 2222 cum
1223 2158 1624 2245 splendidius
1673 2152 2054 2223 conderetur
2108 2159 2372 2224 basilica
2416 2157 2481 2224 S.
2529 2157 2744 2236 Petri,
2792 2164 2956 2222 tem-

648 2276 800 2339 pore
844 2253 1035 2318 Pauli
1067 2253 1146 2319 V.
1192 2254 1604 2320 evertendum
1653 2255 1799 2319 fuit.
1891 2254 2077 2319 'I'unc
2124 2279 2183 2320 a.
2237 2256 2401 2319 1605
2448 2255 2550 2319 die
2598 2254 2714 2319 11⁰
2760 2254 2959 2319 Octo·

651 2352 782 2416 bris
844 2350 1155 2416 Bonifatii
1220 2374 1445 2436 corpus
1507 2353 1934 2435 corruptionis
1998 2352 2134 2416 fere
2203 2351 2491 2416 immune
2550 2373 2787 2436 magna
2849 2351 2958 2416 ad-

649 2449 975 2514 stantium⁴
1012 2448 1433 2514 admiratione
1487 2454 1816 2532 repertum
1860 2448 2014 2527 fuit,
2073 2460 2139 2513 et
2181 2470 2262 2513 ue
2309 2448 2646 2514 minimum
2698 2447 2960 2534 quidem

653 2547 956 2631 laesionis
998 2547 1335 2630 vestigium
1383 2546 1448 2610 in
1497 2547 1635 2630 ipso
1673 2542 2086 2627 inventum.⁸)

1758 2847 1881 2916 VI.

845 2976 975 3041 De
1005 2992 1404 3055 processu
1431 2974 1815 3055 juridico
1858 2982 2153 3041 emoto-a
2197 2974 2767 3055 Bomffatium.

836 3150 936 3215 77.
1006 3113 1327 3213 Defuncto
1386 3147 1715 3215 Bonifatio
1751 3146 1967 3230 vm„
2036 3168 2181 3211 cum
2237 3146 2308 3211 F.
2366 3146 2673 3219 Nicolaus
2728 3146 2963 3212 Bocca-

657 3247 837 3311 sinus
895 3245 969 3312 O.
1011 3242 1089 3311 F.
1141 3244 1251 3323 P.,
1309 3244 1659 3327 Episcopus
1713 3242 1896 3309 Card.
1957 3241 2306 3322 Ostiensis,
2361 3242 2679 3309 Pontifex*
2726 3244 2967 3312 electus

839 3473 880 3537 ι)
917 3472 1027 3535 Cfr.
1065 3471 1258 3534 Balan,
1294 3470 1436 3532 Stor.
1474 3469 1657 3527 d’Ital.
1695 3470 1757 3525 T.
1794 3468 1891 3522 IV.
1928 3470 1989 3523 L.
2028 3469 2286 3524 XXVIII.
2325 3486 2377 3523 n.
2414 3470 2615 3524 LVIII.
2695 3497 2696 3500 ¹
2760 3503 2764 3506 -
2848 3465 2854 3476 '

756 3603 765 3610 ,
833 3551 876 3622 ,2)
914 3551 1003 3616 Sic
1041 3548 1283 3618 scriptor.
1302 3548 1420 3612 ‚ine
1439 3564 1699 3610 coaevus:
1846 3627 1887 3679 Ρ
2099 3602 2117 3611 ,,
2230 3631 2254 3680 t
2507 3627 2543 3682 fl

1484 3694 1493 3699 ς
1812 3670 1837 3695 ,,
1890 3643 2027 3681 auco
2068 3643 2192 3681 nam
2256 3643 2472 3697 empore
2546 3644 2653 3682 uxo

971 3710 1322 3775 Decursoque
1361 3706 1463 3776 die,
1502 3707 1646 3761 lecto
1684 3712 1996 3775 prostratus
2032 3707 2261 3761 anhelus
2295 3709 2302 3716 ’

970 3786 1285 3852 Procubuit,
1322 3785 1610 3852 fassusque
1645 3784 1823 3852 fidem,
1862 3801 2152 3854 curamque
2183 3786 2457 3853 professus

971 3867 1249 3921 Romanae
1288 3864 1588 3929 Ecclesiae,
1626 3863 1848 3918 Christo
1886 3870 2020 3919 tunc
2056 3864 2307 3920 redditur
2344 3864 2519 3918 almus

973 3944 1225 4014 Spiritus,
1262 3949 1321 3999 et
1357 3942 1508 3999 saevi
1543 3943 1656 4011 jam
1693 3943 1873 3998 nescit
1901 3942 2105 4011 judicis
2141 3943 2294 4010 iram,

973 4025 1077 4079 Sed
1114 4023 1302 4079 mitem
1337 4022 1717 4091 placidamque
1754 4021 1947 4090 patris,
1986 4038 2083 4076 ceu
2122 4023 2340 4077 credere
2373 4021 2461 4075 fas
2498 4021 2635 4076 est.“

839 4103 883 4171 ³)
924 4104 1031 4158 Cfr.
1072 4102 1339 4171 Raynald.
1378 4102 1447 4156 ad
1483 4117 1531 4155 a,
1573 4102 1711 4154 1303
1746 4111 1798 4155 n.
1835 4104 1921 4155 44.
1962 4109 2018 4156 et
2053 4102 2102 4155 Il
2138 4102 2349 4169 Papato
2386 4100 2422 4154 1.
2462 4117 2505 4155 c.
2542 4117 2594 4168 p.
2635 4102 2735 4153 169
2773 4114 2889 4167 sqq.
