3281 5014
222 1034 333 1076 Tres
365 1037 537 1076 senten·

329 1095 429 1137 tiae.

554 444 656 494 312
1140 442 1397 495 XXXIV.
1436 445 1516 499 De
1554 444 1797 498 Concilio
1838 444 2264 499 constantiensi.

554 585 777 649 ctrinis
849 583 1191 648 audacibus
1259 606 1669 669 nequaquam
1737 587 1808 650 in
1871 587 2168 651 omnibus
2232 586 2701 665 adhaerebant,
2772 593 2867 651 at·

553 702 678 764 que
724 680 861 745 Deo
904 680 1286 764 disponente
1329 682 1573 747 factum
1621 689 1739 761 est,
1794 687 1867 747 ut
1912 682 2076 747 nihil
2122 684 2449 766 irrepserit
2493 684 2562 747 in
2613 683 2866 747 decreta

553 777 688 856 illa,
736 777 903 861 quod
952 777 1278 843 commode
1327 783 1393 842 et
1434 783 1603 843 recte
1653 783 1718 843 et
1749 786 1899 863 apte
1930 803 2063 845 non
2110 781 2310 863 possit
2356 802 2545 844 sensu
2581 780 2863 864 aequiori

557 875 882 958 explicari.

729 1025 833 1089 33.
890 1021 1557 1088 Animadvertendum
1602 1032 1731 1101 est,
1767 1030 1919 1091 'tres
1965 1026 2321 1090 sententias
2367 1028 2701 1109 praecipue
2748 1025 2866 1089 hae

557 1124 626 1185 in
700 1123 1075 1205 quaestione
1155 1122 1344 1187 nobis
1413 1144 1746 1187 occurrere
1826 1123 1997 1187 inter
2071 1122 2418 1187 catholicos
2503 1124 2864 1205 scriptoreS.

559 1218 773 1283 Prima
827 1219 1168 1301 explicatio
1229 1223 1440 1295 tenet,
1495 1219 1665 1302 quod
1720 1220 1791 1283 in
1848 1220 1973 1283 illis
2026 1218 2293 1283 decretis
2351 1219 2675 1283 declarata
2734 1241 2865 1282 non

556 1315 753 1379 fuerit
824 1316 948 1378 nisi
1017 1313 1403 1393 obedientia,
1483 1337 1678 1399 quam
1752 1315 1963 1400 quoad
2039 1317 2304 1399 negotia
2373 1321 2634 1399 propter
2702 1337 2866 1399 quae

555 1415 946 1477 convenerat
980 1441 985 1445 ’
1015 1410 1365 1476 Concilium
1432 1410 1955 1490 constantiense,
2021 1411 2419 1476 tenebantur
2485 1433 2705 1476 omnes
2773 1411 2867 1474 illi

557 1507 818 1591 Synodo
882 1511 1232 1590 praestare,
1308 1509 1502 1573 etiam
1565 1508 1913 1573 Pontifices
1977 1509 2073 1572 illi
2136 1507 2341 1590 dubii,
2416 1530 2531 1591 pro
2589 1508 2703 1571 illa
2765 1530 2867 1570 oc·

557 1605 809 1669 casione
867 1605 1258 1681 schismatis,
1318 1606 1386 1668 in
1451 1626 1578 1687 qua
1652 1627 1783 1668 non
1844 1604 2183 1669 constabat
2241 1605 2383 1688 quis
2448 1609 2617 1669 esset
2684 1626 2865 1668 verus

560 1701 881 1766 Pontifex.
990 1701 1096 1765 Ita
1162 1706 1425 1765 tenent¹
1461 1701 1824 1785 gravissimi
1898 1706 2225 1777 auctores,
2301 1703 2396 1765 uti
2466 1724 2520 1768 e.
2591 1723 2652 1785 g.
2715 1702 2869 1765 Em.

556 1797 1015 1879 Schelstraete,
1073 1796 1434 1863 Cardinalis
1483 1797 1660 1876 Orsi,
1723 1797 1788 1860 M
1796 1797 2121 1875 uzzarelli,
2181 1798 2403 1863 Palma
2443 1798 2681 1882 aliique
2728 1820 2868 1881 per-

558 1895 766 1959 multi.
879 1894 1099 1978 Aliqui
1164 1894 1562 1978 adjungunt,
1634 1896 1831 1958 etiam
1889 1894 1967 1957 ad
2027 1896 2266 1958 similes
2323 1916 2505 1960 casus
2569 1918 2868 1959 anorma-

557 1994 652 2056 les
698 1997 987 2055 tenorem
1043 1990 1445 2055 decretorum
1493 2014 1677 2074 posse
1724 1991 2004 2057 extendi.
2056 2028 2142 2036 —
2196 1991 2345 2055 Alia
2399 1997 2497 2055 est
2542 1992 2869 2056 sententia

558 2109 823 2162 eorum,
871 2088 982 2171 qui
1041 2092 1377 2171 statuunt,
1453 2087 1989 2153 Constantienses
2049 2090 2326 2152 voluisse
2389 2110 2611 2152 revera
2674 2110 2869 2172 gene-

557 2186 753 2249 ralem
806 2207 931 2267 ,pro
988 2184 1161 2248 omni
1225 2190 1513 2268 tempore
1572 2185 1806 2249 thesim
1866 2206 2220 2268 proponere
2283 2186 2359 2248 de
2421 2186 2868 2268 superioritate

557 2282 829 2346 Concilii
882 2281 1199 2365 generalis
1254 2303 1448 2364 supra
1508 2281 1775 2365 Papam,
1838 2303 2104 2366 eamque
2162 2282 2381 2346 nimbo
2437 2282 2712 2364 quodam
2764 2304 2868 2346 or-

560 2400 713 2443 nare
777 2379 1158 2463 dogmati003
1228 2379 1338 2442 sed
1402 2378 1656 2459 decreta
1719 2379 1956 2443 nullius
2028 2401 2162 2443 esse
2226 2379 2485 2456 valoriS,
2560 2401 2635 2443 eo
2700 2377 2870 2463 quod

557 2474 918 2541 Concilium
989 2496 1107 2539 nec
1177 2497 1252 2541 eo
1320 2480 1611 2559 tempore
1684 2476 2162 2542 oecumenicum
2233 2475 2464 2550 fuerit,
2538 2497 2658 2540 nec
2719 2497 2870 2540 eon·

558 2573 987 2636 firmationem
1052 2572 1390 2637 Pontifieis
1459 2574 1572 2637 illa
1634 2574 1890 2638 decreta
1954 2573 2376 2639 obtinuerint.
2485 2571 2589 2636 Ita
2652 2577 2870 2637 censet

560 2669 637 2734 cl.
696 2665 1004 2751 Hefele.¹)
1071 2703 1151 2714 —
1208 2668 1430 2733 Tertia
1460 2673 1590 2734 .est
1644 2670 1973 2734 sententia
2032 2668 2511 2733 Gallicanorum
2567 2670 2871 2733 aliorum-

562 2787 686 2850 que
737 2765 965 2830 similis
1030 2766 1358 2830 doctrinae
1419 2772 1756 2830 auctorum
1814 2768 1985 2830 inter
2029 2766 2404 2848 catholicOS‚
2464 2787 2547 2829 ne
2600 2765 2677 2830 de
2721 2766 2872 2829 hae·

560 2864 902 2927 reticorum
966 2862 1476 2945 expositionibus
1540 2864 1899 2945 loquamur.
2011 2863 2118 2927 Illi
2173 2864 2379 2945 igitur
2446 2862 2871 2945 contendunt,

560 2958 951 3023 declaratum
1020 2960 1219 3024 fuisse
1280 2961 1349 3023 in
1411 2960 1538 3024 illis
1601 2960 1912 3037 decretis,
1976 2958 2388 3037 Pontificem,
2463 2961 2658 3023 etiam
2713 2961 2870 3043 legi—

561 3056 790 3119 timum
855 3062 918 3120 et
983 3062 1258 3139 certum,
1314 3057 1556 3140 subjici
1625 3057 2232 3134 constitutionibu8‚
2307 3057 2692 3141 praeceptis,
2766 3080 2870 3122 or·

709 3306 780 3377 ¹¹)
823 3310 1168 3375 „Necessitas
1206 3309 1418 3375 tristis,
1469 3307 1690 3373 scribit,
1737 3309 1974 3375 urgebat
2010 3309 2079 3361 ad
2116 3307 2230 3361 tale
2268 3308 2545 3362 decretum
2584 3307 2870 3363 conficien-

560 3391 711 3455 dum,
755 3395 1013 3457 tanquam
1062 3389 1280 3442 unicum
1329 3386 1653 3452 remedium,
1703 3392 1765 3440 ut
1815 3386 1885 3440 lis
1933 3386 2032 3440 illa
2077 3385 2295 3440 nefasta
2341 3386 2507 3440 trium
2555 3388 2622 3441 de
2658 3398 2869 3453 papatu

559 3469 1002 3523 contendentium
1039 3467 1307 3521 finiretur.
1375 3466 1482 3520 Pro
1521 3465 1622 3521 tali
1662 3481 1788 3529 casu
1830 3482 1990 3533 quum
2029 3471 2531 3521 controverteretur
2567 3465 2688 3534 quis
2724 3478 2869 3521 esset

556 3564 721 3603 verus
771 3549 951 3614 Papa,
1010 3562 1077 3599 ac
1122 3561 1250 3613 spes
1302 3549 1658 3600 evanesceret
1710 3544 2082 3611 quaestionem
2131 3545 2378 3600 solvendi
2424 3560 2522 3613 per
2569 3545 2868 3601 cessionem

560 3627 951 3691 voluntariam,
1007 3625 1117 3679 alia
1170 3625 1309 3678 forte
1365 3625 1510 3677 haud
1563 3617 1870 3691 apparebat
1919 3623 2011 3676 via
2064 3625 2419 3691 componendi
2469 3624 2709 3693 negotii,
2762 3626 2870 3679 nisi

561 3705 828 3774 subJectio
876 3705 1039 3758 trium
1094 3703 1567 3769 praetendentium
1613 3702 1713 3756 sub
1760 3701 2038 3756 sententia
2083 3701 2311 3757 Concilii
2360 3706 2446 3767 (ut
2481 3703 2868 3771 opinabantur)

560 3782 910 3837 oecumenici.
998 3782 1105 3836 Sed
1155 3781 1610 3837 Constantienses
1660 3781 1891 3837 ulterius
1941 3783 2224 3850 progressi
2274 3790 2429 3849 sunt,
2478 3799 2637 3850 quam
2685 3800 2869 3839 neees-

560 3862 697 3915 sitas
731 3866 1031 3928 temporum
1076 3862 1419 3929 postulabat,
1468 3860 1776 3926 thesimque
1823 3858 2179 3914 intenderunt
2229 3877 2531 3930 proponere
2568 3879 2663 3930 pro
2701 3863 2870 3917 omni·

560 3940 659 3993 bus
709 3939 1040 4006 temporibus
1094 3946 1151 3994 et
1198 3939 1626 3995 circumstantiis
1677 3939 1981 4005 valentem,
2035 3955 2260 4007 eamque
2306 3940 2639 3996 circumdare
2687 3941 2867 3997 nimbo

559 4018 922 4088 dogmati00.“
1000 4019 1141 4073 Dein
1178 4019 1450 4084 ostendit,
1489 4016 1790 4071 Concilium
1827 4023 1957 4071 tunc
1991 4034 2100 4071 non
2135 4018 2303 4074 fuisse
2341 4020 2767 4086 oecumenicum,
2806 4037 2870 4074 ac

560 4099 782 4245 ‹xlleIeIrega
818 4098 916 4152 illa
953 4114 1224 4165 nunquam
1262 4097 1567 4152 obtinuisse
1613 4098 2057 4164 approbationem
2095 4097 2327 4154 Romani
2363 4100 2661 4154 Pontifieis.
2708 4099 2765 4152 C.
2804 4101 2868 4154 G.

674 4218 687 4231 .
763 4215 776 4229 .
815 4180 936 4230 750.
