3281 5014
348 618 612 672 Expendun-

373 685 444 722 tur
468 683 604 734 gesta.

655 465 723 516 46
1227 462 1401 516 XXX.
1443 462 1520 517 De
1556 462 1888 516 Pontificatu
1925 462 2193 517 Bonifatii
2220 462 2374 539 YIII.

657 627 820 689 quae
881 604 1244 689 tetigimus„
1304 605 1518 668 minus
1552 603 1982 693 §considerate
2043 605 2213 670 dicta
2271 604 2617 688 censent.¹)
2708 603 2962 669 Notaut

656 723 939 786 quoque,
994 700 1217 764 acerbe
1265 699 1631 784 Philippum
1686 698 1903 786 aspidi
1941 700 2625 785 Ἴ,ξξςιιφζιζαθΝοοιιιρειιἚιιᾶ,
2682 708 2746 766 et
2799 722 2960 766 com·

655 802 1006 863 memorato
1075 788 1244 862 idolo
1307 795 1433 873 Bssl.
1490 797 1566 861 ad
1631 799 1770 881 ejus
1831 819 2188 882 cognomen
2249 800 2334 877 (le
2392 798 2531 880 Bel)
2594 797 2814 862 alludi.
2874 833 2962 841 —-

654 894 877 971 Quoad
928 894 1200 978 primum
1251 895 1540 977 pluribus
1586 895 1879 958 textibus
1935 916 2151 958 sacrae
2199 893 2563 978 Scripturae
2610 892 2962 975 emphatice

656 990 961 1055 Pontifex
1019 990 1349 1074 exprimit,
1413 995 1661 1075 quanta
1718 989 2146 1056 sollicitudine
2202 991 2528 1056 monuerit
2570 991 2960 1075 Philippum,

653 1088 862 1172 ipsum
922 1110 1072 1153 vero
1135 1109 1266 1151 non
1329 1087 1665 1152 audivisse.
1798 1086 2002 1164 Adeo,
2074 1079 2323 1172 inquit,
2393 1085 2832 1152 laboravimus
2887 1086 2959 1150 in

655 1183 1019 1262 clamand0‚
1084 1183 1253 1265 quod
1310 1203 1553 1248 raucae
1608 1183 1745 1248 sin-t
1802 1185 2018 1265 factae
2079 1183 2301 1265 fauces
2358 1187 2620 1247 nostrae
2632 1202 2657 1262 ;
2720 1183 2829 1247 sed
2890 1187 2963 1247 tu

653 1281 828 1347 velut
873 1280 1054 1362 aspis
1093 1280 1296 1344 surda
1339 1279 1663 1345 obturasti
1708 1298 1903 1344 aures
1949 1284 2099 1344 tuas
2145 1281 2279 1360 (Ps.
2330 1281 2435 1357 57,
2481 1279 2586 1363 4),
2634 1284 2695 1344 et
2736 1283 2962 1345 nostra

654 1376 950 1442 salubria
1003 1375 1252 1441 monita
1308 1397 1438 1441 non
1495 1375 1774 1456 audisti,
1836 1396 1951 1441 nec
2005 1375 2301 1459 recepisti
2356 1396 2432 1441 ea
2475 1375 2651 1441 velut
2688 1375 2962 1441 medica·

655 1477 871 1539 menta
926 1472 1238 1539 curantis.
1329 1475 1537 1552 Quum
1595 1479 1817 1539 textus
1879 1474 2047 1539 obvii
2106 1474 2473 1558 Scripturae
2533 1480 2965 1559 congerantur

656 1594 776 1637 nec
819 1573 1141 1636 ullatenus
1181 1572 1643 1654 comparationi
1702 1570 1935 1654 aspidis
1989 1571 2361 1651 insistatur,
2419 1594 2551 1635 non
2600 1571 2784 1636 video
2827 1592 2963 1654 spe-

656 1668 881 1733 cialem
929 1669 1099 1752 regis
1142 1669 1213 1731 in
1262 1668 1376 1731 his.
1406 1668 1616 1731 verbis
1664 1668 1990 1732 offensam.
2080 1667 2164 1731 In
2211 1689 2326 1732 usu
2371 1689 2521 1732 vero
2565 1667 2764 1733 fuisse
2808 1668 2963 1732 scri-

656 1765 823 1848 ptori
879 1765 1409 1829 documentorum
1465 1763 1779 1830 Bonifatii
1833 1786 1943 1828 seu
1999 1766 2138 1848 ejus
2191 1765 2534 1829 secretario
2588 1766 2769 1830 illum
2829 1769 2964 1828 tex-

570 1865 576 1870 ’
659 1871 796 1925 tum
846 1863 1145 1946 allegare,
1192 1882 1270 1924 ex
1319 1882 1392 1924 eo
1439 1860 1791 1945 colligitur,
1844 1861 2013 1945 quod
2062 1858 2506 1925 Cardinalibus
2551 1883 2803 1945 quoque
2852 1861 2964 1926 Oo-

659 1958 1101 2022 lumnensibus
1133 1960 1271 2041 jam
1301 1979 1444 2021 eum
1479 1959 1928 2041 applicaverat,
1974 1957 2040 2019 in
2080 1956 2560 2022 Constitutione
2606 1955 2693 2021 In
2725 1955 2965 2020 excelso

661 2052 912 2118 throno.
1003 2053 1172 2118 Nam
1229 2054 1423 2118 etiam
1483 2055 1553 2116 in
1612 2075 1687 2117 ea
1747 2053 2006 2117 dicitur:
2074 2052 2199 2117 Sed
2256 2072 2372 2116 nec
2428 2052 2520 2118 sic
2564 2051 2963 2137 profecimus

660 2149 840 2232 apud
893 2169 1028 2228 eos;
1091 2148 1300 2214 traxit
1349 2148 1521 2214 enim
1578 2149 1724 2213 illos
1775 2148 1850 2212 in
1911 2147 2379 2231 desperationis
2431 2148 2732 2231 laqueum
2776 2149 2968 2214 moles

652 2246 1188 2329 praeponderans
1222 2250 1663 2328 peccatorum,
1722 2249 1795 2310 ut
1841 2266 1955 2310 nec
2008 2244 2403 2325 rationibus,
2464 2266 2578 2311 nec
2635 2244 2965 2310 correctio-

661 2343 873 2422 nibus,
921 2342 1205 2423 monitis‚
1252 2342 1385 2407 sive
1431 2341 1630 2407 minis
1674 2341 1896 2407 reduci
1933 2342 2275 2425 potuerint
2318 2342 2405 2408 ad
2448 2342 2757 2407 salutem:
2805 2343 2966 2424 quin

654 2439 879 2524 potius
923 2439 1097 2506 velut
1138 2439 1314 2523 aspis
1373 2438 1577 2504 surda
1621 2458 1897 2503 suarum
1943 2438 2211 2503 aurium
2270 2438 2736 2503 obstruxerunt
2780 2437 2967 2503 audi-

664 2544 828 2618 tum,
889 2524 1198 2620 'eligentes
1257 2534 1448 2617 quasi
1499 2557 1625 2619 pro
1683 2535 1898 2618 yloria
1963 2536 2367 2618 confusionis
2428 2536 2844 2619 opprobrium
2908 2539 2968 2599 et

662 2633 1118 2718 irreparabilis
1162 2632 1400 2697 ruinae
1443 2631 1808 2714 periculum
1842 2654 1969 2715 pro
2017 2633 2293 2715 tutela.²)

839 2802 941 2866 50.
999 2798 1217 2875 Quoad
1265 2800 1535 2863 alterum
1582 2799 1819 2863 dicitur
1871 2800 1947 2864 de
1995 2800 2373 2864 consiliariis
2418 2800 2616 2883 regis:
2674 2796 2772 2861 Hi
2814 2801 2970 2861 sunt

663 2897 858 2979 quasi
897 2895 1060 2979 falsi
1089 2894 1474 2979 prophetae,
1529 2894 1815 2959 videntes
1860 2894 1979 2959 tibi
2020 2894 2197 2977 falsa
2243 2899 2304 2959 et
2347 2894 2577 2973 stulta,
2635 2893 2793 2975 quia
2836 2914 2967 2958 non

662 2994 969 3059 viderunt
1028 3013 1069 3057 a
1123 2990 1413 3057 Domino
1468 2990 1796 3056 visionem.
1844 3042 1856 3054 .
1905 3040 1918 3055 .
1966 3040 1981 3055 .
2033 2989 2118 3056 In
2173 2990 2478 3055 vastitate
2535 2990 2818 3071 quadam
2862 2989 2970 3054 ho-

665 3091 805 3156 stili
861 3090 1172 3154 devorant
1216 3087 1464 3152 incolas
1518 3087 1706 3170 reqni
1766 3089 1894 3167 tui,
1954 3092 2013 3151 et
2060 3108 2190 3153 non
2239 3086 2386 3167 tibi,
2444 3087 2554 3152 sed
2597 3086 2717 3167 eis,
2774 3086 2973 3150 melli-

660 3187 1022 3269 ficaverunt
1084 3205 1251 3268 apes.
1359 3183 1486 3247 Isti
1549 3187 1707 3249 sunt
1770 3184 2115 3249 secretiora
2186 3184 2352 3268 ostia
2414 3183 2557 3264 illa,
2619 3205 2743 3266 per
2807 3201 2972 3265 quae

665 3283 959 3350 ministri
1003 3283 1127 3347 Bel
1177 3279 1526 3360 sacrificia,
1583 3300 1747 3361 quae
1783 3280 2407 3363 perimponebantur
2460 3301 2502 3346 a
2559 3301 2735 3362 reye,
2796 3280 2972 3345 clan-

665 3381 808 3447 culo
871 3378 1308 3461 asportabant.
1423 3377 1632 3443 Nimis
1701 3380 1953 3444 minuta
2016 3380 2172 3444 haec
2240 3378 2568 3456 videntur,
2625 3371 2831 3462 *quam
2901 3382 2975 3440 ut

668 3501 780 3543 rex
840 3481 912 3542 in
965 3478 1297 3541 nominum
1352 3476 1777 3540 consonantia
1834 3477 2061 3540 merito
2119 3476 2356 3541 offendi
2414 3480 2647 3559 posset.
2749 3473 2973 3558 Neque

671 3597 748 3639 ex
804 3574 1087 3658 professo
1144 3573 1414 3656 scriptor
1457 3571 1710 3650 Bullae‚
1771 3573 1839 3636 in
1893 3565 2176 3657 profanis
2232 3577 2297 3637 et
2352 3574 2550 3637 sacris
2608 3571 2978 3636 auctoribus

671 3672 1012 3737 manifeste
1065 3691 1267 3753 aeque
1313 3676 1638 3746 versatuS,
1699 3691 1773 3733 ea
1827 3669 2015 3733 verba
2069 3669 2349 3752 posuisse
2398 3668 2646 3733 videtur
2692 3672 2765 3732 ut
2815 3689 2979 3751 pun-

666 3777 853 3853 geret
897 3789 1144 3851 regem,
1193 3766 1302 3832 sed
1362 3789 1473 3850 pro
1528 3766 1723 3851 genio
1773 3788 1889 3830 suo
1937 3765 2203 3849 adaptat
2250 3767 2445 3830 verba
2492 3771 2825 3830 auctorum
2874 3786 2978 3829 sa·

670 3887 918 3929 crorum
968 3871 1032 3929 et
1078 3864 1492 3949 profanorum
1533 3885 1649 3927 suo
1692 3883 1900 3945 scopo.

857 4119 896 4184 ¹)
934 4118 1044 4172 Cfr.
1082 4118 1294 4182 Hefele‚
1332 4117 1388 4170 C.
1429 4116 1510 4182 G„
1548 4118 1610 4169 B.
1638 4115 1703 4167 V.
1744 4115 1792 4183 ξ.
1832 4117 1949 4167 688.

854 4198 898 4265 2)
936 4200 1038 4266 Ap.
1077 4197 1250 4262 Tosti‚
1289 4196 1350 4248 P.
1388 4196 1430 4249 I.
1469 4195 1694 4249 Docum.
1734 4210 1783 4260 p.
1824 4196 1944 4247 270.
