3281 5014
686 428 786 481 166
1100 427 1333 480 XXXII.
1369 428 1453 482 De
1488 427 1848 482 Pontificibus
1884 429 2166 484 Avenione
2203 430 2564 483 commoratis.

682 572 900 632 tamen
956 589 1057 632 res
1111 573 1579 646 successerunt,
1639 590 1838 652 quum
1895 571 2298 652 turbulentia
2354 571 2665 635 Italorum
2719 593 2794 636 ac
2850 573 2983 637 Ro·

681 685 1017 728 manorum
1072 665 1395 749 variisque
1453 665 1927 730 calamitatibus
1982 665 2289 732 Pontifex
2346 689 2478 732 non
2539 690 2765 752 parum
2819 670 2987 734 affli-

682 768 961 844 geretur.
1039 759 1448 826 Adveniente
1493 766 1781 846 tempore
1828 764 2071 828 aestivo
2117 765 2269 829 anni
2321 763 2490 828 1370
2541 763 2842 845 Urbanus
2886 789 2984 831 re·

682 856 911 922 cedens
978 858 1055 921 de
1119 858 1292 925 Urbe
1358 857 1723 943 vadensque
1793 859 1871 924 ad
1932 860 2568 925 Montemflasconem
2638 860 2985 927 declinavit

684 951 1078 1038 Viterbium3
1145 952 1260 1018 ubi
1309 952 1605 1036 primum
1659 954 1890 1037 palam
1950 958 2012 1019 et
2061 954 2321 1038 publice
2378 956 2850 1039 manifestavit,
2918 978 2988 1021 se

681 1046 837 1112 velle
897 1049 1109 1114 redire
1158 1050 1234 1115 de
1285 1049 1590 1133 proximo
1653 1050 1739 1115 ad
1801 1050 2123 1116 civitatem
2187 1050 2722 1133 Avenionensem,
2790 1058 2851 1118 et
2908 1058 2989 1119 ut

683 1165 899 1210 omnes
956 1146 1235 1213 curiales
1276 1147 1363 1212 ad
1415 1145 1529 1212 hoo
1585 1167 1651 1211 se
1703 1146 2115 1230 disponerent
2166 1147 2374 1230 ferias
2423 1148 2669 1214 indixit
2714 1170 2755 1215 a
2790 1149 2982 1233 prin·

683 1240 872 1324 cipiis
917 1243 1155 1308 mensis
1184 1244 1380 1310 Junii
1426 1248 1581 1310 tunc
1625 1242 1943 1311 instantis
1987 1265 2189 1327 usque
2233 1245 2320 1311 ad
2355 1244 2763 1328 principium
2809 1267 2981 1312 men-

681 1337 775 1402 sis
823 1338 1113 1404 Octobris
1147 1345 1375 1424 postea
1418 1340 1757 1423 sequentis.
1849 1341 1944 1406 Et
1986 1341 2073 1407 ad
2116 1342 2232 1407 hoo
2282 1342 2655 1425 faciendum
2701 1342 2873 1408 dixit
2918 1365 2985 1408 se

682 1455 814 1499 esse
856 1440 1102 1501 motum
1155 1436 1546 1502 inclinatum
1589 1437 1944 1520 praecipue
1998 1443 2059 1503 et
2112 1439 2452 1505 inductum
2466 1488 2483 1518 ,
2529 1461 2656 1522 pro
2701 1459 2769 1504 eo
2815 1441 2985 1521 quod

679 1531 937 1598 videbat
977 1534 1058 1599 ab
1105 1553 1243 1599 una
1285 1538 1481 1617 parte
1534 1534 1860 1617 reqionem
1915 1534 2098 1601 illam
2145 1556 2272 1618 pro
2319 1540 2474 1601 tunc
2519 1556 2649 1601 esse
2702 1537 2864 1601 satis
2907 1535 2983 1602 in

669 1628 944 1711 pacifico
989 1633 1051 1695 et
1094 1629 1451 1713 tranquillo
1494 1634 1701 1709 statu,
1760 1635 1822 1696 et
1866 1631 1925 1696 si
1969 1632 2127 1713 quid
2180 1632 2489 1715 fortassis
2538 1636 2698 1697 esset
2739 1632 2981 1698 dissen-

680 1726 912 1807 sionis,
972 1726 1141 1793 illud
1199 1726 1501 1810 sperabat
1555 1726 1832 1792 breviter
1891 1732 1953 1792 et
2006 1733 2159 1794 ante
2218 1728 2565 1794 discessum
2623 1749 2813 1794 suum
2861 1749 2986 1812 per

682 1829 1035 1891 tractatum
1086 1828 1207 1890 aut
1250 1823 1420 1889 alias
1469 1823 1674 1888 debite
1719 1824 2068 1890 terminari
2080 1844 2105 1905 ,·
2158 1825 2238 1890 ab
2297 1825 2434 1890 alia
2485 1845 2634 1891 vero
2679 1823 2984 1890 audiebat

681 1921 883 2001 mala,
943 1940 1109 2003 quae
1153 1918 1458 1986 continuo
1501 1919 1745 2000 fiebant
1802 1925 1864 1986 et
1908 1921 2162 2004 majora
2204 1921 2352 2002 fieri
2407 1921 2842 2004 sperabantur
2885 1942 2980 1987 oc·

681 2019 935 2083 casione
998 2037 1280 2101 querrae
1355 2016 1609 2082 noviter
1676 2017 2027 2086 suscitatae
2091 2023 2153 2083 et
2223 2023 2484 2083 exortae
2557 2017 2733 2083 inter
2804 2038 2987 2101 reyes

681 2114 1008 2181 Franciae
1060 2118 1122 2178 et
1166 2112 1473 2197 Anyliae,
1535 2113 1772 2195 quibus
1822 2118 1900 2180 ut
1950 2115 2209 2181 obviare
2247 2119 2491 2198 posset,
2555 2114 2829 2181 multum
2878 2114 2985 2179 in·

681 2216 821 2277 erat
867 2211 1067 2276 menti
1120 2231 1301 2289 suae,
1365 2214 1631 2293 eratque
1678 2210 2064 2277 intentionis
2117 2232 2302 2291 suae,
2365 2211 2651 2277 Domino
2702 2211 2979 2294 favente,

680 2308 853 2374 circa
920 2307 1294 2391 hujusmodi
1348 2327 1629 2389 querrae
1690 2307 2081 2373 sedationem
2151 2307 2304 2373 totis
2363 2307 2617 2374 viribus
2687 2307 2989 2373 laborare

679 2409 739 2470 et
798 2404 1159 2484 intendere,
1236 2403 1432 2469 etiam
1488 2402 1564 2469 in
1629 2403 1904 2487 propria
1971 2403 2058 2469 ad
2119 2403 2319 2469 dictos
2393 2424 2571 2487 reyes
2634 2403 2986 2469 accedendo

678 2500 794 2567 hoe
855 2500 930 2566 de
991 2521 1216 2580 causa,
1283 2499 1397 2567 ubi
1459 2499 1629 2566 alias
1692 2522 1886 2585 super
1947 2500 2062 2567 hoc
2110 2522 2176 2566 se
2240 2522 2373 2567 non
2433 2522 2615 2584 posse
2668 2500 2987 2584 proficere·

677 2598 1061 2681 reperiret.¹)
1174 2599 1573 2665 Studuerunt
1648 2600 1899 2683 quidem
1976 2623 2108 2664 non
2181 2600 2365 2684 pauci
2438 2598 2588 2664 Itali
2656 2620 2984 2664 removere

678 2695 1013 2761 Urbanum
1078 2719 1115 2758 a
1177 2694 1420 2777 reditU,
1487 2716 1559 2759 ac
1617 2695 1865 2760 minata
1929 2701 2028 2762 est
2089 2697 2210 2780 ipsi
2276 2695 2336 2761 S.
2398 2695 2684 2780 Brigitta
2738 2695 2979 2760 Romae

676 2800 834 2859 tunc
907 2814 1305 2858 commorans
1374 2791 1731 2876 proximam
1806 2793 1877 2856 in
1952 2791 2165 2857 Gallia
2240 2797 2528 2857 mortem.
2652 2792 2776 2858 Sed
2853 2791 2974 2856 Ur-

676 2891 881 2955 banus
938 2887 1017 2954 V.
1085 2894 1300 2953 motus
1369 2888 1497 2952 illis
1574 2909 1735 2972 quas
1813 2891 2108 2972 exposuit
2173 2889 2533 2955 rationibus
2609 2912 2765 2955 sane
2833 2911 2981 2973 gra-

674 2987 969 3064 vissimi8‚
1017 2987 1171 3070 (jam
1219 2986 1387 3049 enim
1437 2985 1609 3048 lucta
1653 2984 2119 3050 infaustissima
2165 2990 2425 3050 centum
2469 3008 2784 3051 annorum
2831 2985 2984 3051 Gal-

676 3085 769 3149 los
832 3084 1003 3148 inter
1066 3087 1132 3147 et
1171 3081 1419 3167 Anglos
1481 3079 1806 3165 ardebat),
1879 3104 1953 3146 ac
2015 3082 2432 3165 probabiliter
2499 3083 2690 3147 etiam
2759 3083 2983 3145 multis

673 3179 1090 3246 incommodis
1167 3182 1233 3242 et
1305 3177 1829 3255 difficultatibus,
1904 3200 2072 3263 quae
2144 3179 2213 3243 in
2286 3179 2479 3244 Italia
2541 3178 2793 3243 obviam
2863 3177 2976 3241 ha—

679 3278 835 3356 buit,
879 3281 1129 3342 statuto
1176 3280 1465 3357 tempore
1511 3274 1578 3337 in
1629 3272 1907 3338 Galliam
1954 3279 2054 3339 est
2099 3296 2409 3354 reversuS‚
2455 3296 2529 3339 ac
2573 3274 2676 3339 die
2717 3271 2832 3337 24⁰
2864 3271 2977 3341 Se-

675 3375 984 3459 ptembris
1049 3372 1341 3457 pervenit
1406 3369 1845 3449 Ammonem,
1918 3371 2026 3435 ubi
2091 3393 2233 3436 cum
2297 3369 2532 3455 gaudio
2600 3377 2667 3435 et
2730 3371 2979 3436 exulta-

675 3472 854 3537 tione
922 3475 1217 3554 receptus
1292 3473 1408 3532 est.
1524 3465 1877 3548 Postquam
1950 3466 2148 3532 rediit
2220 3466 2296 3530 de
2361 3466 2669 3548 partibus
2737 3465 2986 3532 Italiae

677 3567 964 3632 totaliter
1010 3569 1222 3630 mente
1271 3561 1589 3645 disposuit
1645 3562 1720 3628 in
1769 3564 2045 3647 propria
2104 3563 2400 3629 laborare
2456 3564 2629 3629 circa
2671 3562 2976 3646 pacifica-

676 3664 915 3728 tionem
959 3661 1278 3727 dictorum
1323 3679 1549 3742 requm
1594 3657 1923 3725 Franciae
1967 3665 2026 3724 et
2073 3659 2381 3744 Anqliae,
2439 3659 2526 3728 ad
2568 3660 2739 3742 quod
2781 3658 2976 3725 etiam

676 3764 851 3825 certa
903 3756 1377 3842 praeparativa
1435 3755 1782 3821 ordinavit.
1895 3755 2022 3821 Sed
2082 3756 2246 3822 satis
2308 3757 2431 3822 cito
2484 3777 2726 3840 maqna
2790 3755 2979 3835 infir-

676 3856 872 3920 mitas
925 3855 1140 3938 ipsum
1188 3852 1509 3936 arripuit,
1566 3873 1649 3917 ex
1701 3873 1832 3934 qua
1875 3852 2156 3919 sentiens
2208 3874 2273 3918 se
2313 3851 2618 3936 qravari,
2675 3856 2974 3917 mortem·

677 3973 797 4034 que
851 3952 976 4016 sibi
1017 3950 1459 4035 propinquam
1513 3947 1926 4029 existimans,
1985 3949 2072 4014 ad
2125 3970 2201 4015 ea
2246 3969 2478 4015 vacare
2532 3948 2806 4026 destitit,
2868 3947 2983 4012 sed

857 4160 897 4226 ¹)
937 4160 1120 4213 Balut.
1156 4160 1343 4213 Prima
1365 4157 1502 4212 Vita
1536 4158 1745 4211 Urbani
1771 4157 1838 4213 V.
1878 4174 1929 4225 p.
1967 4161 2087 4213 390.
