3281 5014
1190 446 1403 500 Electio
1444 446 1651 500 Urbani
1677 446 1771 500 VI.
2530 449 2633 500 249

319 587 449 653 Sed
484 587 845 653 Cardinalis
879 583 945 650 S.
978 587 1154 652 Petri
1205 609 1353 652 mox
1386 588 1684 652 omnibus
1724 587 2092 651 declaravit:
2139 585 2284 670 Eyo
2311 607 2442 652 non
2489 607 2633 652 sum

324 682 515 766 Papa
530 732 547 762 ,
604 704 719 747 nec
765 682 1086 765 antipapa
1142 702 1275 746 esse
1330 682 1496 762 volo,
1558 682 1669 747 secl
1720 681 1946 748 melior
2004 703 2104 747 me
2148 688 2241 748 est
2284 682 2518 749 electus
2560 683 2636 749 in

321 779 600 863 Papam,
646 778 885 844 scilicet
926 776 1447 861 archiepiscopus
1483 779 1824 844 Berensis.
1897 780 1996 844 Ex
2044 780 2143 845 his
2189 782 2486 847 omnibus
2530 787 2636 845 tu-

324 880 563 943 multus
623 884 886 943 exortus
944 884 1068 960 est3
1134 878 1334 961 aliqui
1390 877 1763 942 cardinales
1818 878 2156 953 timenteS,
2217 899 2302 941 ne
2362 879 2638 961 populus

320 979 585 1059 propter
641 974 1018 1039 electionem
1077 975 1197 1038 viri
1256 977 1365 1058 qui
1413 974 1744 1040 Romanus
1798 973 1970 1037 haud
2029 980 2195 1050 erat,
2261 979 2329 1039 et
2380 981 2639 1059 propter

323 1072 647 1136 fictionem
690 1072 885 1136 istam
930 1072 1000 1135 in
1045 1071 1217 1154 ipsos
1269 1070 1627 1152 inveheret,
1675 1071 1746 1135 in
1792 1071 2129 1134 castellum
2176 1066 2241 1134 S.
2290 1071 2523 1156 Angeli
2569 1093 2637 1135 se

321 1174 734 1253 receperunt3
795 1168 908 1232 alii
963 1189 1042 1231 ex
1100 1166 1277 1231 Urbe
1334 1168 1571 1252 egressi
1623 1171 1807 1248 sunt3
1867 1167 1976 1230 alii
2035 1167 2102 1231 in
2159 1168 2290 1231 suis
2343 1167 2638 1252 hospitiis

319 1270 796 1346 remanserunt,
843 1264 1136 1349 nihilque
1181 1269 1405 1329 tamen
1452 1265 1605 1328 mali
1656 1264 1815 1348 ipsis
1861 1264 2103 1328 factum
2150 1268 2269 1329 est.
2356 1264 2638 1349 Vespere

322 1363 483 1427 varii
525 1361 917 1438 CardinaleS,
965 1362 1076 1445 qui
1123 1383 1198 1424 ex
1249 1360 1426 1425 Urbe
1472 1364 1903 1438 excesserant,
1947 1361 2343 1442 scripserunt
2389 1360 2467 1425 ad
2514 1360 2640 1424 Ba·

318 1480 572 1524 rensem
620 1460 687 1522 in
738 1459 978 1542 palatio
1009 1457 1328 1522 Vaticano
1372 1458 1762 1521 existentem
1810 1456 1888 1520 de
1934 1457 2247 1521 electione
2290 1456 2515 1540 ipsine,
2567 1480 2640 1522 ac

327 1560 715 1619 monuerunt
755 1576 932 1629 eum,
990 1558 1063 1617 ut
1120 1556 1382 1637 propter
1427 1554 1626 1616 iratos
1668 1551 1992 1616 Romanos
2038 1552 2104 1616 in
2153 1558 2369 1617 tutum
2426 1575 2495 1618 se
2541 1576 2638 1618 re-

321 1653 566 1735 ciperet
609 1651 851 1734 locum;
900 1650 1012 1715 sed
1057 1650 1369 1714 suadente
1415 1648 1741 1713 Cardinali
1791 1648 1854 1714 S.
1893 1647 2095 1726 Petri,
2142 1671 2284 1715 cum
2330 1651 2473 1732 ipso
2519 1650 2639 1716 hoc

318 1746 666 1812 Cardinale
696 1747 766 1810 in
812 1747 1054 1830 palatio
1089 1744 1405 1811 Vaticano
1435 1747 1766 1810 remansit.
1812 1781 1895 1790 —
1943 1744 2173 1809 Altera
2205 1745 2307 1810 die
2337 1744 2408 1810 9⁰
2438 1747 2637 1830 Apri·
2655 1752 2827 1794 Elecfi⁰
2866 1765 2972 1815 εἰει

322 1845 403 1908 lis
448 1843 676 1909 electio
720 1844 797 1907 de
845 1844 1110 1908 consilio
1158 1842 1516 1908 Cardinalis
1558 1841 1619 1907 S.
1669 1841 1850 1905 Petri
1908 1842 2183 1925 primum
2235 1842 2636 1908 Officialibus
2709 1816 2916 1866 malgm'

321 1940 539 2024 populi
569 1938 851 2004 Romani
898 1941 1294 2005 annuntiata
1339 1939 1489 2016 fuit,
1535 1939 1646 2022 qui
1692 1960 1760 2002 se
1807 1938 1998 2021 plane
2030 1943 2371 2004 contentos
2419 1944 2638 2005 osten-

313 2037 584 2115 derunt,
645 2043 713 2101 et
773 2038 967 2102 etiam
1023 2036 1395 2102 Cardinales
1453 2036 1525 2099 in
1581 2034 1844 2101 castello
1902 2030 1968 2099 S.
2029 2036 2270 2121 Angeli
2331 2036 2639 2121 degentes

316 2136 629 2199 certiores
672 2133 1119 2210 reddiderunt,
1176 2132 1342 2198 nihil
1396 2133 1665 2197 omnino
1719 2154 1795 2197 ex
1856 2136 2039 2216 parte
2101 2133 2316 2216 populi
2363 2134 2640 2199 Romani

314 2230 682 2295 timendum
730 2252 889 2294 esse.
983 2229 1355 2294 cardinales
1410 2227 1560 2293 dein
1618 2229 1729 2312 qui
1780 2228 2021 2293 Romae
2065 2229 2369 2312 aderant,
2425 2228 2641 2315 (erant

316 2334 544 2391 autem
589 2327 971 2404 duodecim),
1018 2331 1163 2409 post
1207 2325 1537 2390 meridiem
1581 2326 1652 2389 in
1701 2326 1943 2409 palatio
1972 2325 2290 2393 Vaticano
2336 2328 2640 2392 solemni-

319 2429 426 2488 ter
473 2423 941 2488 confirmarunt
987 2421 1291 2504 Barensi,
1345 2422 1552 2505 ipsum
1611 2422 1736 2485 rite
1790 2429 1857 2486 et
1912 2422 2199 2506 legitime
2258 2423 2325 2487 in
2377 2423 2642 2489 Pontifi-

315 2543 461 2585 cem
506 2521 778 2586 electum
828 2543 984 2597 esse,
1034 2527 1099 2586 et
1143 2521 1527 2585 institerunt
1572 2523 1649 2583 ut
1687 2518 2065 2583 electionem
2114 2525 2320 2585 ratam
2352 2521 2639 2586 haberet.

319 2615 478 2699 Ipse
519 2637 670 2680 vero
713 2615 967 2691 electus,
1012 2615 1310 2698 precibus
1340 2618 1401 2679 et
1444 2613 1791 2679 instantiis
1824 2612 2128 2694 devictus,
2173 2635 2319 2681 cum
2366 2620 2643 2683 tremore

319 2717 388 2778 et
442 2711 671 2777 timore
720 2713 1069 2795 praefatae
1122 2710 1417 2777 electioni
1469 2710 1807 2776 consensit.
1872 2748 1961 2758 —
2027 2712 2276 2779 Deinde
2339 2716 2642 2780 solemni-

326 2817 497 2874 tates
543 2811 774 2875 solitae
819 2816 1118 2894 peractae
1164 2817 1349 2892 sunt,
1405 2815 1473 2873 et
1518 2807 1892 2873 Cardinales
1947 2811 2138 2893 plane
2186 2832 2255 2874 se
2300 2820 2642 2896 gesserunt

325 2928 481 2992 erga
532 2906 867 2971 Urbanum
900 2906 1015 2971 VI.
1072 2912 1148 2972 ut
1202 2927 1359 2990 erga
1414 2906 1657 2995 Papam
1712 2906 2102 2990 legitimum,
2159 2910 2221 2970 et
2272 2906 2450 2972 inter
2504 2929 2640 2973 cae·
2718 2982 2725 2990 ι

321 3006 469 3067 tera
517 3001 854 3084 petierunt
908 3001 1245 3069 humiliter
1294 3001 1560 3084 plenam
1581 3081 1596 3097 .
1623 3000 2091 3067 absolutionem
2152 3002 2443 3068 omnium
2494 3026 2641 3087 pec-

317 3104 648 3180 catorum,
705 3104 766 3164 et
817 3099 1363 3182 dispensationem
1421 3118 1618 3180 super
1677 3097 2062 3179 quibusdam
2125 3098 2641 3182 irreqularitati-

322 3195 464 3277 bus,
499 3216 665 3279 quas
692 3196 926 3278 forsan
953 3195 1392 3261 incurrissent
1403 3214 1428 3274 ,·
1474 3213 1638 3276 quae
1672 3193 1893 3259 omnia
1931 3194 2101 3259 idem
2133 3195 2466 3261 Dominus
2497 3218 2641 3262 con·

322 3292 548 3372 cessit;
611 3296 671 3357 et
731 3292 1189 3374 subsequenter
1249 3290 1517 3374 quilibet
1578 3310 1802 3355 eorum
1858 3290 2017 3374 eleqi
2020 3295 2046 3355 t
2105 3290 2232 3356 sibi
2285 3313 2482 3376 super
2540 3293 2645 3359 his

316 3390 773 3472 confessorem,
810 3410 933 3471 per
978 3409 1164 3471 quem
1194 3388 1269 3453 in
1310 3387 1532 3469 forma
1562 3386 1891 3453 Ecclesiae
1936 3408 2000 3453 se
2040 3388 2283 3454 absolvi
2324 3391 2641 3473 fecerunt.

325 3524 413 3534 -
461 3487 559 3551 Ex
605 3486 704 3551 his
751 3488 1099 3571 colligitur,
1144 3488 1519 3552 electionem
1563 3485 1810 3550 Urbani
1860 3485 2212 3570 legitimam
2259 3489 2484 3573 fuisse;
2532 3490 2641 3554 sed

314 3585 622 3649 conferre
669 3606 943 3668 aequum
993 3591 1093 3649 est
1140 3585 1333 3648 etiam
1378 3580 1790 3647 Relationem
1839 3582 2298 3650 cardinalium.

507 3682 609 3744 15.
670 3681 751 3745 In
816 3680 936 3745 hac
996 3682 1200 3765 igitur
1265 3680 1609 3744 Relatione
1674 3677 2045 3745 Cardinales
2112 3679 2188 3744 de
2253 3681 2469 3747 furore
2527 3706 2639 3768 po·
2671 3679 2966 3752 ⁰⁸3ffi¹¹³¹l¹²¹¹¹

326 3778 463 3861 puli
520 3776 797 3840 multum
865 3781 1379 3860 conqueruntur,
1444 3797 1517 3839 ac
1577 3798 1691 3860 per
1754 3780 1958 3841 totam
2017 3784 2270 3842 noctem
2333 3784 2479 3862 post
2538 3781 2640 3844 in·
2660 3742 2972 3856 Ῐὲἓιῗξὲζ

314 3895 613 3958 gressum
660 3874 732 3937 in
781 3873 1095 3938 Conclave
1143 3873 1491 3936 maximum
1547 3873 1745 3936 fuisse
1789 3874 2141 3938 tumultum
2190 3881 2509 3942 asserunt.
2555 3914 2644 3924 —
2772 3870 2857 3921 ³2⁹²

316 3969 456 4035 Sed
499 3991 802 4057 magnam
850 3971 1271 4054 agitationem
1334 3971 1401 4032 in
1449 3968 1715 4034 civitate
1760 3969 2059 4035 Romana
2117 3972 2183 4035 in
2231 3973 2348 4035 tali
2404 3979 2643 4039 eventu

323 4066 555 4144 fuisse,
619 4076 793 4130 certe
850 4089 982 4132 non
1044 4066 1275 4130 mirum
1333 4071 1449 4130 est.
1555 4064 1716 4130 Erat
1770 4074 1987 4132 autem
2043 4073 2294 4151 tempus
2352 4084 2642 4147 vernum,

314 4163 396 4227 :in
444 4163 638 4229 Italia
676 4163 1245 4248 jucundissimum,
1295 4167 1362 4225 et
1399 4165 1593 4245 juxta
1639 4162 1953 4228 Thomam
2000 4165 2076 4228 de
2127 4165 2406 4240 Acern0,
2455 4167 2644 4231 multi
