3281 5014
685 398 892 464 Causae
928 404 1321 466 praeparantes
1359 398 1722 454 defectionem
1759 398 2208 453 Protestantium.
2499 401 2605 452 469

287 542 555 606 ritatem
602 540 923 606 Ecclesiae
983 541 1409 625 impugnavit.
1504 539 1748 606 Contra
1802 562 1947 604 eum
2001 542 2082 604 ab
2138 540 2605 623 archiepiscopo

290 637 678 722 Moguntino
748 637 1154 721 inquisitum·
1199 637 1325 701 fuit
1396 644 1460 701 et
1526 639 1767 721 scripta
1835 639 1973 720 ejus
2039 636 2372 705 combusta
2429 641 2603 709 sunt,

286 735 425 818 ipse
472 756 624 798 vero
678 736 747 797 in
795 735 1258 798 monasterium
1318 735 1645 817 relegatus
1695 755 1867 798 anno
1918 734 2082 799 1481
2147 739 2430 803 mortuus
2491 736 2606 796 est.

285 867 380 876 —
442 829 733 894 Joawncs
795 829 873 893 dc
936 827 1124 915 Goch
1172 827 1482 914 (Puppar)
1549 829 1700 895 Ord.
1765 829 1828 894 S.
1891 829 2279 914 Augustini,
2345 832 2603 892 tantum

282 912 911 1010 sacras—Scripturas
967 912 1045 990 ut
1100 928 1389 1011 regulam
1452 927 1599 991 fidei
1660 929 2108 1009 agnoscebat,
2141 931 2206 989 et
2267 930 2419 988 vota
2469 947 2605 991 mo-

291 1026 539 1088 nastica
598 1023 1086 1089 condemnabat.
1185 1021 1363 1087 Obiit
1417 1024 1552 1106 ipse
1615 1045 1787 1087 anno
1849 1022 2037 1085 1475.
2089 1057 2175 1070 -·
2231 1020 2415 1086 Alius
2470 1022 2608 1105 qui-

283 1120 438 1183 dam
500 1119 794 1184 Joa‘nncs
869 1117 1207 1184 Wesselius
1269 1126 1447 1184 ortus
1513 1142 1592 1184 ex
1657 1119 1888 1203 oppido
1954 1117 2362 1229 Groningen,
2434 1118 2607 1182 inter

289 1335 558 1377 nearum
619 1318 954 1396 suspectus
1011 1312 1169 1387 fuit,
1233 1315 1545 1398 simulque
1603 1313 1866 1378 liberius
1926 1312 2158 1375 abusus
2212 1311 2323 1394 qui
2364 1312 2436 1374 in
2483 1309 2605 1376 Ec-

280 1410 487 1492 clesia
545 1410 666 1492 ipsi
724 1408 941 1473 adesse
997 1408 1386 1474 videbantur
1442 1431 1781 1493 aggressus
1842 1416 1959 1472 est.
2053 1405 2400 1471 Processus
2463 1406 2605 1490 qui-

283 1506 434 1569 -dem
488 1508 561 1569 in
617 1505 823 1589 ipsum
870 1507 1114 1582 factuS,
1175 1505 1285 1568 sed
1345 1527 1480 1569 non
1535 1505 2002 1569 condemnatus
2057 1504 2214 1583 fuit,
2279 1509 2597 1568 mortuus·

284 1622 416 1684 que
464 1608 562 1665 est
606 1624 779 1666 anno
834 1602 999 1665 1489
1048 1601 1118 1665 in
1166 1601 1429 1665 civitate
1476 1603 1682 1683 patria
1731 1599 2130 1683 Groningen.
2170 1635 2257 1645 ——
2303 1599 2600 1664 Temera-

291 1699 417 1762 rias
473 1698 805 1781 opiniones
860 1698 1158 1763 similiter
1219 1719 1293 1762 ea
1349 1703 1560 1762 aetate
1607 1695 1923 1761 Nicolaus
1979 1694 2171 1781 Rus-s·
2217 1697 2287 1760 in
2343 1695 2605 1760 civitate

284 1793 575 1859 Rostock
633 1796 1115 1878 propugnabat,
1180 1817 1376 1878 quum
1439 1796 1511 1857 in
1569 1781 1938 1859 monachos
1977 1778 2171 1877 atque
2233 1794 2304 1857 in
2363 1792 2604 1856 hierar-

281 1891 495 1955 chiam
546 1891 892 1969 Ecclesiae,
946 1892 1013 1955 in
1064 1892 1307 1956 cultum
1354 1895 1724 1956 sanctorum
1770 1897 1836 1954 et
1881 1891 2297 1975 reliquiarum
2344 1895 2410 1954 et
2456 1910 2604 1953 con-

289 1994 394 2052 tra
440 1988 881 2071 indulgentias
928 1987 1231 2052 audacter
1278 1988 1686 2052 declamaret.

315 2155 321 2160 ,
469 2088 572 2151 81.
626 2085 830 2148 Plane
876 2084 1196 2148 immerito
1241 2082 1691 2165 Hieronymus
1737 2081 2142 2148 Savo‘narola
2197 2083 2371 2149 inter
2426 2105 2603 2166 prae-

282 2203 580 2246 cursores
665 2179 936 2245 Lutheri
1012 2184 1394 2245 recensetur.
1528 2176 1807 2244 Etenim
1864 2181 2185 2244 doctrinas
2252 2179 2604 2265 haereticas

288 2278 665 2342 nullatenus
726 2278 977 2360 sparsit.
1074 2273 1201 2341 Sed
1265 2278 1721 2365 intempestivo
1783 2277 2060 2361 quodam
2117 2256 2341 2339 ardore
2398 2256 2603 2338 refor-

283 2357 608 2439 [dationis
619 2368 650 2375 “
667 2381 733 2438 et
807 2375 1221 2452 correctionis
1288 2374 1592 2456 abreptus
1661 2378 1789 2450 est,
1864 2382 1938 2437 ut
2006 2373 2192 2456 aequi
2269 2371 2602 2435 excederet

281 2471 557 2548 limites,
646 2472 845 2536 donec
911 2471 1097 2536 triste
1174 2471 1297 2535 sibi
1372 2471 1681 2535 conscivit
1755 2470 2154 2554 supplicium.
2285 2468 2383 2534 De
2460 2470 2600 2554 ipso

279 2569 441 2650 quid
508 2568 960 2652 judicandum,
1048 2590 1249 2652 usque
1327 2568 1404 2631 ad
1481 2572 1774 2651 tempora
1850 2574 2076 2633 nostra
2156 2568 2350 2636 etiam
2427 2568 2601 2642 inter

279 2664 505 2729 doctos
568 2670 635 2728 et
696 2666 831 2748 pios
894 2666 1415 2729 controvertitur.
1529 2664 1756 2729 Placet
1815 2687 1891 2728 ea
1954 2664 2186 2741 citare,
2258 2686 2423 2748 quae
2485 2663 2600 2727 ha-

286 2760 396 2824 bet
465 2761 841 2844 Raynaldus
912 2761 990 2825 ad
1060 2784 1304 2826 annum
1379 2762 1581 2845 1498,
1654 2785 1717 2826 n.
1795 2763 1875 2825 10
1943 2783 2114 2845 sqq.;
2185 2783 2335 2825 nam
2405 2760 2596 2824 etiam

278 2857 702 2922 consideratis
778 2859 858 2920 iis
936 2880 1102 2940 quae
1180 2881 1217 2921 a
1293 2859 1758 2923 recentioribus
1830 2858 1906 2922 de
1978 2858 2371 2923 Savonarola
2445 2858 2602 2922 scri-

285 2960 399 3036 pta
462 2958 641 3034 sunt,
708 2952 1034 3036 Raynaldi
1101 2956 1329 3018 relatio
1398 2955 1607 3019 brevis
1673 2956 1765 3019 rei
1836 2961 1901 3019 et
1968 2955 2364 3038 quaestionis
2432 2975 2600 3020 sum-

286 3072 455 3114 mam
516 3052 675 3113 satis
738 3052 904 3114 clare
966 3049 1264 3114 exhibere
1324 3050 1593 3115 videtur.
1705 3050 1884 3132 „Hoc
1944 3052 2163 3116 eodem
2227 3072 2398 3116 anno
2458 3050 2600 3115 Flo·

283 3147 537 3210 tentiae
593 3147 911 3211 tumultus
967 3146 1183 3210 civiles
1238 3148 1442 3222 aucti,
1506 3147 1574 3210 in
1629 3148 1860 3229 quibus
1918 3147 2354 3231 Hieronymus
2405 3146 2599 3211 Savo-

279 3243 509 3308 narola
574 3244 648 3309 O.
715 3243 784 3306 Ρ.
851 3242 960 3325 qui
1031 3263 1267 3326 magna
1336 3242 1664 3308 doctrinae
1733 3251 1797 3308 et
1861 3246 2228 3309 sanctitatis
2297 3245 2600 3327 opinione

276 3340 453 3423 apud
506 3360 653 3402 suos
714 3338 797 3401 ob
842 3337 1212 3402 adstrictam
1270 3338 1634 3422 religiosam
1697 3339 2094 3423 disciplinam
2151 3362 2406 3405 necnon
2466 3340 2601 3424 pie-

275 3435 439 3500 tatis
516 3436 758 3500 cultum
826 3435 998 3497 inter
1077 3435 1415 3517 populares
1483 3441 1854 3519 provectum
1921 3437 2192 3500 florebat
2259 3439 2446 3514 ade0,
2526 3443 2600 3501 ut

276 3532 476 3610 etiam
544 3532 627 3594 ob
688 3531 944 3595 Italicas
1005 3531 1404 3595 calamitates
1468 3533 1672 3597 multo
1736 3539 2085 3616 antequam
2142 3533 2600 3617 contingerent

279 3628 637 3711 praedictas
694 3625 1007 3711 propheta
1064 3626 1435 3711 haberetur,
1495 3651 1639 3693 cum
1703 3629 1774 3695 in
1830 3630 2244 3705 concionibus
2299 3631 2599 3695 coelestia

267 3727 556 3809 jactaret
618 3725 777 3802 visa,
848 3724 1154 3788 miracula
1220 3726 1631 3808 polliceretur
1701 3748 1821 3789 nec
1888 3731 2203 3809 patraret,
2271 3749 2598 3811 novasque

280 3843 381 3885 res
437 3822 774 3887 moliturus
831 3821 901 3883 in
957 3820 1398 3885 Alexandrum
1452 3823 1868 3899 declamaret,
1935 3823 2441 3908 sollicitaretque
2505 3845 2600 3889 re-

276 3938 421 4001 ges,
484 3922 557 3981 ut
612 3919 953 3982 concilium
1010 3919 1513 3997 oecumenicum,
1577 3918 1656 3982 ad
1714 3919 2130 3984 christianam
2195 3919 2597 4004 disciplinam

279 4013 346 4076 in
405 4015 744 4097 pristinum
799 4019 1040 4080 statum
1101 4014 1597 4093 restituendam,
1659 4015 2253 4100 decernendumque
2310 4017 2379 4081 in
2426 4017 2594 4081 Tur-

277 4131 383 4173 cas
431 4132 547 4193 pro
600 4110 1001 4176 restituenda
1050 4109 1337 4175 Orientis
1392 4111 1705 4195 religione
1763 4134 2014 4178 sacrum
2070 4112 2336 4190 bellum,
2400 4136 2597 4198 agen·

2631 3164 2686 3206 H.
2713 3164 2904 3208 Savona·

2717 3226 2825 3269 rola.
