3281 5014
1018 409 1101 463 De
1141 410 1590 463 condemnatione
1626 410 1835 465 Hussii.
2497 413 2600 465 319

286 554 477 633 pacto
538 550 815 632 elidunt,
877 555 992 614 aut
1047 550 1289 634 aliquid
1353 551 1725 627 adstruunt,
1787 551 1957 634 quod
2014 557 2421 617 sacrosancta
2470 552 2600 617 Ro·

288 669 482 711 mana
528 670 660 711 non
706 648 1118 730 amplectitur
1163 647 1507 711 Ecclesia.“
1588 645 1902 711 Attamen
1950 649 2086 733 ipse
2124 649 2433 713 Pontifex
2480 650 2601 713 sub

287 744 479 807 finem
531 744 903 828 subjungit:
969 740 1129 807 Cum
1188 741 1292 806 his
1335 745 1397 806 et
1446 742 1775 823 qeneralis
1824 742 2099 809 Concilii
2145 743 2601 810 auctoritatem

287 842 349 903 et
382 843 766 921 potestatem
813 838 1320 921 complectimur,
1380 839 1911 920 quemadmodum
1968 861 2122 906 aevo
2167 846 2389 906 nostro
2439 839 2600 906 Con-

287 935 600 1014 stantiae,
657 934 812 1000 dum
858 935 953 1000 ibi
996 935 1134 1018 fuit
1178 935 1466 1018 synodus
1511 934 1938 1016 universalis,
1996 937 2396 1003 declaratum
2450 936 2602 1017 defi-

287 1032 629 1114 nitumque
685 1035 794 1096 est.
897 1032 1298 1097 Veneramur
1351 1032 1523 1097 enim
1584 1030 2077 1098 Constantiense
2128 1032 2487 1100 Concilium
2542 1037 2604 1097 et

289 1132 522 1194 cuncta
580 1148 745 1210 quae
796 1133 1319 1211 praecesserunt,
1382 1149 1424 1194 a
1483 1128 1809 1194 Romanis
1868 1129 2298 1211 Pontificibus
2359 1121 2605 1195 nostris

278 1224 882 1309 praedecessoribus
928 1225 1363 1311 approbata.¹)
1454 1226 1860 1292 Censendum
1908 1228 2080 1292 haud
2126 1234 2243 1305 est,
2291 1229 2474 1294 Pium
2522 1228 2604 1293 Π.

289 1323 389 1389 his
451 1325 818 1407 designasse
879 1324 1132 1388 decreta
1192 1324 1496 1388 sessionis
1557 1330 1830 1407 quartae
1886 1330 1953 1389 et
2011 1327 2281 1410 quintae
2336 1326 2606 1390 Concilii

292 1419 843 1501 ConstantiensiS,
902 1420 1012 1484 sed
1065 1420 1358 1504 loquitur
1404 1420 1481 1483 de
1526 1421 2066 1486 declarationibus
2124 1429 2349 1506 postea
2397 1424 2604 1501 sactiS,

289 1517 584 1581 videlicet
624 1518 963 1600 praecipue
1006 1518 1084 1581 de
1127 1515 1319 1580 Bulla
1361 1516 1630 1580 Martini
1659 1518 1741 1581 V.
1789 1514 1979 1581 Inter
2019 1523 2311 1598 cunctim,
2358 1520 2426 1583 in
2476 1542 2615 1604 qua·
2649 1589 2661 1600 ,

291 1614 688 1698 approbante
734 1613 1020 1678 Concilio
1068 1614 1134 1677 in
1183 1613 1701 1697 interrogatoriis
1748 1615 2137 1693 declaratur,
2196 1614 2366 1696 quod
2410 1613 2605 1696 quod-

293 1708 442 1774 libet
493 1707 867 1774 Concilium.
892 1708 1194 1790 qenerale
1241 1714 1302 1774 et
1347 1708 1543 1773 etiam
1595 1706 2114 1790 Constantiense,
2170 1709 2604 1777 universalem

290 1804 648 1872 Ecclesiam
708 1809 1169 1888 repraesentat.
1272 1807 1491 1871 Verba
1553 1805 1653 1870 Pii
1711 1806 1793 1869 11.
1864 1829 1995 1872 non
2069 1809 2407 1873 referenda
2469 1831 2607 1873 esse

293 1905 374 1968 ad
423 1905 675 1968 decreta
720 1904 1022 1969 sessionis
1069 1911 1338 1988 quartae
1385 1909 1451 1968 et
1500 1906 1788 1988 quintae,
1831 1906 1983 1969 inde
2031 1907 2389 1990 colligitur,
2437 1906 2606 1990 quod

292 2023 491 2086 quum
554 2001 689 2083 ipse
744 2004 1059 2065 retractat
1115 2002 1332 2066 omnia
1389 2022 1554 2084 quae
1607 2001 1677 2064 in
1735 2007 1996 2067 sanctae
2054 2001 2237 2066 Sedis
2293 2003 2607 2087 praejudi-

230 2165 233 2168 Α
293 2099 460 2161 cium
523 2098 896 2180 scripserat,
963 2102 1135 2161 certe
1198 2119 1330 2161 non
1393 2098 1706 2180 approbat
1763 2099 1877 2162 illa
1930 2099 2217 2175 decreta,
2285 2103 2606 2183 quatenus

291 2196 661 2279 generalem
719 2193 1160 2258 definitionem
1217 2194 1294 2258 de
1351 2185 1736 2259 auctoritate
1795 2195 2066 2260 Concilii
2122 2215 2317 2279 supra
2361 2194 2605 2279 Papam

293 2291 724 2356 continerent.
835 2289 940 2355 Sic
1004 2290 1177 2354 enim
1246 2290 1579 2355 Pontificis
1633 2292 1785 2375 jura
1840 2292 2182 2357 manifeste
2244 2291 2605 2356 laedebant.

293 2387 372 2452 In
430 2410 625 2453 sensu
685 2393 900 2453 autem
958 2388 1258 2451 restricto
1316 2394 1604 2469 accepta,
1670 2387 1809 2470 ipsa
1861 2410 1995 2451 non
2058 2391 2401 2453 continent
2454 2388 2605 2451 defi·

292 2485 607 2551 nitionem
665 2490 730 2550 et
785 2485 1283 2551 declarationem
1339 2484 1417 2548 de
1473 2486 1860 2550 auctoritate
1921 2487 2316 2570 generalium
2377 2484 2607 2551 Conci-

293 2584 557 2659 liorum3
613 2583 771 2648 haec
816 2605 967 2648 vero
1024 2583 1357 2647 invenitur
1411 2583 1478 2645 in
1526 2583 1602 2645 iis
1650 2605 1812 2665 quae
1864 2584 1934 2646 in
1979 2583 2170 2656 Bulla
2215 2581 2405 2647 Inter
2452 2603 2605 2647 cun-

295 2684 430 2746 ctas
486 2681 827 2745 habentur.
930 2681 1271 2744 Praeterea
1328 2680 1531 2744 incisa
1574 2679 1713 2761 illa,
1766 2679 1919 2744 dum
1972 2678 2068 2744 ibi
2118 2677 2257 2762 fuit
2303 2677 2609 2761 Synodus

293 2776 690 2843 universalis
739 2781 804 2841 et
849 2779 1144 2856 alterum,
1193 2782 1427 2841 cuncta
1471 2798 1636 2860 quae
1673 2780 2171 2858 praecesserunt
2211 2797 2251 2841 a
2282 2774 2609 2841 Romanis

293 2872 723 2953 Pontificibus
767 2872 1145 2956 approbata,
1192 2874 1495 2938 videntur
1523 2873 1817 2950 innuere,
1866 2873 2052 2938 Pium
2100 2875 2411 2958 respicere
2445 2873 2608 2938 Con-

294 2973 508 3036 cilium
556 2971 1052 3036 constantiense
1103 2993 1217 3053 pro
1275 2992 1348 3034 eo
1397 2974 1684 3052 tempore
1741 2992 1867 3053 quo
1917 2971 2070 3048 fuit,
2129 2972 2333 3035 electo
2383 2970 2609 3035 Ponti-

294 3070 411 3134 fiee
458 3068 773 3146 Martino,
830 3088 979 3130 vere
1025 3068 1531 3144 oecumenicum,
1580 3071 1777 3149 atque
1823 3069 2035 3150 prouti
2084 3069 2204 3133 hoc
2250 3067 2608 3132 Concilium

298 3171 365 3231 et
410 3167 550 3249 ejus
595 3165 850 3229 decreta
895 3187 934 3228 a
978 3162 1266 3228 Martino
1314 3163 1693 3227 confirmata
1737 3162 2023 3229 fuerunt.

1320 3454 1325 3459 ·
1391 3429 1523 3497 ΙΠ.

338 3546 468 3610 De
513 3542 1204 3609 condemnatione
1249 3539 1618 3606 Joannis
1665 3540 1969 3605 Hussii
2016 3556 2569 3620 errorumque

1302 3638 1602 3716 ipsius.

479 3797 582 3862 40.
638 3794 989 3880 Negotium
1041 3793 1214 3857 haud
1273 3794 1488 3878 exigui
1531 3796 1869 3872 momenti,
1930 3795 2099 3878 quod
2157 3793 2397 3878 pariter
2446 3791 2609 3858 Con-

297 3894 643 3961 stantiensi
712 3892 998 3957 Concilio
1067 3891 1474 3955 tractandum
1545 3890 1993 3967 incumbebat,
2070 3897 2207 3955 erat
2283 3890 2612 3955 damnatio

482 4064 528 4132 ²)
581 4064 647 4143 V.
702 4065 866 4119 Bulla
917 4063 1333 4118 retractationis
1387 4061 1460 4117 In
1511 4063 1815 4118 minoribus
1867 4080 2055 4118 versus
2108 4063 2291 4133 finem3
2358 4080 2443 4131 ap.
2498 4054 2613 4117 Fea

301 4147 339 4200 1.
378 4162 424 4199 c.
461 4161 513 4212 p.
552 4147 670 4198 164.

411 4239 672 4291 Jungmann,
700 4239 1057 4281 Dissertationes.
1111 4238 1234 4280 Tom.
1261 4237 1343 4278 VI.
2221 4232 2286 4282 21
