3281 5014
1298 433 1504 487 Paulus
1538 432 1613 484 ΙΙ.
2507 434 2613 486 417

289 574 737 658 gnanimitate
803 573 1152 638 destitutus
1226 581 1292 639 et
1358 573 1693 656 avarus&
1796 574 1922 638 Sed
1987 573 2287 639 Platinae
2354 595 2609 639 accusa·
2695 591 2893 668 P1at3n320

293 672 510 734 tiones
586 669 824 734 nullius
900 669 1198 753 ponderis
1273 693 1407 736 esse
1479 671 1842 749 habendas,
1915 672 2244 756 intelliget
2321 671 2611 754 quisque,
2681 664 2893 703 ⁰⁰¹¹v¹⁰¹²¹·

294 768 355 830 si
403 767 786 844 attenderit,
845 769 1015 832 unde
1072 768 1313 833 factum
1368 769 1486 844 sit,
1549 773 1623 832 ut
1679 769 1751 832 in
1795 767 2069 832 Paulum
2124 768 2450 831 infensum
2500 768 2610 831 ille

291 868 555 947 gereret
639 863 945 928 animum.
1077 864 1237 943 Erat
1311 865 1608 930 videlicet
1675 866 1809 957 Q
1885 887 1962 929 ex
2036 864 2612 930 Abbreviatoribus

301 961 457 1035 illis,
515 982 674 1044 quos
719 958 965 1025 Paulus
1021 963 1388 1051 abrogavit;
1450 984 1779 1046 quumque
1836 963 1930 1027 ira
1984 954 2285 1027 incensus
2332 952 2614 1025 minaces

291 1057 496 1121 etiam
560 1057 811 1121 litteras
872 1044 1174 1123 Pontifici
1235 1059 1552 1140 mitteret,
1615 1059 1685 1122 in
1750 1059 2102 1123 custodiam
2160 1059 2437 1143 injectus
2499 1062 2615 1137 est,
2654 1109 2703 1157 Y

292 1157 497 1236 atque
569 1153 817 1236 aliquot
884 1156 1075 1218 annis
1145 1160 1296 1238 post
1361 1155 1431 1219 in
1505 1156 1714 1238 ipsum
1787 1156 1978 1220 etiarn
2056 1155 2465 1238 inquisitum,
2541 1175 2615 1218 eo

292 1250 472 1334 quod
541 1250 810 1314 fundata
878 1249 1126 1315 adesset
1196 1251 1473 1333 suspicio
1538 1251 1617 1315 de
1687 1252 2138 1336 conjuratione
2204 1252 2274 1314 in
2347 1252 2614 1315 Paulum

301 1349 491 1411 sacta.
610 1345 910 1427 „Mortuo
972 1347 1124 1423 Pio,
1199 1348 1425 1412 scribit
1493 1349 1627 1430 ipse
1694 1348 1992 1431 Platina‚
2064 1349 2134 1412 in
2203 1351 2339 1432 ejus
2409 1350 2615 1413 locum

292 1442 540 1508 Paulus
586 1443 891 1507 suffectus
948 1445 1170 1508 statim
1230 1444 1338 1508 ubi
1395 1445 1847 1528 magistratum
1896 1445 2073 1520 iniit,
2130 1445 2262 1508 sive
2309 1445 2478 1528 quod
2526 1445 2618 1508 ita

300 1541 623 1623 pollicitus
689 1544 856 1621 erat,
931 1540 1064 1603 sive
1123 1540 1291 1624 quod
1354 1540 1456 1605 Pii
1518 1540 1794 1622 decreta⁸
1837 1545 1903 1605 et
1962 1546 2105 1605 acta
2168 1541 2416 1621 oderat,
2486 1539 2617 1603 Ab·

298 1638 692 1702 ¹breviatores
753 1657 973 1700 omnes
1034 1658 1193 1720 quos
1247 1638 1317 1701 in
1372 1636 1662 1702 ordinem
1718 1637 2084 1721 redegerat,
2146 1643 2456 1721 tanquam
2517 1637 2617 1700 in-

301 1735 492 1798 utiles
549 1740 614 1798 et
670 1733 963 1797 indoctos
1023 1732 1122 1814 (ut
1173 1734 1306 1816 ipse
1365 1733 1643 1816 dicebat)
1704 1735 2163 1799 exauctoravit.
2262 1733 2392 1798 Eos
2444 1734 2616 1798 enim

299 1832 485 1896 bonis
541 1837 608 1894 et
665 1829 982 1913 dignitate
1038 1831 1107 1893 in
1164 1831 1333 1895 dicta
1385 1851 1576 1894 causa
1630 1831 1960 1914 spoliavit:
2023 1853 2184 1915 quos
2231 1831 2423 1895 etiam
2474 1852 2617 1914 pro-

297 1932 445 2012 pter
506 1926 934 1991 eruditionem
997 1932 1064 1991 et
1123 1927 1478 1992 doctrinam
1541 1949 1619 1991 ex
1683 1932 1822 1992 toto
1886 1928 2036 1991 orbe
2093 1931 2407 1992 terrarum
2466 1949 2615 1991 con·

295 2026 570 2108 quisitos
635 2024 890 2106 magnis
953 2023 1533 2106 pollicitationibus
1599 2027 1666 2088 et
1733 2025 2035 2108 praemiis
2106 2024 2184 2088 ad
2257 2046 2325 2087 se
2394 2044 2618 2089 vocare

293 2122 627 2185 debuerat.
736 2119 901 2184 Erat
971 2121 1228 2203 quidem
1297 2121 1455 2185 illud
1523 2121 1861 2205 collegium
1929 2121 2236 2185 refertum
2298 2122 2484 2185 bonis
2553 2126 2621 2185 et

293 2218 503 2283 doctis
579 2217 754 2282 viris.
883 2217 1151 2281 Inerant
1227 2218 1428 2282 divini
1504 2222 1571 2281 et
1642 2217 1909 2281 humani
1978 2218 2146 2302 juris
2227 2217 2619 2301 peritissimi.

301 2315 571 2380 Inerant
632 2318 861 2398 poe'tae
927 2319 992 2378 et
1053 2321 1341 2378 oratores
1406 2315 1727 2397 plerique,
1792 2315 1901 2398 qui
1965 2319 2136 2379 certe
2208 2337 2340 2379 non
2405 2314 2620 2378 minus

297 2412 674 2478 ornamenti
743 2412 863 2494 ipsi
932 2412 1144 2475 curiae
1213 2411 1596 2494 afferebant,
1678 2433 1869 2494 quam
1939 2412 2018 2476 ab
2088 2411 2307 2475 eadem
2377 2411 2621 2493 accipe-

303 2515 479 2586 rent3
556 2531 713 2593 quos
782 2529 1005 2573 omnes
1076 2506 1316 2572 Paulus
1391 2514 1733 2594 tanquam,
1776 2509 2131 2593 inquilinos
2205 2514 2271 2573 et
2342 2509 2620 2572 advenas

303 2607 704 2693 possessione
767 2605 1034 2689 pepulit.
1103 2654 1118 2670 .
1180 2655 1196 2671 .
1255 2653 1270 2670 .
1335 2605 1560 2690 Atque
1626 2626 1745 2690 ego
1807 2609 2008 2683 certe,
2080 2605 2190 2689 qui
2253 2605 2483 2669 horum
2544 2604 2620 2668 de

304 2726 575 2769 numero
635 2725 806 2767 eram
866 2703 1170 2784 (tentavi)
1229 2703 1520 2785 rogando
1571 2704 1797 2779 etiam,
1874 2707 1948 2765 ut
2005 2724 2194 2766 causa
2257 2703 2397 2786 ipsa
2455 2702 2624 2787 judi-

301 2803 485 2865 cibus
542 2800 846 2883 publici8‚
908 2821 1069 2884 quos
1127 2799 1335 2864 Rotae
1391 2799 1714 2865 auditores
1769 2803 2030 2878 vocant,
2098 2800 2623 2864 committeretur.

299 2896 473 2961 Tum
544 2897 653 2961 ille
722 2896 922 2960 torvis
991 2918 1093 2958 me
1159 2896 1358 2962 oculis
1426 2896 1772 2979 aspiciens:
1841 2895 1944 2960 Ita
2012 2918 2159 2974 nos,
2230 2897 2474 2980 inquit,
2543 2896 2623 2961 ad

293 2995 546 3080 judices
611 3013 902 3067 revocas,
974 3013 1046 3055 ac
1106 2992 1159 3055 si
1225 2992 1535 3068 nescires,
1608 2992 1826 3056 omnia
1878 2993 2032 3076 jura
2093 2992 2165 3057 in
2226 2993 2460 3058 scrinio
2521 3015 2624 3076 pe-

301 3092 500 3157 ctoris
555 3089 760 3154 nostri
816 3089 1130 3153 collocata
1186 3109 1339 3152 esse.
1430 3086 1535 3151 Sic
1588 3091 1721 3151 stat
1768 3088 2126 3166 sententia,
2181 3090 2427 3173 inquit,
2486 3090 2624 3155 loco

300 3187 535 3252 cedant
604 3207 861 3262 omnes,
934 3188 1086 3248 eant
1153 3206 1279 3268 quo
1348 3185 1609 3262 volunt,
1680 3184 1843 3247 nihil
1914 3205 2020 3249 eos
2089 3208 2326 3261 moror;
2401 3185 2626 3252 Ponti-

304 3285 412 3348 fex
469 3305 639 3360 sum,
699 3281 982 3365 mihique
1027 3281 1180 3345 licet
1237 3301 1352 3364 pro
1411 3281 1679 3345 arbitrio
1741 3280 1940 3344 animi
1999 3281 2268 3346 aliorum
2324 3290 2469 3348 acta
2523 3305 2624 3348 re-

301 3379 595 3445 scindere
655 3385 722 3443 et
782 3379 1154 3461 approbare.
1203 3424 1218 3441 .
1270 3426 1285 3441 .
1344 3424 1357 3439 .
1421 3376 1561 3461 Ego
1618 3398 1767 3440 vero
1838 3382 2028 3442 tanta
2091 3379 2450 3462 ignominia
2522 3402 2623 3444 ex·

300 3478 511 3552 citus,
592 3475 763 3561 quod
838 3474 996 3538 mihi
1068 3496 1139 3538 ac
1209 3474 1393 3538 sociis
1468 3473 1624 3537 meis
1702 3495 1914 3538 coram
1991 3496 2122 3539 non
2201 3476 2474 3555 licebat,
2559 3478 2623 3541 id

301 3594 502 3658 ‚agere
561 3594 677 3656 per
720 3572 974 3636 litteras
1029 3570 1306 3635 institui.
1400 3567 1642 3653 Scripsi
1698 3570 1898 3653 igitur
1953 3571 2285 3654 epistolam
2343 3573 2443 3637 his
2490 3574 2625 3639 fere

301 3669 549 3734 verbis:
615 3666 683 3733 Si
745 3667 864 3731 tibi
925 3666 1109 3731 licuit
1169 3667 1238 3731 in
1300 3664 1467 3731 dicta
1535 3688 1722 3731 causa
1783 3667 2054 3749 spoliare
2117 3690 2235 3733 nos
2300 3670 2623 3752 emptione

303 3771 535 3830 nostra
602 3767 785 3849 justa
861 3785 933 3827 ac
1005 3763 1327 3847 legitima,
1402 3763 1592 3827 debet
1668 3769 1735 3828 et
1800 3764 1986 3828 nobis
2060 3765 2250 3831 licere
2322 3768 2624 3852 conqueri

491 4005 532 4074 ¹)
568 4005 824 4062 Platinae
862 4005 1241 4061 accusationes
1280 4007 1626 4076 repetierunt
1669 4006 2004 4063 recentiores
2044 4008 2295 4064 historici
2331 4011 2497 4075 varii,
2544 4010 2624 4064 uti

305 4084 605 4150 Sismondi,
642 4085 882 4151 Hastam,
918 4087 1151 4152 Rusone,
1188 4086 1407 4141 Martin.
1448 4087 1528 4141 Cf.
1553 4087 1623 4142 H.
1663 4087 1728 4141 de
1770 4087 2050 4157 l‘Epinois,
2088 4089 2227 4142 Paul
2263 4089 2335 4143 H.
2374 4095 2432 4146 et
2468 4090 2629 4143 Pom-

308 4164 508 4232 ponius
548 4164 778 4231 Laetus3
818 4164 1007 4221 Bevue
1046 4166 1142 4219 des
1180 4164 1476 4231 Questions
1514 4166 1851 4234 historiques
1896 4169 2046 4221 1866.
2086 4167 2129 4220 Ι.
2167 4170 2287 4223 278.

2313 4253 2413 4310 27*
