3281 5014
1081 383 1161 439 De
1199 386 1440 441 Concilio
1478 386 1804 442 Basileensi.
2275 411 2284 425 ·
2494 392 2596 443 351

267 544 398 606 pro
463 523 975 591 consideratione
1042 529 1400 608 temporum
1464 531 1524 591 et
1585 527 1867 593 locorum
1927 531 1987 589 et
2040 547 2476 608 personarum
2527 551 2604 596 ac

251 690 254 693 ,
271 619 583 703 yravium
645 621 1124 687 occurrentium
1176 623 1629 689 necessitatum
1695 625 1769 689 in
1830 622 2061 688 melius
2111 630 2601 692 commutentur-

279 717 632 783 Censemus
679 742 899 803 porro,
963 723 1057 784 uti
1107 722 1304 785 etiam
1350 722 1841 786 Turrecremata
1885 721 2134 797 innuit,
2193 722 2339 787 dum
2388 723 2601 808 Euge-

277 814 428 878 nius
476 815 786 893 declarat,
847 815 1205 881 Concilium
1253 818 1542 902 legitime
1596 818 2049 883 continuatum
2099 817 2294 883 fuisse
2341 841 2414 883 ac
2459 820 2602 883 irri-

276 916 415 975 tam
461 911 822 977 habendam
868 913 1387 993 dissolutionem,
1443 916 1542 978 his
1589 915 1842 998 proprie
1888 936 2018 978 non
2070 916 2390 981 contineri
2427 917 2600 1000 judi-

276 1007 445 1071 cium
503 1008 859 1074 doctrinale
916 1010 993 1075 de
1055 1012 1270 1075 valore
1333 1011 1771 1076 antecedentis
1833 1011 2073 1075 decreti
2129 1011 2597 1091 dissolutionis;

276 1104 386 1169 sed
444 1103 594 1168 dum
658 1105 812 1170 dicit
866 1104 1269 1171 decernimus
1331 1110 1392 1169 et
1453 1105 1861 1171 declaramus
1920 1112 2070 1188 etc.,
2130 1106 2230 1170 his
2283 1110 2598 1173 contineri

275 1198 657 1265 decisionem
709 1201 1106 1287 practicam,
1170 1226 1298 1288 qua
1358 1226 1472 1288 pro
1532 1204 1672 1268 foro
1727 1202 2001 1286 juridico
2061 1208 2127 1268 et
2182 1204 2375 1289 legali
2434 1203 2599 1269 Con-

274 1298 421 1360 cilio
481 1320 597 1361 sua
656 1301 1005 1365 auctoritas
1066 1300 1213 1364 inde
1268 1301 1350 1364 ab
1404 1301 1596 1365 initio
1653 1299 2166 1384 adjudicabatur,
2231 1307 2295 1365 et
2354 1305 2594 1365 statue·

275 1394 497 1475 batur,
550 1399 624 1459 ut
684 1417 849 1479 quae
907 1396 1077 1461 facta
1139 1402 1328 1462 erant
1382 1419 1418 1460 a
1463 1396 1809 1474 Pontifice,
1868 1402 2178 1480 tanquam
2234 1418 2367 1461 non
2425 1397 2597 1461 facta

272 1489 571 1555 habenda
624 1498 863 1570 essent,
928 1494 1021 1558 ita
1074 1499 1149 1557 ut
1209 1494 1459 1558 adesset
1510 1493 1713 1557 veluti
1769 1495 2023 1557 sanatio
2085 1496 2151 1557 in
2205 1493 2418 1558 radice
2479 1517 2593 1578 pro

272 1587 631 1653 defectibus
672 1590 985 1665 omnibus.
1067 1590 1285 1665 Quoad
1331 1590 1602 1654 formam
1651 1611 1805 1653 sane
1854 1590 2130 1653 multum
2181 1591 2373 1655 cessit
2425 1591 2592 1656 Pon·

271 1684 437 1748 tifex
481 1684 984 1763 BasileensibUS,
1032 1691 1107 1750 ut
1152 1686 1427 1752 schisma
1473 1688 1735 1751 vitaret.
1827 1685 2090 1750 Etenim
2137 1692 2361 1763 antea,
2421 1709 2592 1751 com-

271 1782 588 1865 probante
651 1782 717 1845 id
775 1781 1218 1867 SigismundO,
1279 1783 1596 1866 selegerat
1664 1783 1860 1847 verba
1928 1780 2264 1862 „volumus
2327 1786 2388 1847 et
2450 1803 2593 1847 con-

270 1880 651 1956 testamur“,
716 1879 826 1943 sed
873 1878 1355 1962 postulantibus
1402 1878 1879 1944 Basileensibus
1924 1880 2245 1963 acquievit
2291 1879 2595 1944 adhibere

270 1976 613 2040 formulam
678 1973 1125 2055 „decernimus
1185 1977 1245 2038 et
1311 1974 1836 2059 declaramus“.¹)
1931 1977 2246 2041 Attamen
2306 1979 2594 2061 quamvis

270 2073 341 2136 in
390 2073 529 2137 foro
577 2073 853 2156 juridico
909 2072 1007 2136 his
1057 2073 1265 2136 verbis
1328 2074 1655 2138 tribuatur
1708 2072 2040 2137 character
2087 2072 2355 2138 Concilii
2403 2096 2597 2159 gene-

271 2169 425 2233 ralis
458 2167 718 2252 Synodo
753 2167 1106 2234 Basileensi
1153 2170 1344 2233 etiam
1395 2175 1540 2252 post
1587 2169 2093 2247 dissolutionem,
2140 2176 2359 2234 tamen
2407 2193 2597 2254 quae·

269 2265 429 2344 sti0,
489 2270 708 2330 utrum
771 2267 840 2329 in
898 2287 967 2329 se
1021 2267 1150 2330 ista
1212 2266 1576 2345 dissolutio,
1640 2265 1901 2349 quando
1957 2266 2131 2330 facta
2187 2273 2312 2343 est,
2376 2289 2599 2332 revera

274 2362 458 2425 nulla
500 2362 711 2438 fuerit,
761 2362 1152 2446 relinquitur
1197 2363 1262 2426 in
1312 2363 1540 2427 medi0.
1633 2362 1866 2446 Neque
1906 2362 2194 2443 dedecet,
2240 2365 2334 2427 uti
2380 2363 2598 2428 Janus

274 2459 637 2540 contendit,
695 2460 785 2525 sic
828 2458 1026 2524 verba
1074 2458 1410 2525 Pontificis
1466 2460 1969 2544 explanare,·ac
2014 2459 2068 2525 si
2116 2460 2210 2525 ita
2256 2460 2434 2526 fraus
2481 2462 2595 2525 ali-

275 2579 401 2641 qua
456 2558 897 2641 ambiguitatis
958 2556 1113 2639 ipsis
1163 2556 1573 2641 subjiciatur3
1635 2558 1875 2620 etenim
1930 2556 2001 2619 in
2057 2556 2421 2622 difficilibus
2469 2558 2596 2622 illis

275 2653 597 2737 adjunctis
664 2657 924 2738 poterat
983 2653 1287 2718 Pontifex
1354 2653 1560 2736 quoad
1623 2653 1893 2718 formam
1965 2676 2033 2717 se
2097 2654 2371 2717 maxime
2436 2654 2596 2737 peti-

273 2751 440 2815 tioni
488 2750 954 2815 Basileensium
1003 2750 1509 2828 accommodare,
1573 2756 1640 2813 et
1697 2749 1904 2834 quoad
1964 2752 2478 2814 aestimationem
2526 2750 2595 2813 in

272 2848 414 2912 foro
465 2848 745 2932 juridico
806 2847 872 2910 id
937 2848 1014 2911 iis
1080 2847 1424 2912 concedere
1487 2846 1657 2931 quod
1719 2846 2052 2929 petebant3
2121 2848 2312 2913 simul
2376 2851 2594 2911 tamen

275 2946 719 3028 quaestionem
765 2944 1184 3009 theoreticam
1237 2944 1477 3008 evitare
1523 2941 2013 3007 discutiendam.

455 3095 555 3157 17.
607 3092 901 3158 Sessione
942 3093 1187 3157 decima
1233 3097 1445 3174 sexta,
1509 3092 1734 3157 habita
1779 3092 1880 3155 die
1930 3088 2001 3154 5⁰
2044 3091 2377 3157 Februarii
2424 3113 2598 3157 anno

281 3191 480 3270 1434,
529 3189 929 3255 Basileenses
987 3190 1241 3255 Bullam
1300 3189 1580 3273 Eugenii
1625 3187 1740 3253 IV.
1797 3195 2217 3273 susceperunt
2271 3194 2337 3252 et
2391 3188 2597 3253 decla-

276 3292 527 3361 rarunt,
576 3287 1115 3371 postulationibus
1162 3286 1294 3351 suis
1328 3309 1366 3349 a
1398 3286 1714 3350 Pontifice
1760 3285 2160 3349 satisfactum
2201 3306 2352 3359 esse,
2402 3291 2597 3368 atque

273 3384 371 3447 ita
423 3406 539 3467 pro
594 3389 883 3468 tempore
939 3383 1278 3448 concordia
1333 3384 1507 3447 inter
1554 3379 1885 3465 Synodum
1945 3388 2009 3445 et
2059 3381 2436 3445 Pontificem
2493 3403 2594 3444 re-

458 3564 500 3630 1)
554 3565 965 3620 Advertendum
1024 3570 1109 3621 est
1164 3564 1307 3632 quod
1364 3562 1556 3617 scribit
1610 3562 1958 3631 Augustinus
2015 3562 2317 3629 PatriciuS‚
2371 3562 2595 3617 Swmma

276 3642 555 3698 Concilior.
594 3643 768 3698 Basil.
807 3648 859 3698 et
891 3644 1135 3698 Florent.
1187 3660 1226 3697 c.
1266 3645 1353 3697 34.
1443 3642 1756 3710 „Eugenius
1803 3642 2020 3696 interea
2056 3642 2292 3696 assiduis
2340 3641 2594 3696 Caesaris

273 3722 718 3789 persuasionibus
754 3723 945 3791 pulsus
997 3739 1116 3776 cum
1153 3721 1412 3776 Patribus
1461 3721 1518 3773 in
1555 3723 1693 3774 hanc
1738 3720 2071 3775 sententiam
2110 3720 2390 3775 convenit:
2438 3720 2594 3774 Basi-

275 3800 490 3856 leenses
539 3802 718 3856 omnia
768 3808 962 3857 contra
1010 3800 1355 3868 Eugenium,
1405 3799 1780 3868 Apostolicam
1818 3799 2037 3862 Sedem,
2088 3798 2404 3853 Cardinales
2440 3800 2596 3853 Rom.

275 3880 560 3936 Ecclesiae
607 3887 733 3935 acta
778 3885 1110 3936 revocarent
1165 3880 1390 3949 ejusque
1443 3879 1819 3946 praesidentes
1871 3878 2250 3944 admitterent,
2310 3879 2594 3946 Eugenius

274 3975 407 4014 vero
444 3959 822 4028 profiteretur,
870 3960 1171 4015 Concilium
1210 3958 1526 4013 Basileense
1565 3957 1701 4012 etc.“
1777 3957 2124 4025 Augustinus
2161 3957 2435 4011 Patricius
2474 3963 2595 4012 erat

277 4037 582 4093 Canonicus
620 4039 873 4095 Senensis
911 4039 1003 4107 qui
1045 4038 1207 4107 paulo
1244 4044 1373 4107 post
1410 4037 1571 4091 Conc.
1608 4036 1779 4090 Basil.
1819 4039 1885 4104 (c.
1925 4052 1973 4090 a.
2016 4038 2176 4102 1480)
2215 4036 2386 4102 vixit,
2435 4052 2593 4104 opus·

276 4133 380 4186 que
418 4117 647 4172 citatum
685 4117 1027 4185 conscripsit.
1093 4117 1159 4171 V.
1199 4116 1463 4171 Harduin.
1506 4116 1645 4170 Coll.
1682 4114 1840 4169 Conc.
1881 4115 1976 4168 IX.
2020 4118 2170 4169 1081.

382 4213 647 4265 Jungmann,
677 4214 1037 4255 Dissertationes.
1064 4213 1185 4254 Tom.
1218 4212 1298 4253 VI.
2312 4205 2381 4256 23

2674 1591 2879 1632 Formula

2635 1657 2904 1696 declaramus.
