3281 5014
996 380 1078 434 De
1117 379 1268 433 lucta
1305 394 1424 431 cum
1461 376 1742 432 Ludovico
1779 379 2010 431 Bavaro.
2554 376 2657 430 185

348 525 477 682 {ista
532 522 705 585 lucta
749 522 922 585 inter
968 519 1358 585 Ludovicum
1407 523 1605 603 atque
1656 517 1997 584 Pontifices
2041 520 2175 603 jam
2225 517 2409 583 nobis
2448 539 2656 603 agen·

396 640 502 682 um
547 623 661 684 est.

1442 803 1577 873 111.

476 935 607 1000 De
652 933 1006 998 dissidio
1050 934 1278 998 inter
1324 933 1762 1012 Pontifices
1805 932 2410 997 Ave-romenses
2455 937 2536 997 et

990 1030 1507 1094 Ludomtcum
1555 1030 2021 1095 Bavarum.

528 1186 631 1251 39.
722 1184 1018 1249 Infausta
1082 1207 1194 1269 per
1264 1184 1539 1279 triginta
1603 1184 1739 1249 fere
1793 1205 1997 1249 annos
2057 1183 2429 1268 perduravit
2486 1184 2659 1248 inter

351 1281 702 1348 Pontifices
759 1282 1250 1347 Avenionenses
1316 1289 1382 1346 et
1438 1280 1832 1346 Ludovicum
1889 1279 2212 1344 Bavarum
2275 1281 2474 1359 lucta,
2532 1302 2660 1366 qua

353 1401 486 1444 non
552 1378 766 1443 minus
834 1381 997 1443 sacri
1060 1377 1338 1444 Romani
1400 1378 1660 1461 Imperii
1726 1379 1906 1463 vigor
1971 1380 2039 1441 et
2105 1378 2405 1460 splendor
2468 1377 2659 1442 vehe-

352 1480 605 1540 menter
678 1475 1098 1551 imminutus,
1184 1496 1378 1558 quam
1446 1473 1767 1539 Ecclesiae
1841 1478 2052 1538 status
2118 1474 2491 1539 tristissima
2566 1483 2660 1539 est

349 1571 836 1656 perturbatione
898 1572 1197 1639 afflictus.
1289 1571 1644 1636 Dissidium
1705 1593 1853 1636 vero
1915 1570 2091 1636 istud
2150 1571 2522 1636 diuturnum
2589 1573 2657 1636 in

358 1668 705 1733 Pontifices
751 1668 1236 1733 Avenionenses
1298 1669 1648 1732 multorum
1712 1673 1850 1731 tum
1914 1689 2290 1732 coaevorum
2350 1672 2488 1732 tum
2549 1690 2659 1752 po-

348 1767 672 1830 sterorum
731 1764 1082 1830 concitavit
1125 1764 1462 1842 invidiam,
1521 1787 1639 1829 nec
1685 1765 1868 1848 pauci
1914 1765 2183 1828 fuerunt
2228 1766 2399 1830 inter
2444 1769 2663 1831 aucto·

355 1882 454 1925 res
514 1882 719 1945 usque
775 1860 854 1925 ad
910 1860 1044 1926 dies
1091 1868 1373 1941 nostros,
1432 1862 1541 1947 qui
1588 1861 1823 1926 amaris
1876 1860 2217 1926 Pontifices
2257 1861 2401 1927 illos
2450 1883 2663 1945 perse·

352 1961 648 2040 quuntur
726 1959 1035 2042 quereliS‚
1122 1959 1421 2043 ipsosque
1500 1957 1906 2023 contendunt
1978 1958 2254 2022 maxime
2332 1959 2403 2022 in
2475 1959 2663 2042 culpa

355 2054 584 2131 fuisse,
646 2054 816 2139 quod
881 2060 1070 2120 tanta
1131 2055 1501 2120 calamitate
1563 2053 1912 2119 Germania
1975 2055 2351 2138 praesertim
2419 2054 2663 2121 afflicta

350 2148 516 2233 sit.¹)
609 2149 737 2216 Sed
798 2152 909 2235 qui
974 2151 1326 2234 tranquillo
1386 2152 1624 2216 mentis
1676 2151 1920 2234 judicio
1959 2173 2168 2215 rerum
2213 2155 2482 2216 eventus
2520 2174 2663 2234 pro-

353 2248 673 2331 sequitur,
746 2254 813 2312 et
877 2270 1179 2331 personas
1244 2270 1318 2314 ac
1377 2249 1550 2314 facta
1611 2247 1829 2312 studet
1892 2269 2093 2332 aequa
2156 2249 2340 2312 lance
2404 2248 2661 2326 librare,

353 2341 703 2409 Pontifices
770 2345 911 2410 illos
967 2345 1265 2428 justitiae
1327 2344 1657 2409 tramitem
1719 2343 1890 2407 haud
1954 2343 2304 2408 deseruisse
2363 2345 2660 2427 reperiet.

356 2438 443 2503 Et
510 2441 799 2526 quamvis
862 2442 1071 2520 forte,
1139 2442 1191 2505 si
1257 2442 1595 2507 Avenione
1664 2463 1795 2505 non
1860 2439 2246 2505 resedissent
2308 2462 2661 2525 regumque

355 2535 607 2602 Galliae
663 2538 938 2603 influxui
996 2561 1128 2605 non
1188 2539 1466 2604 fuissent
1517 2539 1812 2617 obnoxii,
1868 2539 2119 2604 facilius
2164 2540 2355 2603 finem
2403 2539 2663 2604 dissidio

353 2633 461 2698 isti
533 2634 1022 2718 imposuissent3
1092 2641 1326 2700 tamen-
1384 2635 1688 2717 spectatis
1756 2635 2055 2700 omnibus
2119 2656 2536 2718 personarum
2597 2644 2663 2699 et

353 2751 564 2793 rerum
633 2731 983 2815 adjunctiS‚
1048 2732 1152 2797 vix
1220 2732 1493 2796 inveniri
1559 2737 1802 2815 potest,
1870 2730 2023 2816 quid
2085 2731 2164 2795 iis
2219 2731 2384 2795 serio
2438 2732 2662 2814 culpae

353 2826 523 2890 verti
591 2829 809 2910 possit.
925 2827 1022 2892 Ex
1092 2828 1317 2893 ordine
1384 2829 1581 2911 igitur
1650 2850 2096 2911 percurremus
2168 2828 2393 2892 seriem
2471 2850 2662 2892 even-

352 2931 559 3002 tuum,
623 2946 858 3009 eosque
920 2926 1031 2990 ubi
1090 2948 1245 3009 opus
1304 2925 1505 2990 fuerit
1567 2925 2011 3001 discutiemus,
2077 2929 2153 2989 ut
2210 2923 2520 3008 judicium
2586 2923 2663 2990 de

351 3021 606 3085 ratione
651 3021 883 3106 agendi
934 3020 1320 3086 Pontificum
1371 3021 1519 3085 inde
1568 3021 1844 3086 formare
1891 3021 2222 3104 possimne.

534 3228 575 3294 ¹)
609 3229 794 3282 Etiam
830 3229 896 3284 cl.
927 3228 976 3283 J.
1006 3229 1344 3297 Damberger
1372 3229 1474 3282 hac
1502 3229 1559 3281 in
1586 3245 1664 3296 re,
1693 3229 1874 3297 patrio
1904 3238 2203 3283 commotus
2229 3245 2428 3297 amore,
2457 3231 2663 3286 acriter

352 3306 649 3362 Pontifices
682 3309 1095 3364 Aveuioueuses
1134 3308 1402 3378 exagitat,
1440 3312 1497 3363 et
1531 3308 1866 3363 Ludovicum
1904 3310 2177 3362 Bavarum
2219 3309 2441 3378 ingrato
2478 3311 2664 3365 labore

351 3400 460 3440 non
511 3392 728 3441 tantum
779 3403 1040 3443 excusare
1089 3388 1301 3454 studet,
1351 3388 1450 3443 sed
1498 3387 1725 3455 passim„
1751 3388 1940 3443 evehit
1992 3388 2260 3442 laudibus.
2342 3389 2408 3443 V.
2467 3389 2663 3444 Gesch.

351 3464 506 3518 Tom.
566 3466 724 3520 XIII.
780 3467 927 3521 XIV.
995 3497 1058 3506 —
1119 3466 1348 3521 Recenti
1405 3473 1652 3533 tempore
1709 3473 1960 3522 auctores
2018 3466 2234 3533 quidam
2289 3472 2664 3536 protestantes

349 3542 565 3598 erudite
621 3546 686 3600 de
742 3546 1152 3613 quaestionibus
1209 3562 1343 3614 quas
1398 3549 1698 3599 tractamus
1756 3545 2111 3612 scripserunt.
2194 3546 2231 3600 J
2234 3562 2320 3600 am
2374 3547 2664 3600 citavimus

357 3623 410 3676 S.
455 3622 694 3691 Riezler‚
744 3625 848 3679 Die
899 3625 1111 3681 literar.
1149 3624 1536 3678 Widersacher
1583 3624 1679 3677 der
1724 3624 1935 3690 Papste
1986 3640 2085 3677 zur
2120 3624 2247 3679 Zeit
2282 3624 2518 3693 Ludwig
2569 3625 2665 3680 des

349 3701 570 3757 Baiern.
641 3703 876 3773 Leipzig
927 3706 1080 3758 1874.
1131 3733 1200 3742 ——
1250 3703 1308 3757 C.
1359 3703 1586 3765 Miiller‚
1637 3704 1752 3758 Der
1796 3703 2007 3770 Kampf
2048 3702 2284 3772 Ludwig
2333 3705 2428 3758 des
2466 3704 2666 3759 Baiern

350 3780 454 3834 mit
493 3782 589 3837 der
624 3784 931 3839 romischen
969 3783 1154 3847 Curie3
1192 3781 1498 3850 Tiibingen‚
1535 3781 1598 3834 B.
1636 3782 1680 3836 I.
1723 3785 1876 3848 1879,
1914 3783 1979 3836 Β.
2015 3782 2090 3835 11.
2131 3784 2282 3836 1880.
2323 3812 2389 3820 -
2416 3782 2503 3837 W.
2537 3783 2665 3838 Pre·

349 3875 479 3928 ger,
528 3862 631 3916 Die
674 3862 884 3916 Politik
930 3864 1026 3917 des
1075 3863 1310 3930 Papstes
1346 3860 1565 3915 Johauu
1602 3860 1782 3916 XXII.
1830 3861 1889 3915 in
1933 3862 2126 3929 Bezug
2174 3859 2270 3914 auf
2304 3860 2507 3916 Italien
2554 3864 2665 3916 und

353 3938 760 4009 Deutschland3
799 3942 1068 3996 Miiuchen
1108 3940 1332 4008 (Franz)
1373 3942 1526 3994 1885.
1602 3936 1897 4008 (Abhandl.
1936 3941 2032 3995 der
2067 3940 2121 3993 k.
2160 3941 2340 4006 bayer.
2366 3941 2667 3996 Akademie

344 4020 445 4073 der
482 4019 647 4074 WisS.
691 4019 794 4073 ΙΙΙ.
835 4022 914 4076 Cl.
952 4019 1131 4074 XVII.
1181 4020 1279 4073 Bd.
1319 4019 1419 4073 111.
1460 4017 1653 4087 Abth.)
1728 4019 1908 4073 Minus
1958 4019 2117 4085 aequi
2167 4026 2225 4073 et
2273 4019 2379 4086 ipsi
2427 4024 2556 4073 suut
2603 4021 2663 4074 in

348 4096 650 4153 Pontifices
688 4099 838 4156 illius
876 4100 1097 4157 aetatis.

2716 1185 2955 1228 Dissidium

2712 1247 2966 1290 infaustum.
