3281 5014
458 154 854 565 fif<

535 579 943 941 ἓξὲξ

807 1689 1523 1817 Dissertatio
1586 1699 2261 1844 trigesima.

625 1879 765 1960 De
844 1881 1512 1969 Pontificatu
1578 1888 2127 1972 Bonifatii
2179 1890 2430 1975 VIII.

549 2226 608 2287 1.
653 2211 738 2299 En
785 2224 947 2293 Sede
983 2231 1160 2296 Petri
1189 2234 1451 2301 labente
1483 2236 1735 2300 saeculo
1766 2233 1954 2300 XIII.
2000 2241 2067 2301 et
2110 2238 2488 2322 incipiente
2492 2238 2677 2304 XIV.
2699 2243 2996 2350 1818180918

370 2329 541 2394 sedit
610 2329 1007 2413 Bonifatius
1050 2329 1241 2395 VIII.
1361 2331 1520 2416 Ejus
1588 2332 2068 2415 pontificatum,
2150 2338 2441 2419 quamvis
2510 2320 2747 2400 hauds

366 2426 601 2512 longae
645 2427 846 2492 fuerit
891 2427 1266 2505 durationiS,
1313 2433 1534 2491 tamen
1580 2428 1815 2492 summi
1860 2451 1998 2494 esse
2043 2433 2384 2510 momenti,
2435 2438 2501 2498 et
2545 2433 2681 2496 foe-

367 2524 649 2589 cundum
714 2526 1081 2606 eventibuS,
1141 2526 1252 2610 qui
1318 2526 1389 2589 in
1452 2526 1591 2589 fata
1657 2525 1979 2591 Ecclesiae
2044 2528 2440 2613 singularem
2504 2551 2684 2593 exer-

366 2642 553 2686 cuere
612 2622 961 2699 influxum,
1025 2644 1248 2686 omnes
1298 2624 1716 2687 conveniunt.
1814 2622 1942 2687 Hic
2000 2628 2216 2688 autem
2271 2627 2683 2709 pontificatus

367 2740 442 2782 eo
487 2719 691 2803 magis
748 2719 1182 2788 attentionem
1243 2718 1516 2797 movet,'
1543 2718 1711 2803 quod
1766 2720 1918 2784 inde
1964 2742 2003 2783 a
2046 2723 2442 2805 temporibus
2487 2721 2686 2788 Boni·

367 2815 510 2878 fatii
557 2816 871 2898 paulatim
928 2816 1286 2880 diminutus
1339 2817 1636 2899 apparuit
1688 2816 1987 2881 salutaris
2051 2817 2224 2883 illius
2281 2819 2685 2884 auctoritatis

364 2910 677 2990 influxus,
764 2935 955 2996 quem
1034 2911 1312 2976 Romani
1375 2911 1719 2977 Pontifices
1793 2912 2002 2977 medio
2075 2936 2233 2978 aevo
2307 2937 2423 2998 per
2502 2918 2686 2999 plura

366 3008 618 3074 saecula
660 3013 735 3073 ut
777 3011 1164 3092 populorum
1220 3008 1716 3099 christianorum
1775 3008 2008 3073 summi
2053 3012 2311 3088 arbitri,
2371 3013 2568 3076 etiam
2613 3014 2683 3077 in

364 3104 660 3188 regimen
719 3106 1074 3189 temporale
1138 3105 1466 3172 societatis
1526 3110 1976 3171 exercuerunt.
2082 3107 2289 3183 Quum
2351 3130 2500 3173 vero
2560 3108 2682 3173 Ec-

365 3201 595 3265 clesiae
641 3202 794 3287 jura
849 3222 1088 3285 magna
1142 3224 1284 3266 cum
1331 3202 1574 3267 virtute
1630 3202 2051 3268 vindicaverit
2094 3202 2502 3283 Bonifatius,
2562 3228 2682 3269 na-

366 3302 508 3361 ctus
568 3302 666 3363 est
728 3320 843 3363 suo
908 3302 1200 3382 tempore
1266 3299 1714 3364 infestissimos
1780 3299 2206 3384 adversarios3
2281 3323 2402 3367 nec
2460 3307 2683 3385 postea

366 3393 744 3473 defuerunt,
812 3396 925 3479 qui
985 3395 1386 3477 ambitionis,
1453 3398 1814 3478 superbiae,
1879 3398 2245 3482 arrogantis
2307 3398 2681 3482 impruden-

364 3490 498 3554 tiae
563 3512 708 3555 eum
770 3495 1144 3577 arguerunt.
1257 3490 1396 3556 Imo
1460 3494 1703 3557 multae
1759 3494 1957 3558 etiam
2018 3493 2179 3557 aliae
2241 3494 2679 3560 accusationes

356 3587 498 3672 jam
563 3587 766 3670 ipsius
828 3591 1042 3653 aetate
1109 3589 1182 3652 in
1245 3588 1419 3654 hunc
1483 3594 1832 3673 congestae
1896 3595 2050 3654 sunt
2108 3590 2519 3670 Pontificem,
2587 3593 2682 3657 ita

366 3686 442 3747 ut
486 3685 766 3767 plurima
809 3685 968 3749 vitia
1020 3689 1085 3749 et
1130 3685 1400 3750 crimina
1455 3686 1823 3750 foedissima
1877 3688 1933 3751 ei
1980 3687 2442 3752 tribuerentur.
2535 3687 2683 3754 Ille-

364 3779 594 3864 gitima
653 3780 946 3847 videlicet
1009 3782 1340 3865 usurpatio
1402 3781 1581 3847 Sedis
1642 3783 1971 3848 Romanae
2032 3806 2104 3849 ac
2163 3784 2466 3867 simonia,
2533 3808 2679 3850 ava·

363 3876 519 3939 ritia
565 3880 631 3940 et
674 3877 1090 3960 impudicitia,
1137 3877 1418 3944 haeresis
1461 3882 1526 3943 et
1566 3878 1979 3944 incredulitas
2027 3881 2086 3945 ei
2132 3881 2425 3966 objectae
2471 3883 2680 3959 fuere3

366 3976 436 4036 et
490 3973 1027 4056 quemadmodum
1078 3975 1150 4038 in
1207 3977 1341 4040 vita
1392 3997 1509 4040 sua
1566 3976 1772 4040 multa
1830 3976 1912 4040 ab
1958 3976 2253 4041 hostibus
2311 4000 2536 4061 passus
2584 3984 2682 4043 est

365 4070 555 4147 mala,
605 4069 699 4133 ita
743 4069 1092 4135 adversarii
1140 4073 1334 4136 etiam
1380 4077 1526 4155 post
1571 4074 1712 4158 ejus
1762 4078 2027 4138 mortem
2061 4075 2436 4139 memoriam
2483 4075 2679 4160 ipsius

363 4165 625 4231 foedare
670 4189 806 4231 non
852 4168 1263 4233 destiterunt.

2408 4273 2467 4328 1*
