3281 5014
375 3236 413 3298 Ἃ

446 1660 493 1689 1⁶8
513 1660 554 1689 a·

590 414 695 465 394
868 411 1090 465 XXXV.
1129 411 1212 465 De
1251 409 1453 464 Concil.
1492 410 1802 464 Basileensi
1840 425 1904 463 ac
1941 412 2007 463 de
2042 410 2257 476 Synodo
2293 408 2632 463 Florentina.

591 550 914 633 laeoloqus
967 555 1028 615 et
1068 550 1308 633 Joseph
1342 549 1738 633 patriarcha
1787 548 2381 632 Constantinopolis
2435 571 2580 615 oum
2635 547 2907 614 caeteris

591 646 1020 714 orientalibus
1080 646 1391 729 episcopis
1449 649 1859 725 convenerat,
1923 647 2081 711 unio
2142 650 2394 712 statuta
2451 646 2623 728 fuit,·
2690 645 2903 710 eodem

588 743 663 809 in
715 743 998 810 Concilio
1046 743 1485 809 Armenorum
1532 746 1592 807 et
1635 741 2089 808 Jacobitarum
2149 743 2443 808 ecclesiae
2487 743 2575 808 ad
2619 741 2905 806 obedien-

591 840 752 905 tiam
811 839 996 905 Sedis
1056 840 1462 922 Apostolicae
1514 839 1870 904 redierunt.
1972 840 2268 906 Profecto
2325 840 2406 904 ab
2461 840 2737 925 Eugenii
2785 837 2903 902 IV.

589 925 978 1003 intentione
1016 938 1444 1020 dependebat,
1506 942 1581 1001 ut
1634 937 1991 1002 Concilium
2052 959 2180 1022 qua
2234 936 2710 1002 oecumenicum
2764 942 2904 999 tum

590 1034 965 1099 Florentiae
1020 1040 1159 1098 tum
1208 1034 1452 1098 Romae
1506 1034 2016 1098 continuaretur.
2110 1032 2295 1098 Hanc
2347 1055 2496 1097 vero
2553 1033 2750 1097 fuisse
2801 1033 2905 1096 iu-

591 1133 950 1196 tentionem
1008 1133 1148 1216 ejus
1197 1131 1353 1195 satis
1400 1152 1475 1194 ex
1528 1130 1932 1194 documentis
1990 1130 2343 1214 colligitur3
2391 1151 2464 1193 ac
2508 1128 2790 1193 defectus
2834 1129 2902 1192 in

590 1224 922 1291 materiali
978 1227 1571 1311 repraesentatione
1618 1225 1939 1291 Ecclesiae
1993 1238 2254 1310 propter
2301 1226 2656 1290 absentiam
2704 1225 2903 1290 Grae-

590 1346 829 1398 corum,
877 1321 1207 1406 (videntur
1248 1328 1469 1388 tamen
1513 1322 1794 1387 adfuisse
1841 1321 2182 1388 Bessarion
2229 1329 2292 1388 et
2327 1323 2604 1387 Isidorus
2634 1321 2907 1386 Russiae

592 1422 973 1505 episcopus),
1022 1422 1405 1486 auctoritate
1453 1421 1784 1503 pontificia
1830 1420 2114 1503 suppleri
2161 1424 2435 1502 poterat.

769 1578 872 1642 65.
936 1576 1403 1642 Concludamus
1450 1575 1614 1639 hanc
1657 1575 2175 1639 dissertationem
2222 1577 2469 1660 aliquot
2514 1575 2905 1651 observatio·

594 1674 814 1753 nibus,
868 1695 1033 1756 quae
1077 1676 1373 1757 spectant
1418 1672 1665 1737 cultum
1712 1678 1935 1755 postea
1983 1672 2338 1736 exhibitum
2384 1671 2707 1736 Ludovico
2753 1669 2903 1736 Car·

592 1771 791 1835 dinali
838 1769 1244 1855 Ατρῐὲξεᾈεὶ,
1294 1768 1405 1853 qui
1461 1768 1883 1833 conciliabulo
1929 1767 2284 1832 Basileensi
2341 1762 2931 1833 et'ffiusaiinensi'

597 1889 797 1951 usque
860 1867 941 1930 ad
1004 1866 1489 1931 dissolutionem
1558 1866 1695 1949 ejus
1748 1865 2048 1947 praefuit.
2151 1864 2247 1928 De
2310 1865 2557 1941 Potter,
2622 1866 2904 1929 virulen-

591 1970 698 2027 tus
758 1965 867 2028 ille
922 1962 1345 2027 catholicismi
1403 1961 1833 2036 adversariuS,
1896 1968 1968 2025 ut
2024 1963 2325 2026 conviciis
2377 1963 2507 2026 suis
2555 1963 2793 2027 laceret·
2837 1967 2905 2024 et

592 2059 853 2124 irrideat
902 2064 1192 2123 sanctam
1243 2057 1500 2138 Sedem‚
1556 2058 2043 2134 animadvertit,
2100 2057 2508 2122 Cardinalem
2553 2060 2902 2123 Arelaten-

590 2178 755 2231 sem,
826 2156 1006 2220 nullo
1069 2175 1352 2238 unquam
1420 2154 1706 2220 exhibito
1769 2155 2249 2238 resipiscentiae
2308 2157 2522 2240 signe,
2593 2178 2665 2220 ac
2725 2156 2904 2221 nulla

592 2252 846 2336 prodita
901 2251 1373 2335 significatione
1431 2250 1665 2315 doloris
1713 2251 1794 2314 ob
1850 2251 2255 2316 schismatica
2299 2274 2416 2315 sua
2462 2253 2774 2328 facinora,
2831 2253 2902 2316 in

593 2370 943 2433 permagna
1017 2347 1383 2412 sanctitatis
1451 2347 1624 2410 fama
1685 2352 2014 2412 mortuum
2086 2370 2260 2431 esse,
2331 2349 2541 2413 multa
2607 2349 2684 2412 ad
2763 2350 2901 2433 ejus

590 2446 998 2529 sepulchrum
1047 2450 1302 2529 patrata
1360 2465 1496 2509 esse
1552 2444 1885 2523 miracula,
1946 2450 2011 2509 et
2057 2442 2450 2510 Clementem
2489 2445 2668 2522 VH.,
2730 2445 2901 2511 edito

591 2542 783 2607 Brevi
848 2542 1230 2626 apostolico,
1296 2541 1568 2606 honores
1631 2541 1727 2605 illi
1790 2563 2002 2606 sacros
2066 2542 2176 2625 qui
2240 2541 2459 2608 Beatis
2519 2543 2741 2608 haberi
2797 2565 2900 2607 so-

591 2641 732 2703 lent
805 2640 1180 2704 decrevisse.
1201 2636 1249 2717 1)
1382 2636 1632 2702 Similia
1705 2639 1898 2703 etiam
1974 2637 2181 2702 Janus
2263 2640 2538 2703 irridens
2618 2640 2902 2704 animad-

590 2737 806 2801 vertit.
823 2732 873 2819 2)
1002 2734 1179 2799 Haec
1254 2735 1454 2819 igitur
1529 2735 2000 2818 aliquantisper
2077 2735 2393 2800 elucidare
2467 2741 2898 2821 opportunum

591 2854 727 2896 esse
777 2833 1046 2896 videtur.

766 2981 868 3044 66.
928 2979 1248 3045 Henricus
1295 2978 1678 3063 Spondanus
1725 2981 1804 3044 ad
1851 3002 2095 3044 annum
2148 2981 2334 3045 1438.
2385 3003 2449 3045 n.
2503 2983 2603 3046 11.
2650 2981 2729 3045 de
2778 2982 2904 3046 Lu·

589 3078 811 3140 dovico
887 3077 1200 3140 Alemano
1266 3076 1593 3141 Cardinali
1661 3076 1721 3139 S.
1788 3077 2128 3152 Caeciliae,
2200 3078 2670 3161 archiepiscopo
2738 3078 2899 3141 Are-

589 3174 854 3248 latensi,
913 3173 1006 3236 ita
1060 3172 1287 3237 habet:
1351 3172 1508 3251 „Vir
1549 3172 1801 3257 quidem
1863 3174 1969 3237 ille
2018 3174 2417 3238 Arelatensis
2466 3174 2900 3258 legationibus

589 3269 979 3353 Apostolicis
1045 3270 1315 3353 aliisque
1373 3270 1563 3334 rebus
1620 3271 1946 3353 praeclare
2008 3272 2206 3353 gestis
2269 3270 2568 3353 insigniS,
2634 3292 2900 3355 magna-

589 3387 714 3450 que
774 3368 1043 3449 pietate,
1107 3365 1400 3431 doctrina
1460 3370 1525 3429 et
1584 3366 1897 3448 religione
1960 3388 2032 3431 ac
2089 3368 2261 3432 vitae
2315 3368 2693 3450 integritate
2745 3388 2899 3432 con-

588 3465 871 3547 spicuuS,
933 3463 1041 3527 sed
1103 3484 1293 3547 quem
1354 3464 1484 3526 sive
1546 3463 1839 3527 simultas
1901 3464 2117 3547 aliqua
2179 3462 2241 3545 (a
2295 3461 2584 3546 pluribus
2631 3468 2897 3540 asserta,

587 3562 740 3625 licet
795 3559 926 3625 non
983 3560 1139 3625 adeo
1192 3559 1520 3643 probata),
1580 3545 1691 3623 seii
1747 3561 1919 3623 zelus
1976 3582 2102 3624 non
2148 3559 2507 3644 asecundum
2564 3560 2897 3624 scientiam

588 3665 655 3722 et
713 3659 910 3721 nimia
963 3656 1260 3721 credendi
1323 3642 1893 3720 calumniatoribus
1949 3656 2254 3739 facilitas,
2313 3656 2393 3720 ab
2450 3656 2742 3741 Eugenio
2798 3679 2902 3721 re-

587 3760 903 3831 traxerat,
965 3762 1031 3817 et
1090 3755 1158 3817 iu
1220 3753 1592 3817 defensione
1654 3752 1919 3817 Concilii
1981 3751 2371 3817 Basileensis
2428 3753 2897 3818 obfirmaverat.

772 3980 811 4047 ι)
861 3980 1111 4035 Histoire
1162 3979 1603 4048 philosophique,
1667 3979 1933 4047 politique
1988 3986 2047 4033 et
2097 3980 2329 4046 critique
2379 3981 2449 4033 du
2499 3980 2900 4035 christianismo

589 4059 651 4111 T.
694 4059 788 4112 IV.
827 4059 886 4111 L.
926 4063 973 4112 7.
1014 4076 1063 4126 p.
1106 4060 1220 4111 122.

764 4137 807 4204 ²)
845 4138 1020 4191 Janus
1058 4153 1109 4204 p.
1148 4140 1266 4191 358.
