3281 5014
326 2695 522 2740 Clemens

550 2699 606 2742 V.

649 417 751 469 150
1066 415 1299 469 XXXII.
1340 415 1422 470 De
1457 414 1819 469 Pontificibus
1855 415 2135 471 Avenione
2172 415 2538 470 commoratis.

645 555 1079 635 nionensium,
1126 555 1328 622 Paris.
1383 557 1580 641 1693,
1629 556 1669 620 2
1716 559 1838 623 vol.
1885 558 1955 621 in
2003 557 2094 622 4⁰.
2144 592 2225 604 -—
2274 556 2621 641 Muratori‚
2668 555 2961 640 Scripto-

642 672 746 717 res
813 650 964 717 Ital.
1040 651 1110 718 T.
1173 650 1312 716 III.
1380 651 1452 716 P.
1520 651 1575 717 I.
1646 656 1707 717 et
1763 651 1861 717 II.
1941 687 2026 700 —-
2107 653 2532 720 Theudoricus
2599 654 2677 719 de
2742 653 2951 731 Niem,

658 748 805 815 Vita
858 747 1252 829 Pontificum
1311 748 1767 816 Romanorum
1831 748 2325 834 (1228—1418)
2387 750 2624 815 additis
2677 751 2959 836 Impera-

641 853 854 912 torum
922 847 1125 931 gestis
1192 868 1295 930 ap.
1365 846 1633 929 Eccard,
1716 847 1962 932 Corpus
2026 848 2476 913 historicorum
2552 848 2742 913 medii
2811 851 2956 914 aevi

643 942 716 1009 Τ.
764 943 816 1010 Ι.
862 942 1194 1007 Basilaeae
1246 944 1412 1007 1566
1457 945 1527 1007 in
1572 943 1685 1009 fol.
1738 980 1818 991 —
1867 945 2188 1028 Raynaldi
2227 943 2520 1010 Annales
2550 941 2726 1009 Saec.
2758 943 2950 1012 XIV.

640 1076 729 1085 —-
774 1039 1024 1115 Andre,
1083 1037 1379 1104 Histoire
1413 1038 1735 1122 potitique
1788 1039 1864 1105 de
1910 1039 1975 1105 la
2031 1039 2402 1106 monarchie
2447 1039 2819 1123 pontificale
2861 1060 2954 1107 au

642 1133 828 1200 XIV
858 1134 1068 1215 siecle,
1126 1156 1209 1201 ou
1256 1134 1321 1201 la
1364 1139 1658 1218 papante
1704 1138 1745 1201 ὰ
1793 1136 2115 1219 Aviqnon.
2161 1136 2346 1202 Paris
2398 1138 2585 1203 1854.
2632 1173 2720 1183 —
2763 1136 2951 1202 Chri-

641 1233 897 1318 stophe,
955 1231 1251 1297 Histoire
1292 1231 1368 1297 de
1412 1232 1478 1298 la
1511 1237 1808 1316 papante
1849 1233 2138 1317 pendant
2185 1232 2241 1298 le
2287 1233 2399 1297 XI
2410 1232 2471 1297 V
2502 1233 2701 1299 siecle.
2745 1234 2955 1314 Paris,

645 1331 835 1394 1853.
904 1367 988 1376 —-
1055 1330 1302 1410 Hefele,
1381 1331 1569 1397 Oonc.
1633 1331 1859 1397 Gesch.
1903 1331 2017 1397 VI.
2091 1367 2169 1377 —
2236 1330 2658 1416 Damberger,
2723 1330 2949 1396 Gesch.

641 1426 714 1491 T.
766 1424 947 1493 XIII.
995 1425 1167 1492 XIV.
1214 1461 1300 1472 —
1349 1427 1701 1502 Reumont,
1755 1425 1974 1491 Gesch..
2020 1425 2135 1491 der
2171 1425 2363 1491 stadt
2403 1426 2593 1504 Rom,
2648 1425 2821 1491 Tom.
2850 1424 2954 1491 II.

641 1557 723 1568 —
771 1521 995 1606 Balari,
1039 1520 1266 1588 Storia
1310 1522 1597 1601 d'Italia,
1645 1524 1790 1588 LL.
1837 1522 2094 1588 XXIX.
2135 1543 2264 1605 sqq.
2313 1559 2392 1569 —
2440 1524 2948 1608 Hergenrother,

640 1617 840 1684 K-G.
882 1617 1053 1683 Tom.
1087 1616 1184 1682 II.
1221 1618 1368 1683 Per.
1409 1617 1512 1683 VI.
1559 1618 1711 1703 Cap.
1737 1617 1792 1684 Ι.
1832 1625 1896 1685 et
1931 1618 2128 1683 K.-G.
2175 1617 2348 1683 Tom.
2381 1616 2521 1683 III.
2558 1640 2628 1701 p.
2657 1618 2791 1683 337
2817 1638 2952 1701 sqq.

640 1717 764 1798 (ed.
820 1718 933 1796 1.)‚
986 1717 1096 1781 ubi
1155 1720 1449 1782 auctores
1508 1718 1620 1802 qui
1681 1717 1760 1781 de
1817 1716 1937 1781 hac
1993 1721 2208 1782 aetate
2265 1717 2662 1800 scripserunt
2715 1716 2947 1781 citatos

639 1814 945 1879 invenies.
1052 1813 1179 1879 cfr.
1238 1814 1433 1878 etiam
1496 1814 1707 1897 quoad
1758 1815 2102 1899 scriptores
2159 1812 2495 1878 Chevalier
2539 1810 2953 1876 Bio-Biblio·

634 1907 911 1992 qraphie
968 1910 1088 1973 sub
1146 1909 1407 1974 nomine
1467 1910 1869 1994 singulorum
1934 1908 2315 1975 Pontificum
2375 1909 2947 1975 Avenionensium.

640 2006 868 2071 Plures
913 2005 1058 2070 dein
1107 2011 1399 2072 auctores
1444 2007 1714 2072 decursu
1763 2006 2253 2079 Dissertationis
2294 2006 2650 2071 citabimus,

1767 2377 1823 2444 Ι.

993 2505 1261 2572 Series
1305 2505 1811 2585 Pontificum
1860 2506 2595 2573 Avenioneusium.

818 2681 879 2746 5.
926 2678 1280 2744 Clemens
1313 2679 1391 2746 V.
1441 2676 1528 2764 (a.
1573 2680 2047 2761 1305-1314).
2078 2716 2165 2728 —-
2197 2680 2549 2764 Praecipua
2579 2702 2744 2764 quae
2777 2680 2955 2744 hunc

642 2775 1019 2841 Pontificem
1086 2781 1411 2860 spectant,
1470 2778 1610 2863 jam
1679 2778 2149 2854 enarravimus3
2231 2777 2385 2842 hinc
2450 2798 2652 2860 pauca
2715 2776 2952 2842 addere

638 2873 933 2938 sufficiet.
1020 2874 1161 2939 Hoc
1205 2878 1494 2984 tempore
1554 2874 1929 2958 pracsertim
1987 2896 2101 2958 per
2147 2872 2233 2937 Fr
2217 2872 2905 2963 atredean-resffl
2790 2872 2954 2937 fides

638 2971 995 3037 christiana
1052 2971 1123 3036 in
1180 2972 1449 3058 imperio
1507 2970 1925 3036 Tartarorum
1989 2975 2345 3055 propagata
2394 2971 2539 3035 fuit.
2651 2968 2954 3034 Clemens

637 3090 786 3133 vero
833 3066 938 3135 Fr.
983 3068 1305 3134 Joannem
1346 3091 1385 3133 a
1431 3067 1741 3144 Corvino,
1796 3068 1907 3152 qui
1952 3067 2379 3152 Evangelium
2429 3068 2510 3131 ab
2556 3066 2746 3133 annis
2804 3065 2948 3149 plu·

636 3165 815 3230 ribus
866 3165 937 3229 in
998 3166 1128 3231 illis
1177 3166 1464 3232 Orientis
1517 3164 1890 3248 regionibus
1941 3184 2178 3248 magno
2232 3186 2375 3230 cum
2427 3163 2641 3229 fructu
2696 3161 2948 3246 praedi·

636 3260 855 3339 cabat,
917 3261 1510 3328 Cambalichensem
1556 3260 1866 3345 (Peking)
1912 3261 2456 3344 archiepiscopum
2501 3265 2567 3324 et
2610 3260 2809 3324 totius
2853 3259 2949 3323 le-

634 3362 861 3443 gatum
920 3358 1207 3424 Orientis
1269 3359 1542 3442 creavit,
1607 3363 1986 3441 septemque
2051 3379 2128 3423 ex
2199 3357 2417 3421 eodem
2486 3356 2729 3421 Ordine
2784 3357 2949 3421 sele·

635 3460 772 3520 ctos
825 3456 994 3521 viros
1036 3457 1279 3540 pietate
1338 3460 1405 3521 et
1457 3455 1819 3521 eruditione
1875 3459 2306 3537 praestantes,
2364 3453 2706 3537 episcopali
2750 3452 2944 3518 adau-

635 3556 770 3617 ctos
845 3551 1193 3635 dignitate,
1274 3552 1355 3617 ad
1423 3574 1570 3616 eum
1634 3551 1841 3630 misit,
1936 3552 2048 3634 qui
2118 3551 2242 3634 ipsi
2318 3551 2389 3614 in
2459 3550 2813 3634 Evangelio
2880 3556 2951 3614 et

635 3650 913 3713 recentis
978 3649 1283 3714 ecclesiae
1352 3648 1664 3734 regimine
1732 3649 1912 3711 velut
1986 3647 2386 3731 suffraganei
2448 3647 2949 3712 collaborarent.

639 3781 713 3793 --
766 3745 1048 3810 Multum
1106 3745 1533 3824 adlaboravit,
1590 3750 1662 3810 ut
1713 3744 2185 3829 expeditionem
2233 3746 2472 3809 sacram
2492 3793 2507 3823 ,
2555 3765 2746 3828 quam
2791 3764 2947 3808 con-

635 3842 824 3907 tinuo
908 3849 1128 3906 mente
1205 3843 1533 3917 volvebat,
1618 3846 2046 3925 praepararet.
2168 3841 2520 3906 Dulcinum
2592 3840 2945 3924 impurissi-

634 3962 810 4003 mum
881 3938 1390 4004 haeresiarcham
1461 3939 1823 4014 damnavit,
1901 3939 2161 4022 ejusque
2228 3942 2580 4004 sectatores
2647 3961 2703 4003 a.
2778 3937 2949 4001 1308

633 4057 812 4101 sacra
875 4035 1120 4101 indicta
1182 4037 1415 4102 militia
1478 4036 1952 4101 exterminavit.
2059 4034 2134 4098 In
2200 4035 2487 4101 Concilio
2549 4057 2701 4099 vero
2744 4035 2947 4100 Vien-

634 4134 820 4196 nensi
878 4132 1361 4218 Beguardorum
1417 4145 1483 4197 et
1538 4133 1972 4217 Beguinarum
2034 4132 2360 4198 doctrinae
2420 4131 2951 4216 pseudo-mysti-
