3281 5014
1078 438 1161 493 De
1201 437 1416 505 Synodo
1453 436 1796 492 Florentina.
2494 438 2598 489 383

403 625 410 632 -
460 579 565 645 52.
636 577 936 664 Objectio
994 580 1152 644 haec
1220 579 1429 642 inanis
1497 583 1626 655 est,
1694 582 1760 643 et
1822 578 2197 661 praesertim
2271 578 2600 644 occasione
2656 591 2824 663 Testae
2851 592 2905 634 de

283 677 661 742 recentioris
714 677 1186 740 controversiae
1243 675 1671 759 peremptorio
1727 674 1912 739 modo
1956 673 2265 758 dissipata
2318 675 2465 739 fuit.
2516 710 2594 719 -
2680 656 2880 705 ‘mmm'

283 772 603 856 Imprimis
665 772 1128 838 advertendum
1179 778 1307 850 est,
1370 772 1622 836 etiamsi
1680 773 1748 835 in
1791 776 1980 835 textu
2028 772 2333 855 originali
2393 772 2598 836 latino

281 891 418 934 non
464 869 624 933 illud
670 867 894 948 etiam,
952 870 1064 933 sed
1125 872 1186 932 et
1238 871 1300 932 et
1351 868 1784 944 inveniretur,
1845 868 2025 932 nullo
2079 868 2266 932 modo
2310 868 2460 933 inde
2505 869 2598 932 in-

284 968 436 1031 ferri
485 971 720 1049 posset,
766 967 1240 1030 restrictionem
1279 987 1393 1048 per
1439 987 1718 1030 canones
1751 963 2087 1029 Pontificis
2134 966 2441 1049 primatui
2489 987 2602 1048 ap-

285 1064 456 1147 poni.
560 1062 783 1127 Canon
848 1064 1019 1126 enim
1081 1062 1595 1127 hermeneuticus
1653 1066 1781 1142 est,
1841 1083 2032 1145 quem
2089 1063 2187 1125 vel
2244 1063 2383 1145 ipsa
2436 1062 2603 1125 ratio

283 1159 603 1224 naturalis
651 1159 972 1244 agnoscit,
1022 1159 1323 1242 ambigua
1371 1179 1449 1222 ex
1495 1158 1844 1241 perspicuis
1890 1157 2119 1222 debere
2167 1159 2432 1242 exponi,
2486 1179 2606 1222 nec

284 1257 364 1321 iis
410 1256 645 1339 opponi
701 1277 902 1338 posse.
990 1254 1139 1319 Jam
1187 1276 1338 1319 vero
1395 1256 1463 1319 in
1512 1254 2041 1319 antecedentibus
2089 1254 2419 1332 definitur,
2473 1252 2604 1318 Ro·

285 1374 478 1418 mano
535 1351 840 1417 Pontifici
893 1350 965 1416 in
1025 1349 1206 1415 beato
1251 1349 1447 1415 Petro
1493 1349 1838 1433 pascendi,
1902 1349 2193 1432 reqe‘ndi5
2255 1354 2315 1414 et
2370 1348 2603 1432 yuber-

284 1447 495 1514 nandi
539 1446 974 1512 universalem
1020 1445 1381 1512 Ecclesiam
1428 1466 1470 1511 a
1516 1448 1602 1511 D.
1645 1446 1727 1511 N.
1775 1446 1934 1511 Jesu
1987 1445 2254 1511 Christo
2289 1445 2604 1529 plenam

275 1548 748 1628 potestatem
806 1544 1037 1628 (πλήρη
1097 1542 1409 1625 ἐξουσίαν)
1473 1543 1793 1609 traditam
1853 1563 2000 1607 esse.
2104 1542 2336 1608 Verbis
2398 1545 2603 1627 magis

284 1643 662 1727 perspicuis,
734 1643 1111 1725 praesertim
1186 1643 1243 1705 si
1310 1642 1501 1705 etiam
1575 1642 1923 1725 magnifica
1985 1662 2149 1724 quae
2211 1641 2605 1704 antecedunt

284 1739 805 1815 considerantur,
860 1760 1107 1803 summa
1165 1738 1540 1811 auctoritas,
1571 1737 1851 1802 Romani
1901 1736 2236 1802 Pontificis
2291 1736 2602 1801 declarari

284 1858 423 1901 non
482 1840 766 1919 poterat3
836 1836 1132 1918 ineptum
1193 1857 1344 1899 vero
1405 1840 1575 1899 esset
1631 1839 2025 1918 potestatem
2088 1832 2352 1915 plenam
2412 1855 2603 1917 quam

284 1934 508 1997 dicunt
552 1955 591 1996 a
637 1931 896 1998 Christo
943 1953 1345 2008 concessam,
1394 1931 1624 1996 deinde
1670 1931 1878 1996 dicere
1925 1930 2237 1995 limitibus
2282 1952 2602 1995 sacrorum

287 2051 606 2094 canonum
639 2029 1026 2094 restrictam.
1097 2027 1199 2092 Ad
1244 2050 1567 2093 summum
1596 2028 1812 2111 aliqua
1844 2024 2111 2091 directio
2157 2027 2367 2112 quoad
2416 2050 2605 2092 usum

286 2125 628 2209 potestatis
675 2147 788 2208 per
837 2146 1048 2190 sacros
1094 2147 1375 2189 canones
1431 2125 1617 2190 innui
1666 2122 1955 2208 possetst)
2009 2160 2097 2169 —
2155 2122 2279 2188 Sed
2326 2146 2444 2189 nec
2491 2127 2608 2190 hoc

287 2222 539 2286 admitti
589 2226 830 2305 potest;
886 2220 1046 2284 nihil
1097 2221 1273 2285 aliud
1319 2221 1549 2284 ultimo
1592 2220 1796 2285 inciso
1844 2223 2240 2302 continetur,
2293 2223 2416 2285 nisi
2459 2242 2605 2287 con·

284 2312 547 2409 ftQri
601 2319 796 2381 etiam
852 2339 930 2381 ex
990 2318 1182 2381 sacris
1230 2316 1530 2382 Conciliis
1590 2322 1657 2381 et
1717 2317 2072 2381 canonibus
2129 2318 2387 2401 plenam
2435 2304 2606 2384 Pon-

286 2415 477 2480 tificis
539 2418 947 2498 potestatem.
1060 2412 1231 2477 Nam
1296 2414 1361 2478 in
1431 2413 1732 2498 originali
1798 2418 1984 2477 textu
2048 2435 2273 2480 revera
2330 2416 2606 2485 habetur

286 2510 863 2593 „quemadmodum
928 2507 1185 2590 etiam“‚
1250 2511 1627 2575 nullatenus
1696 2518 1910 2575 autem
1976 2514 2039 2574 et
2101 2512 2192 2575 ibi
2255 2513 2606 2587 invenitur.

290 2609 580 2673 Examen
629 2610 873 2672 factum
917 2613 1017 2672 est
1061 2630 1235 2673 anno
1287 2607 1456 2672 1870
1513 2615 1652 2671 tum
1708 2606 1885 2671 illius
1934 2605 2299 2689 Oriyinalis
2344 2610 2605 2699 decreti,
2656 2591 2675 2640 ἓ

289 2705 460 2790 quod
505 2705 572 2768 in
618 2704 922 2769 Archivio
953 2703 1273 2770 Vaticano
1320 2708 1758 2782 conservatur,
1804 2709 1943 2768 tum
1995 2702 2387 2788 Oriqinalis‚
2436 2714 2605 2795 quod

289 2804 359 2867 in
416 2800 823 2866 Bibliotheca
882 2800 1324 2867 Laurentiana
1382 2800 1764 2866 Florentina
1818 2806 2053 2867 exstat.
2158 2803 2238 2867 In
2289 2803 2607 2892 Originali

290 2899 401 2963 illo
432 2898 754 2962 Vaticano
800 2896 1076 2961 habetur
1134 2921 1210 2963 ex
1271 2922 1398 2963 una
1452 2901 1638 2982 parte
1686 2903 1906 2976 textus
1964 2900 2204 2964 latinus
2261 2924 2404 2967 cum
2453 2908 2606 2970 sub-

292 2995 639 3077 scriptione
685 2994 1087 3078 autographa
1134 2994 1405 3080 Eugenii
1457 2993 1573 3058 1V.
1620 3000 1689 3058 et
1734 2995 1981 3078 aliquot
2027 2994 2481 3078 Cardinalium,
2528 3025 2603 3067 ex

293 3091 497 3156 altera
549 3093 732 3173 parte
792 3093 1012 3154 textus
1070 3111 1339 3176 graecus
1402 3113 1546 3155 cum
1614 3091 2084 3173 subscriptione
2144 3092 2420 3161 Joannis
2482 3097 2605 3163 Pa-

291 3188 591 3271 laeolog13
664 3187 732 3249 in
794 3184 1112 3271 Originali
1167 3186 1552 3253 Florentino
1610 3187 1886 3252 habetur
1943 3189 2327 3272 subscriptio
2380 3192 2604 3260 Ponti-

291 3285 428 3349 ficis
475 3289 543 3348 et
587 3283 1005 3368 Imperatoris
1053 3290 1248 3368 atque
1305 3285 1593 3349 omnium
1640 3284 2067 3348 membrorum
2113 3285 2408 3372 Concilii,
2467 3312 2607 3356 cum

293 3381 470 3446 bulla
523 3380 822 3463 plumbea
878 3379 1209 3446 Pontificis
1269 3387 1336 3446 et
1393 3402 1587 3445 aurea
1643 3379 2078 3463 Imperatoris.
2185 3381 2486 3452 Jamvero
2540 3389 2607 3451 in

294 3486 569 3561 utroque
629 3476 749 3541 hoc
812 3475 1129 3561 Originali
1184 3478 1460 3542 habetur
1518 3474 2097 3565 „quemadmodum
2157 3476 2397 3560 etiam“
2453 3485 2607 3548 niti-

294 3573 569 3638 dissimis
633 3595 707 3638 ac
760 3573 1084 3638 distinctis
1144 3574 1380 3638 litteris
1440 3574 1772 3658 scriptum.
1880 3572 2226 3638 Praeterea
2280 3577 2348 3641 in
2401 3580 2609 3644 tribus

476 3855 517 3926 ¹)
555 3857 640 3910 Ex
676 3855 763 3909 his
798 3855 965 3915 facile
1003 3860 1184 3925 vides,
1233 3875 1391 3926 quam
1428 3858 1617 3927 inepta
1655 3858 1769 3913 sint
1805 3858 1905 3912 illa
1940 3858 2097 3915 Petri
2134 3862 2202 3919 de
2236 3864 2443 3918 Marca:
2502 3866 2611 3933 „At

297 3960 327 4000 e
378 3948 667 3999 contextus
711 3941 872 3997 latini
922 3941 1226 4008 depravata
1260 3937 1498 3993 lectione
1548 3938 1758 3993 eruitur
1811 3937 2032 4007 plenam
2080 3952 2187 3990 esse
2238 3936 2424 4003 Papae
2466 3940 2610 4004 potc-

294 4027 502 4090 statcm,
540 4023 703 4090 idque
739 4020 958 4091 probari
994 4018 1135 4074 actis
1172 4017 1538 4073 Consiliorum
1575 4023 1633 4072 et
1669 4017 2016 4072 canonibus.“
2083 4014 2499 4083 Qualiscumque
2536 4014 2611 4068 sit

296 4101 461 4157 lectio
497 4100 814 4170 originalis,
859 4100 1018 4169 plena
1054 4101 1292 4168 potestas
1339 4097 1448 4165 iam
1487 4096 1736 4165 superius
1772 4095 2024 4151 Pontifici
2068 4094 2265 4148 iisdem
2304 4093 2489 4147 verbis
2525 4108 2609 4147 as·

299 4187 452 4236 serta
485 4180 610 4247 fuit,
646 4179 878 4249 proinde
916 4194 1054 4247 quae
1094 4183 1394 4246 sequuntur
1430 4175 1518 4230 his
1559 4176 1937 4231 contradicere
1972 4190 2081 4230 non
2116 4177 2390 4242 poterant.

402 4275 668 4328 Jungmanm
704 4274 1062 4316 Dissertationea.
1090 4273 1216 4315 Tom.
1234 4272 1317 4315 VI.
2299 4261 2369 4313 25
