3281 5014
619 421 719 472 172
1032 419 1263 473 XXXII.
1300 421 1384 474 De
1418 419 1778 475 Pontificibus
1816 421 2096 476 Avenione
2134 422 2495 476 commoratis.

306 574 571 618 Constitutio
615 563 722 624 tes.
779 608 794 623 .
841 610 855 623 .
904 610 917 623 .
978 558 1200 625 Visum
1246 563 1341 625 est
1384 558 1596 639 nobis,
1654 561 1759 640 (ut
1804 560 2212 629 mordacibus
2256 557 2701 645 hujuscemodi
2745 581 2911 624 mor-

375 641 499 679 axae.
612 654 805 721 dendi
860 656 1002 721 iras
1045 656 1671 739 praecluderemus),
1727 656 1954 739 aliqua
2010 678 2175 738 quae
2229 657 2304 723 in
2357 657 2503 740 ipsa
2545 655 2773 739 requla
2817 655 2910 720 vi-

611 751 753 817 deri
808 756 1115 836 poterant
1169 752 1371 819 dubia
1423 752 1782 832 declarare,
1846 753 2164 819 nonnulla
2213 775 2334 836 per
2388 752 2913 820 Praedecessores

610 847 806 915 etiam
868 853 1123 914 nostros
1182 849 1513 915 declarata
1559 848 1851 933 pleniori
1911 848 2210 915 claritate
2262 850 2601 933 disserere,
2660 849 2737 914 in
2792 848 2910 914 ali-

610 944 846 1026 quibus
899 944 1095 1011 etiam
1154 945 1448 1029 reyulam
1506 944 1721 1029 ipsam
1767 944 2287 1029 continqentibus
2321 944 2614 1029 puritati
2660 965 2908 1012 eorum·

609 1040 748 1106 dem
794 1041 1152 1127 (Fratrum)
1199 1041 1624 1108 conscientiae
1660 1041 2020 1126 providere.

784 1141 893 1206 25.
954 1140 1137 1205 Inter
1199 1142 1327 1206 alia
1381 1141 1689 1207 Pontifex
1752 1142 2066 1219 declarat,
2132 1145 2374 1206 arctam
2437 1162 2655 1205 eorum
2720 1161 2909 1224 quam

607 1238 832 1320 regula
897 1238 1373 1322 praescribebat
1438 1242 1885 1322 paupertatem
1956 1258 2028 1302 ao
2092 1238 2502 1322 proprietatis
2567 1236 2908 1302 abdicatio·

612 1354 758 1397 nem
820 1334 889 1398 in
954 1355 1028 1398 eo
1094 1336 1364 1417 positam
1427 1356 1596 1411 esse,
1659 1338 1730 1399 ut
1775 1333 2185 1399 Francisoani
2247 1334 2412 1398 nihil
2475 1334 2593 1399 sibi
2651 1330 2909 1428 S‘Elffl

610 1427 936 1495 communi
983 1428 1117 1494 sive
1172 1429 1249 1496 in
1297 1428 1700 1512 particulari
1758 1431 2080 1515 proprium
2127 1431 2237 1495 vin
2283 1452 2495 1496 maren
2540 1480 2556 1509 ,
2615 1436 2681 1496 et
2743 1431 2908 1494 nihil

610 1512 1881 1611 sffperflusfffifflgffffiss‘erenu
1942 1528 2258 1611 ejusmodi
2303 1533 2522 1592 autem
2565 1527 2905 1593 abdicatio·

609 1644 758 1687 nem
803 1624 1246 1707 proprietatis,
1294 1629 1431 1689 tum
1481 1624 1547 1687 in
1593 1624 1917 1688 communi
1964 1628 2106 1688 tum
2152 1624 2223 1688 in
2268 1624 2668 1707 particulari,
2715 1646 2908 1708 quam

611 1722 677 1782 et
723 1716 1015 1784 Christus
1061 1720 1255 1785 verbo
1316 1721 1532 1785 docuit
1578 1723 1646 1784 et
1691 1722 1982 1804 exemplo
2026 1721 2336 1800 firmavit,
2387 1727 2651 1806 propter
2698 1721 2906 1787 Deum

609 1816 841 1880 factam
915 1837 1050 1880 esse
1119 1818 1536 1881 meritoriam.
1648 1815 1858 1882 Porro
1914 1836 2059 1881 cum
2120 1815 2267 1899 ipsa
2328 1816 2557 1900 reyula
2617 1837 2911 1901 expresse

610 1910 960 1990 contineat,
1019 1912 1189 1991 quod
1239 1910 1515 1977 Fratres
1566 1911 1739 1977 nihil
1792 1911 1919 1978 sibi
1965 1912 2416 1996 appropi-ient,
2474 1935 2588 1980 nec
2628 1914 2906 1993 domum,

609 2028 723 2073 nec
770 2008 1007 2094 locum,
1066 2029 1181 2073 nec
1225 2008 1517 2090 aliquam
1563 2029 1719 2087 rem,
1767 2008 1976 2091 sitque
2020 2009 2415 2075 declaratum
2457 2031 2580 2094 per
2625 2010 2905 2075 Praedo-

610 2125 915 2170 cessorem
979 2109 1276 2171 nostrum
1349 2104 1740 2188 Greqorium
1807 2105 1928 2170 IX.
2001 2110 2062 2170 et
2123 2105 2471 2172 nonnullos
2533 2106 2728 2187 alios,
2794 2106 2907 2172 hoc

609 2222 869 2267 servare
913 2201 1134 2267 debere
1178 2206 1313 2268 tam
1357 2201 1430 2267 in
1477 2200 1744 2285 speciali
1790 2222 1985 2284 quam
2032 2202 2228 2267 etiam
2271 2203 2345 2268 in
2391 2202 2739 2283 communi,
2789 2255 2802 2268 .
2835 2254 2849 2269 .
2884 2257 2901 2272 .

610 2298 913 2379 dicimus,
969 2298 1138 2381 quod
1191 2298 1513 2364 abdicatio
1563 2298 1993 2382 proprietatis
2052 2298 2426 2383 hujusmodi
2477 2299 2767 2365 omnium
2811 2321 2907 2365 re-

609 2417 760 2462 rum
835 2400 971 2460 tam
1044 2395 1119 2460 in
1182 2394 1482 2478 speciali,
1552 2415 1749 2477 quam
1817 2394 2012 2459 etiam
2077 2395 2153 2463 in
2223 2396 2582 2477 communi,
2638 2401 2909 2480 propter

609 2493 846 2572 Deum,
895 2491 1233 2559 meritoria
1282 2496 1375 2557 est
1420 2495 1481 2557 et
1525 2495 1790 2557 sancta:
1833 2512 2030 2573 quam
2075 2496 2136 2557 et
2185 2491 2500 2573 Christus,
2548 2492 2724 2559 viam
2760 2516 2906 2578 per·

606 2589 908 2672 fectionis
964 2589 1325 2667 ostendens,
1389 2588 1577 2654 verbo
1625 2589 1842 2654 docuit
1886 2594 1945 2654 et
1991 2590 2275 2672 eoeemplo
2315 2589 2639 2669 firmavit:
2684 2612 2907 2672 quam·

610 2707 732 2769 que
808 2685 1009 2770 primi
1080 2686 1467 2768 fundatores
1549 2684 1900 2751 militantis
1965 2685 2292 2751 Ecclesiae
2349 2692 2555 2770 prout
2621 2686 2700 2753 ab
2768 2688 2908 2771 ipso

605 2784 788 2866 fonte
856 2782 1250 2860 hauserant,
1314 2781 1592 2846 volentes
1650 2783 1933 2865 perfecte
2000 2783 2211 2848 vivere
2261 2804 2386 2865 per
2451 2783 2782 2850 doctrinae
2848 2787 2909 2848 et

608 2880 781 2945 vitae
843 2878 1131 2961 exempla
1188 2877 1262 2942 in
1318 2898 1421 2942 eos
1476 2877 1881 2945 derivarunt.
1972 2878 2106 2943 Nec
2166 2878 2270 2943 his
2333 2879 2674 2962 quisquam
2719 2884 2909 2963 putet

610 2976 910 3042 obsistere
973 2974 1142 3056 quod
1211 2974 1542 3039 interdum
1614 2974 1860 3040 dicitur
1921 2974 2157 3040 loculos
2213 2974 2546 3042 habuisse:
2599 2997 2757 3043 nam
2814 2977 2908 3042 sic

609 3074 801 3138 Jesus
859 3070 1187 3150 Christus,
1252 3072 1440 3154 cujus
1493 3072 1789 3153 perfecta
1851 3076 2007 3137 sunt
2064 3093 2283 3155 opera,
2337 3072 2412 3137 in
2465 3073 2604 3139 suis
2657 3072 2907 3138 actibus

608 3170 782 3236 viam
850 3167 1269 3252 perfectionis
1344 3168 1667 3247 exercuit,
1745 3168 1913 3250 quod
1984 3168 2315 3234 interdum
2384 3169 2904 3253 imperfectorum

609 3263 1204 3351 imperfectionibus
1267 3264 1790 3343 condescendens,
1860 3268 1922 3329 et
1986 3265 2163 3329 viam
2216 3267 2641 3349 perfectionis
2707 3258 2903 3330 extol-

610 3363 791 3444 leret,
848 3367 909 3427 et
960 3361 1486 3444 imperfectorum
1534 3360 1837 3441 infirmas
1893 3361 2157 3426 semitas
2212 3382 2344 3426 non
2388 3362 2762 3428 damnaret:
2808 3361 2904 3427 sic

608 3460 1022 3541 infirmorum
1069 3477 1387 3541 personas
1450 3455 1761 3522 Christus
1819 3457 2098 3541 suscepit
2150 3456 2225 3523 in
2272 3458 2533 3524 loculis:
2589 3457 2680 3523 sic
2726 3463 2786 3523 et
2829 3458 2904 3523 in

608 3556 945 3623 nonnullis
1016 3554 1169 3619 aliis
1238 3553 1504 3634 infirma
1579 3553 1907 3618 humanae
1983 3553 2205 3619 carnis
2280 3574 2616 3621 assumens
2681 3557 2905 3638 (prout

608 3652 975 3736 evanyelica
1021 3655 1298 3716 testatur
1342 3649 1651 3733 historia)
1696 3670 1827 3715 non
1873 3654 2134 3716 tantum
2179 3671 2390 3731 carne,
2438 3651 2548 3715 sed
2590 3656 2651 3716 et
2697 3656 2904 3717 mente

609 3747 1046 3815 condescendit
1103 3745 1401 3827 infirmis.
1504 3746 1964 3813 Franciscanos
2017 3770 2203 3833 porro
2261 3749 2544 3814 declarat
2597 3748 2902 3815 Pontifex

607 3870 819 3913 rerum
878 3846 958 3910 ad
1016 3846 1185 3909 vitae
1241 3845 1778 3909 sustentationem
1833 3846 2336 3909 necessariarum
2394 3846 2631 3910 habere
2685 3867 2899 3930 usum3

607 3945 892 4009 laborem
952 3964 1254 4006 manuum
1304 3941 1384 4005 ab
1439 3941 1592 4023 ipsis
1649 3962 1785 4005 esse
1843 3942 2304 4026 peragendum,
2349 3944 2626 4026 exceptis
2669 3942 2746 4007 iis
2792 3945 2903 4025 qui

607 4044 972 4106 litterarum
1033 4038 1287 4114 studiis,
1353 4058 1532 4101 sacro
1594 4037 1982 4110 ministerio,
2047 4039 2325 4103 orationi
2388 4044 2453 4103 et
2516 4040 2903 4122 contempla-

607 4137 773 4203 tioni
830 4140 1164 4210 vacarent,
1225 4133 1658 4212 ecclesiarum,
1717 4133 2046 4214 domuum,
2109 4156 2182 4199 ac
2229 4135 2618 4219 reliquarum
2666 4157 2901 4212 rerum,
