3281 5014
1121 489 1203 543 De
1239 488 1403 542 Bulla
1438 488 1521 543 Ne
1549 491 1875 559 praetereat.
2550 490 2657 542 205

340 633 622 692 censent.
727 629 804 693 In
863 630 942 694 iis
1001 636 1224 695 tamen
1284 630 1707 716 dijudicandis
1768 651 1901 694 nou
1961 630 2381 694 conveniunt.
2482 629 2653 694 Dum

340 725 511 788 enim
562 724 814 790 Riezler
860 730 927 790 et
972 726 1209 792 Miiller
1266 732 1594 804 statuunt,
1654 727 1974 792 Joannem
2032 725 2459 810 dependentia
2505 749 2653 792 con-

338 821 527 884 tinua
588 843 626 885 a
685 823 945 908 regibus
1008 823 1257 888 Galliae
1319 829 1384 889 et
1444 845 1482 888 a
1544 844 1699 907 rege
1762 823 2051 887 Roberto
2109 824 2470 901 detentum,
2536 825 2655 888 sub

337 917 567 981 horum
613 919 865 984 influxu
926 926 991 985 et
1036 941 1150 1004 pro
1197 942 1416 984 eorum
1478 921 1808 984 commodo
1862 919 2098 1003 egisse,
2160 917 2405 1003 Preger
2469 920 2653 984 evin-

338 1036 479 1078 cere
548 1019 848 1095 conatur,
929 1038 1166 1101 magna
1234 1039 1375 1081 cum
1455 1016 1963 1100 independentia
2028 1015 2352 1081 Joannem
2423 1018 2653 1101 egisse,

335 1110 464 1174 illis
509 1112 766 1194 regibus
813 1133 958 1176 eum
998 1136 1133 1177 non
1179 1115 1459 1191 cessisse,
1506 1113 1615 1177 sed
1664 1113 1878 1196 potius
1923 1112 2002 1176 iis
2035 1135 2221 1177 usum
2268 1134 2404 1178 esse
2450 1114 2653 1177 veluti

335 1208 792 1272 instrumentis
839 1214 915 1274 ut
961 1211 1318 1295 attingeret
1362 1232 1621 1294 scopum
1671 1210 1793 1274 sibi
1837 1207 2309 1294 propositum.¹)

416 1345 422 1351 ·
514 1306 617 1369 59.
683 1305 916 1382 Quodsi
978 1306 1218 1372 ‚loanni
1266 1305 1487 1371 XXII.
1545 1329 1921 1392 persuasum
1980 1308 2238 1384 fuisset,
2301 1308 2649 1392 Imperium

336 1423 409 1466 eo
462 1409 752 1486 tempore
816 1402 973 1468 adeo
1036 1404 1491 1488 degenerasse,
1559 1411 1630 1469 ut
1694 1427 1771 1469 ex
1831 1404 1969 1488 ipso
2030 1426 2267 1488 magna
2326 1406 2496 1469 mala
2549 1427 2648 1469 so·

334 1498 553 1564 cietati
618 1506 683 1564 et
739 1499 1062 1565 Ecclesiae
1123 1501 1571 1585 provenirent,
1637 1523 1709 1565 ac
1772 1502 1826 1565 si
1887 1502 2024 1584 ipse
2086 1506 2422 1585 propterea
2480 1503 2647 1585 ejus·

336 1596 503 1660 modi
551 1593 750 1663 Bulla
807 1601 1051 1662 statum
1104 1619 1315 1661 rerum
1361 1598 1672 1662 voluisset
1716 1600 2087 1662 immutare:
2145 1599 2370 1682 gravia
2424 1598 2648 1663 adduci

335 1698 598 1776 possent
670 1694 938 1771 motiva,
1008 1716 1121 1759 cur
1186 1692 1563 1769 Pontifices,
1633 1717 1672 1758 a
1751 1693 1982 1778 quibus
2044 1693 2302 1777 Imperii
2368 1694 2645 1760 Romani

333 1790 664 1855 christiani
718 1791 1051 1855 suscitatio
1107 1794 1251 1854 orta
1307 1796 1476 1872 erat,
1536 1792 1920 1855 auctoritate
1982 1791 2072 1854 eis
2135 1791 2330 1855 insita
2391 1792 2468 1855 de
2525 1792 2647 1855 Im·

332 1887 510 1971 perio
557 1889 818 1973 ejusque
864 1888 1181 1952 relatione
1238 1888 1318 1952 ad
1366 1888 1493 1951 alia
1546 1908 1748 1972 regna
1801 1887 2112 1971 quaedam
2161 1888 2455 1953 ordinare
2500 1910 2645 1973 pos-

332 1980 569 2065 sentss)
646 1982 770 2049 Sed
816 2006 948 2049 non
995 1988 1123 2061 est,
1189 2006 1304 2049 cur
1349 2005 1423 2049 ea
1469 1985 1544 2050 de
1586 1986 1963 2069 quaestione
2008 1984 2129 2050 hoc
2173 1987 2311 2050 loco
2359 2006 2646 2069 agamus.

333 2081 593 2145 Etenim
639 2101 998 2158 censemuS,
1051 2080 1371 2145 Joannem
1419 2079 1638 2145 XXII.
1698 2081 2073 2145 nullatenus
2128 2082 2195 2145 in
2257 2083 2472 2146 animo
2530 2082 2644 2145 ha-

332 2178 547 2241 buisse
593 2176 687 2241 ita
718 2200 932 2241 rerum
964 2178 1395 2242 conditionem
1429 2179 1792 2261 immutare,
1832 2177 2388 2242 Constitutionem
2427 2182 2643 2243 autem

329 2272 431 2337 Ne
487 2275 861 2355 praetereat
929 2274 1011 2337 ab
1073 2273 1211 2357 ipso
1271 2296 1389 2338 nec
1457 2277 1694 2340 factam
1761 2296 1881 2338 nec
1944 2274 2181 2338 editam
2244 2274 2464 2352 fuisse,
2535 2274 2642 2339 sed

329 2371 781 2436 documentum
865 2392 1001 2434 esse
1079 2371 1579 2458 supposititium.
1706 2369 2024 2435 Gravibus
2100 2370 2502 2453 argumentis
2578 2370 2642 2433 id

329 2468 719 2551 nuperrime,
767 2467 981 2533 libello
1020 2468 1158 2552 jam
1206 2468 1423 2546 citat0‚
1469 2468 1766 2553 probavit
1810 2465 2072 2552 Felten3
2117 2467 2380 2551 longum
2428 2475 2642 2533 autem

330 2565 529 2642 foret,
585 2570 967 2650 argumenta
1021 2565 1180 2630 haec
1235 2587 1350 2650 per
1394 2565 1656 2650 singula
1713 2566 2022 2630 evolvere.
2118 2563 2317 2629 Gesta
2364 2563 2640 2630 Joannis

329 2684 441 2745 per
488 2666 698 2727 totum
754 2662 1197 2745 pontificatum
1255 2684 1440 2726 suum
1499 2662 1668 2726 nihil
1729 2684 1881 2746 prae
1942 2683 2009 2726 se
2068 2661 2320 2739 ferunt,
2379 2684 2458 2726 ex
2515 2684 2645 2746 quo

328 2759 652 2824 inferatur
704 2780 850 2823 eum
907 2759 1188 2824 voluisse
1242 2759 1587 2823 relationes
1649 2759 1899 2822 Italiam
1957 2758 2130 2823 inter
2182 2763 2250 2823 et
2293 2758 2639 2841 Imperium

328 2858 596 2935 solvere,
642 2854 751 2920 sed
795 2857 953 2921 satis
1000 2857 1380 2934 ostendunt,
1436 2878 1577 2920 eum
1626 2855 1902 2919 voluisse
1948 2877 2202 2920 servare
2248 2877 2461 2920 rerum
2506 2859 2640 2919 sta-

327 2959 465 3018 tum
513 2954 611 3017 uti
661 2954 797 3038 jam
855 2976 932 3018 ex
979 2953 1286 3019 diuturno
1341 2959 1626 3037 tempore
1685 2952 2098 3017 subsistebat.
2193 2951 2329 3017 Nec
2384 2953 2454 3017 in
2513 2951 2640 3015 De-

328 3051 675 3116 cretalibus
742 3073 861 3115 nec
928 3052 996 3115 in
1063 3050 1208 3114 aliis
1279 3049 1678 3115 documentis
1739 3048 2156 3132 pontificatus
2223 3048 2495 3114 Joannis
2564 3049 2643 3113 de

325 3148 439 3212 illa
483 3145 678 3212 Bulla
726 3147 942 3232 agitur
988 3148 1089 3211 vel
1147 3147 1294 3232 quid
1351 3146 1676 3228 innuitur3
1734 3167 1890 3209 sane
1948 3167 2281 3230 nunquam
2329 3145 2640 3231 ejusmodi

327 3243 725 3309 Constitutio
788 3243 1116 3328 publicata
1179 3243 1330 3322 fuit,
1400 3264 1666 3327 eamque
1734 3264 1850 3306 nec
1916 3262 2102 3325 reges
2172 3241 2450 3321 Galliae,
2520 3265 2640 3308 nec

328 3339 689 3405 Ludovicus
751 3341 1157 3424 principesve
1213 3338 1598 3404 Germaniae
1664 3339 1958 3403 viderunt
2020 3340 2119 3403 vel
2180 3346 2639 3424 cognoverunt.

327 3436 611 3501 Tantum
667 3437 853 3502 modo
907 3458 1071 3521 vago
1129 3435 1473 3500 Minoritae
1527 3435 1729 3519 aliqui
1786 3439 2120 3518 apostatae
2177 3437 2313 3521 ejus
2366 3438 2637 3501 mentio·

263 3526 266 3529 ¹
327 3554 477 3598 nem
527 3534 791 3598 faciunt.
2490 3590 2493 3591 ν

501 3632 604 3695 60.
668 3628 871 3694 Porro
932 3630 1211 3693 maxima
1271 3627 1452 3692 istius
1509 3626 2006 3693 constitutionis
2060 3650 2208 3712 pars
2262 3629 2639 3712 praesertim

328 3749 405 3790 ex
467 3724 911 3790 Ivi-structione
968 3727 1078 3790 illa
1119 3724 1390 3789 Roberti
1451 3725 1621 3808 regis
1675 3720 1814 3810 jam
1875 3728 2373 3790 commemorata
2422 3725 2639 3789 mani-

504 3899 548 3965 1)
585 3899 691 3952 Cfr.
731 3900 942 3966 Preger
975 3898 1010 3952 1.
1051 3914 1096 3951 c.
1136 3914 1191 3964 .p.
1236 3900 1318 3951 70.

504 3977 549 4046 ²)
587 3978 666 4033 Ol.
703 3978 907 4044 Balan,
959 3977 1122 4032 Istor.
1172 3977 1354 4031 d’Ital.
1403 3977 1464 4032 L.
1502 3978 1674 4032 XXX.
1723 3993 1774 4031 n.
1804 3977 1869 4030 V.
1918 3978 2124 4043 innuit,
2173 3976 2357 4031 varias
2407 3977 2635 4032 Roberti

323 4058 474 4127 regis
512 4058 760 4126 querelas
798 4058 865 4112 de
900 4057 1135 4125 Imperio
1174 4072 1237 4110 ac
1277 4058 1344 4111 de
1380 4057 1536 4112 tristi
1575 4060 1729 4110 statu
1764 4055 1964 4111 Italiae
1994 4057 2180 4122 justas
2217 4056 2399 4110 fuisse.
2479 4057 2640 4110 Atta-

323 4154 448 4193 men
484 4137 659 4190 multa
701 4136 759 4190 in
797 4138 914 4206 ejus
952 4137 1314 4191 Instructione
1362 4141 1705 4205 exaggerata
1751 4140 1805 4188 et
1852 4134 2030 4188 minus
2076 4135 2306 4188 fundata
2351 4151 2474 4190 esse
2513 4151 2637 4189 cen-

324 4232 524 4271 88111118.

2754 1473 2886 1515 Joan-

2702 1536 2770 1577 nis
2796 1536 2952 1578 XXII-

2692 1597 2961 1639 tendentiae„
