3281 5014
669 434 738 487 52
1243 433 1414 487 XXX.
1453 432 1536 487 De
1572 433 1907 488 Pontificatu
1943 433 2209 489 Bonifatii
2235 435 2390 490 VIII.

658 572 1002 656 poralibus
1045 572 1428 656 spiritualia
1478 572 1613 637 sint
1657 593 1938 653 annexa,
1985 579 2141 640 sunt
2186 573 2563 657 spirituales
2608 595 2814 656 casus,
2852 596 2978 659 per

667 690 827 753 quos
871 668 1162 734 Ecclesia
1191 669 1722 752 jurisdictionem
1769 670 2180 764 temporalem
2227 670 2470 736 dicitur
2514 692 2821 739 exercere.
2832 673 2878 753 1)

378 796 599 840 Definitio·
843 786 948 851 56.
1004 783 1130 849 Sed
1176 786 1314 868 jam
1362 786 1720 850 accuratius
1766 787 1977 871 capita
2032 786 2372 871 praecipua
2423 788 2595 852 illius
2642 786 2973 854 Constitu·

665 883 862 947 tionis
918 904 1364 964 proponamus.
1461 879 1528 946 1⁰
1572 883 1897 948 Definitur
1951 884 2022 948 in
2070 882 2319 957 eadem,
2377 882 2630 948 subesse
2672 883 2974 951 Romano

663 976 990 1058 Pontifici,
1040 976 1216 1042 omni
1253 976 1581 1043 humanae
1625 981 1966 1044 creaturae
2011 998 2143 1043 esse
2186 978 2263 1041 de
2301 980 2675 1044 necessitate
2720 981 2972 1047 salutis.

667 1075 895 1140 Verbis
951 1072 1129 1138 omni
1182 1072 1510 1141 humanae
1563 1078 1903 1140 creaturae
1960 1076 2291 1159 speciatim
2352 1076 2724 1142 indicantur
2777 1081 2972 1145 etiam

661 1173 707 1237 ii
749 1173 861 1257 qui
906 1176 1228 1255 potestate
1275 1171 1444 1236 civili
1490 1171 1761 1254 praediti
1805 1178 1977 1252 sunt,
2020 1174 2116 1237 uti
2166 1193 2243 1237 ex
2276 1172 2484 1238 verbis
2527 1173 2680 1257 ipsis
2725 1175 2971 1240 desum-

662 1271 790 1355 ptis
839 1291 916 1333 ex
969 1267 1020 1333 Ι.
1067 1267 1240 1333 Petr.
1289 1269 1348 1331 2.
1401 1264 1567 1352 13²)
1599 1273 1666 1333 et
1714 1291 1790 1333 ex
1837 1274 2145 1334 contextu
2192 1275 2393 1353 patet.
2445 1306 2531 1316 ——
2588 1269 2764 1336 Haec
2824 1274 2974 1338 defi-

662 1366 828 1430 nitio
893 1367 962 1429 in
1024 1386 1139 1429 suo
1200 1385 1398 1428 sensu
1442 1366 1733 1449 generali
1798 1365 1878 1430 ab
1938 1366 2236 1430 omnibus
2283 1366 2632 1432 Catholicis*
2687 1368 2972 1451 profecto

660 1462 1024 1545 recipienda
1071 1461 1219 1525 fuit.
1313 1460 1436 1525 Sed
1481 1462 1552 1527 in
1597 1461 2135 1547 interpretatione
2194 1468 2259 1528 et
2302 1465 2697 1547 expositione
2743 1466 2969 1531 verbo·

661 1582 801 1624 rum
853 1561 988 1642 jam
1044 1557 1409 1622 differentia
1463 1557 1774 1642 quaedam
1833 1559 2128 1626 occurrit.
2217 1558 2566 1625 Bossuetus
2613 1582 2665 1624 e.
2710 1582 2770 1644 g.
2815 1563 2969 1628 scri-

667 1657 783 1722 bit:
829 1654 931 1721 Εο
977 1653 1403 1740 (Bonifatius)
1446 1653 1626 1719 viam
1668 1654 1795 1719 sibi
1828 1673 2106 1738 parasse
2150 1654 2509 1739 videbatur,
2560 1659 2631 1720 ut
2670 1656 2972 1723 Romano

662 1751 968 1832 Pontifici
1013 1769 1263 1817 omnem
1297 1755 1684 1833 potestatem
1740 1771 1872 1816 esse
1916 1750 2241 1816 subditam
2287 1750 2483 1816 etiam
2528 1751 2603 1817 in
2660 1756 2970 1836 tempora·

661 1848 832 1914 libus
872 1871 993 1930 pro
1039 1857 1208 1915 certo
1251 1848 1404 1928 fidei
1449 1849 1743 1931 doqmate
1771 1847 2083 1929 definiret.
2162 1847 2250 1912 At
2286 1849 2578 1931 profecto
2617 1870 2750 1915 non
2794 1871 2969 1916 eous-

661 1966 783 2027 que
817 1948 1168 2029 processit,·
1216 1947 1332 2011 hoc
1378 1946 1553 2012 enim·
1599 1949 1858 2009 tantum
1904 1942 2092 2008 habet
2136 1943 2463 2025 definitio:
2523 1946 2773 2027 „Porro
2822 1947 2967 2011 sub-

660 2062 794 2106 esse
830 2042 1018 2108 Rom.
1053 2042 1360 2123 Pontifici
1406 2062 1657 2107 omnem
1702 2040 2060 2106 humanam
2107 2045 2495 2121 creaturam,
2542 2041 2967 2120 declaramus,

661 2137 965 2219 dicimus,
1022 2139 1417 2222 diffinimuS,
1474 2142 1536 2201 et
1578 2137 2103 2220 pronunciamus
2148 2138 2409 2204 omnino
2450 2158 2581 2203 esse
2636 2138 2711 2202 cle
2753 2159 2967 2205 neces·

659 2234 852 2299 sitate
897 2235 1194 2317 salutis“,
1253 2235 1423 2318 quod
1476 2234 1731 2317 quidem
1789 2237 1883 2297 est
1941 2233 2351 2300 verissimum
2400 2239 2462 2299 et
2507 2234 2688 2316 apud
2736 2234 2967 2301 Catho-

661 2329 815 2395 licos
869 2337 1142 2412 certum,
1196 2336 1254 2398 si
1314 2333 1389 2397 de
1449 2329 1791 2413 spirituali
1838 2334 2153 2412 potestate
2200 2330 2668 2415 intelliqitur.·⁹’)
2774 2332 2968 2418 Spiri-

659 2429 853 2494 tualis
913 2435 1200 2514 potestas
1259 2429 1576 2494 Bossueto
1638 2429 1980 2493 manifeste
2043 2437 2141 2493 est
2200 2451 2275 2493 ea
2334 2451 2499 2514 quae
2562 2429 2729 2493 circa
2783 2430 2969 2515 spiri-

660 2529 893 2604 tualia,
941 2549 1055 2591 seu
1101 2528 1348 2603 divina,
1395 2530 1653 2592 tantum
1700 2532 2019 2607 versatur,
2076 2533 2273 2610 atque
2317 2528 2764 2592 auctoritatem
2808 2528 2973 2592 indi·

346 2630 624 2673 Definitionis
659 2630 902 2689 rectam
942 2625 1012 2688 in
1059 2623 1438 2708 temporalia
1483 2624 1618 2705 ipse
1662 2623 1767 2686 vix
1816 2624 2139 2688 admittat.
2217 2623 2703 2689 Advertendum
2748 2628 2970 2689 tamen

661 2726 785 2798 est,
841 2719 1283 2785 definitionem
1337 2720 1597 2785 finalem
1647 2718 1873 2784 Bullae
1929 2721 2000 2784 in
2056 2741 2172 2785 suo
2226 2742 2416 2784 sensu
2469 2726 2536 2786 et
2590 2722 2971 2786 extensione

657 2818 946 2901 pluribus
974 2817 1503 2900 praecedentibus
1535 2816 2075 2900 propositionibus
2124 2817 2484 2881 accuratius
2534 2817 2969 2884 determinari.

659 2912 898 2997 Scopus
954 2914 1250 2979 videlicet
1303 2913 1803 2979 Constitutionis
1857 2934 1988 2979 non
2048 2917 2187 2977 erat
2235 2913 2604 2996 simpliciter
2658 2919 2968 2991 statuere,

659 3031 842 3094 reges
888 3014 964 3074 ut
1008 3009 1298 3075 homines
1344 3010 1627 3094 privatos
1672 3013 1738 3073 et
1790 3008 2176 3073 christianos
2230 3011 2600 3075 auctoritati
2648 3010 2971 3075 Ecclesiae

658 3106 913 3190 subjici,
971 3106 1077 3170 sed
1123 3129 1229 3171 eos
1269 3108 1461 3171 etiam
1515 3128 1642 3188 qua
1673 3102 2012 3186 principes
2053 3103 2445 3170 christianos
2487 3108 2793 3189 potestati
2837 3108 2966 3191 spi-

657 3202 883 3266 rituali
937 3202 1182 3286 Capitis
1232 3203 1550 3269 Ecclesiae
1607 3203 1900 3282 subesse,
1959 3203 2223 3287 ejusque
2283 3203 2647 3267 sententiae
2709 3204 2968 3268 obedire

654 3299 904 3364 debere.
986 3299 1246 3364 Etenim
1292 3301 1412 3365 hac
1457 3299 1534 3363 de
1581 3321 1651 3362 re
1688 3299 1964 3362 maxime
2010 3298 2322 3382 agebatur
2364 3300 2433 3362 in
2476 3299 2779 3365 conflictu
2824 3322 2967 3364 cum

660 3393 978 3480 Philippo.
1089 3396 1390 3473 Quamvis
1456 3396 1661 3481 igitur
1727 3393 2016 3458 definitio
2082 3395 2489 3478 generalibus
2547 3396 2757 3461 verbis
2815 3416 2967 3462 con·

655 3497 841 3577 cepta
885 3494 1001 3571 sit,
1059 3494 1175 3557 illa
1214 3498 1434 3558 tamen
1489 3493 1725 3577 quibus
1772 3492 2045 3575 positive
2089 3513 2309 3556 sensus
2355 3499 2421 3556 et
2467 3494 2759 3557 extensio
2803 3492 2968 3557 veri-

656 3591 810 3655 tatis
858 3590 1163 3654 definitae
1209 3588 1704 3664 determinatur,
1758 3588 2210 3672 ingrediuntur
2253 3589 2560 3672 implicite
2606 3590 2809 3673 ipsam
2856 3589 2999 3653 de·-

656 3687 1038 3768 finitionem‚
1085 3688 1185 3750 vel
1231 3686 1459 3750 intime
1505 3708 1648 3750 cum
1697 3706 1772 3749 ea
1817 3684 2249 3769 cohaerent.⁴)

834 3843 874 3911 ¹)
915 3843 994 3897 De
1030 3843 1242 3898 EccleS.
1278 3847 1558 3911 potestate
1596 3844 1659 3896 P.
1697 3843 1799 3896 111.
1837 3860 1881 3896 c.
1920 3844 1968 3895 5.

831 3921 875 3990 ²)
919 3923 1193 3991 „SubJ‘ecti
1239 3917 1415 3992 igitur
1462 3926 1642 3976 estote
1689 3920 1833 3975 omni
1872 3921 2139 3975 humanae
2185 3924 2470 3973 creat-urae
2516 3926 2737 3988 propter
2772 3921 2963 3986 Deum,

655 4001 773 4056 sive
806 4000 946 4069 regi,
982 4001 1139 4069 quasi
1176 4000 1544 4069 praecellenti,
1585 4000 1703 4055 sive
1742 3999 1986 4062 ducibuS‚
2026 4004 2283 4065 tanquam
2319 3999 2385 4051 ab
2423 4013 2486 4053 eo
2522 3998 2758 4052 missis“.

831 4078 876 4140 ⁸)
915 4079 1137 4135 Defens.
1176 4080 1392 4136 Declar.
1431 4079 1575 4135 Cleri
1615 4078 1810 4133 Gallic.
1849 4077 1911 4134 L.
1948 4077 2049 4132 III.
2090 4094 2133 4131 c.
2170 4081 2256 4131 23.

829 4158 872 4227 ⁴)
912 4158 1100 4224 Quoad
1148 4160 1386 4214 indolem
1437 4157 1723 4213 conflictus
1768 4156 2008 4225 Philippi
2058 4157 2275 4211 Pulchri
2332 4173 2449 4211 cum
2499 4156 2778 4211 Bonifatio
2806 4156 2962 4210 VIII.
