3281 5014
1063 461 1146 515 De
1184 461 1498 515 schismatis
1535 461 1887 517 incremento.
2527 463 2631 514 267

304 604 548 669 borata
600 604 742 669 fuit.
831 604 911 667 In
965 603 1330 668 obedientia
1389 604 1525 686 ejus
1570 601 1869 667 videlicet
1918 601 2188 667 decessit
2242 624 2415 667 anno
2467 603 2630 669 1387

317 701 547 766 beatus
603 699 865 777 Petrus,
927 699 1284 763 Cardinalis
1334 698 1956 783 Luxemburgensis‚
2019 697 2368 763 octodecim
2427 721 2635 764 annos
2709 741 2712 744 -

317 795 619 882 natusfix
642 797 647 800 ’
673 795 753 862 et
804 798 941 880 ipse
1007 789 1450 878 gravissimam
1521 795 2020 861 controversiam
2097 795 2269 859 inter
2343 793 2635 859 doctores

317 893 714 959 Parisienses
778 898 845 958 et
905 891 1227 958 Joannem
1295 916 1332 957 a
1391 892 1777 956 Monteseno
1843 891 2339 956 Dominicanum
2402 890 2636 975 dijudi-
2739 934 2742 938 >

304 991 487 1055 cavit
533 995 731 1074 atque
775 989 1055 1055 diremit.
1142 988 1372 1053 Varias
1421 988 1720 1053 videlicet
1778 1009 2021 1052 errores
2072 988 2139 1052 in
2189 986 2635 1052 Universitate

306 1085 669 1151 Parisiensi
712 1091 1134 1170 proposuerat
1179 1084 1504 1162 Joannes‚
1560 1089 1624 1149 et
1681 1106 1720 1148 a
1775 1084 2105 1149 sententia
2164 1088 2362 1168 atque
2407 1108 2445 1149 a
2491 1106 2636 1150 cen-

306 1183 487 1247 suris
550 1181 1014 1247 Universitatis
1074 1187 1142 1245 et
1206 1182 1483 1265 episcopi
1543 1180 1928 1246 Parisiensis
1992 1181 2071 1244 ad
2137 1181 2426 1245 tribunal
2492 1180 2635 1246 Cle-

318 1280 556 1344 mentis
584 1277 732 1343 VH.
781 1278 1149 1362 appellavit.
1220 1276 1345 1342 Hic
1391 1300 1562 1353 vero,
1613 1278 2089 1342 re.examinata
2134 1284 2200 1341 et
2246 1299 2455 1342 coram
2500 1278 2637 1362 ipso

304 1376 634 1450 discussa,
697 1375 1093 1439 sententiam
1156 1372 1620 1439 Universitatis
1682 1379 1751 1439 et
1813 1374 2088 1458 episcopi
2159 1370 2639 1454 confirmaviffl)

316 1472 480 1537 Cum
540 1471 691 1537 dein
753 1494 809 1536 a.
862 1471 1028 1536 1387
1080 1469 1418 1536 Urbanum
1479 1472 1563 1536 ob
1618 1470 1995 1535 Cardinales
2058 1492 2175 1535 suo
2230 1473 2417 1554 jussu
2474 1472 2637 1536 clam

318 1570 547 1633 ultimo
588 1569 898 1652 supplicio
939 1567 1203 1632 affectos
1247 1569 1471 1632 multis
1507 1569 1789 1632 invisum
1835 1567 2077 1631 factum
2128 1572 2442 1645 cerneret.
2484 1569 2638 1632 mis-

310 1668 410 1732 sis
465 1666 533 1730 in
589 1666 948 1749 provincias
1003 1663 1236 1748 legatis
1299 1665 1434 1749 egit
1489 1664 1566 1728 de
1620 1663 2030 1728 oecumenico
2086 1663 2403 1739 Concilio,
2467 1664 2640 1747 quod

307 1761 507 1828 initio
566 1761 927 1826 schismatis
990 1759 1355 1837 exhorruit,
1425 1760 1910 1844 congregando,
1978 1766 2053 1823 ut
2112 1761 2178 1824 in
2243 1781 2317 1824 eo
2378 1768 2638 1825 contro·

314 1858 525 1923 versia
572 1856 1004 1921 dirimeretur.
1087 1856 1269 1932 Quod
1317 1857 1577 1941 quidem
1623 1856 1891 1921 subdole
1935 1856 2178 1921 factum
2226 1878 2362 1920 esse
2410 1858 2640 1922 merito

308 1954 630 2038 suspicari
689 1954 863 2020 licet.
963 1951 1270 2018 Urbanus
1333 1960 1551 2018 autem
1615 1974 1690 2018 eo
1750 1961 2039 2036 tempore
2090 1954 2244 2039 jura
2295 1976 2412 2018 sua
2470 1954 2641 2020 haud

310 2051 516 2116 dubia
561 2073 695 2117 esse
741 2072 859 2116 nec
903 2049 1189 2116 Concilio
1236 2050 1645 2116 oecumenico
1690 2050 1769 2113 ad
1817 2072 1949 2114 rem
2009 2050 2433 2116 dirimendum
2482 2075 2640 2136 opus

309 2170 476 2226 esse,
524 2148 857 2213 nonnullis
904 2148 1265 2213 oratoribus
1310 2147 1673 2232 principum
1718 2145 2099 2211 Germaniae
2145 2145 2556 2231 respondit.³)

497 2298 601 2363 34.
652 2297 861 2374 Quum
909 2295 1213 2384 Urbanus
1242 2291 1383 2390 Vr.
1417 2318 1473 2359 a.
1529 2296 1697 2359 1389
1757 2294 2161 2374 decessisset,
2219 2296 2516 2362 Clemens
2571 2305 2638 2363 et
2657 2289 2984 2394 tiuff‘I’ss-fgpa

310 2396 461 2478 ejus
507 2393 880 2458 Cardinales
927 2392 1264 2457 Avenione
1311 2392 1660 2457 residentes
1705 2392 2044 2474 putabant,
2090 2391 2464 2459 Cardinales
2513 2394 2641 2459 Ro·
2898 2385 2908 2395 ⁶
2959 2385 2971 2395 ’

317 2513 547 2556 manos
609 2487 781 2554 haud
840 2489 1156 2555 electuros
1217 2489 1416 2555 alium
1466 2488 1882 2568 Pontificem,
1942 2487 2053 2553 sed
2107 2490 2443 2575 agnituros
2502 2514 2638 2558 esse

310 2587 740 2652 Clementem.
841 2587 935 2651 At
980 2588 1119 2672 jam
1174 2586 1275 2651 die
1331 2583 1402 2651 2⁰
1447 2584 1834 2650 Novembris
1888 2586 2366 2669 quatuordecim
2418 2588 2635 2654 Cardi-

323 2685 533 2763 nales‚
591 2683 702 2767 qui
752 2682 1018 2748 Urbano
1075 2688 1449 2749 constanter
1500 2683 1958 2760 adhaeserant,
2015 2683 2352 2767 elegerunt
2405 2686 2472 2749 in
2521 2685 2639 2751 Pa·

316 2803 469 2864 ·pam
502 2780 910 2846 Cardinalem
939 2777 1212 2877 Petrum
1251 2777 1669 2859 Thomacelli,
1717 2781 1827 2863 qui
1872 2801 2106 2844 nomen
2139 2778 2481 2877 Bgnjffltjli
2508 2781 2635 2847 IX.

505 3003 547 3063 ¹)
581 3004 789 3057 Beatus
827 3003 1028 3056 Petrus
1064 3003 1564 3072 Luxemburgensis
1612 3010 1776 3059 natus
1814 3021 1861 3058 a.
1904 3008 2039 3058 1369
2089 3005 2398 3059 admirabili
2435 3008 2637 3062 sancti-

312 3087 444 3137 ·tate
498 3082 564 3135 ab
620 3081 855 3136 infantia
909 3081 1125 3135 enituit.
1218 3083 1468 3137 Clemens
1524 3099 1645 3138 eum
1702 3083 1912 3137 creavit
1957 3084 2265 3152 episcopum
2315 3086 2637 3153 Metensem‚

312 3178 485 3228 *quum
522 3160 617 3214 vix
655 3159 985 3215 excessisset
1022 3176 1192 3214 annos
1231 3162 1435 3216 aetatis
1474 3163 1884 3229 quatuordecim
1922 3162 2135 3230 (1383),
2172 3162 2298 3218 dein
2337 3173 2463 3233 post
2499 3167 2635 3221 duos

312 3255 494 3294 annos
533 3256 653 3294 eum
690 3239 976 3306 adoptavit
1013 3238 1068 3292 in
1095 3239 1465 3295 Cardinalium
1503 3241 1811 3309 collegium,
1853 3247 1911 3295 et
1940 3241 2057 3310 jam
2096 3258 2145 3296 a.
2185 3244 2321 3296 1387
2357 3249 2483 3312 post
2518 3246 2636 3300 bre·

324 3335 447 3374 vem
483 3318 651 3372 mirae
687 3317 1062 3386 poenitentiae
1108 3325 1167 3372 et
1215 3318 1526 3373 sanctitatis
1564 3320 1740 3373 vitam
1785 3321 1979 3374 beatus
2016 3322 2220 3375 Petrus
2266 3322 2530 3391 migravit
2567 3325 2637 3378 ad

316 3397 632 3452 Dominum.
705 3398 792 3450 Ad
829 3397 947 3466 ejus
985 3398 1328 3465 sepulchrum
1365 3404 1550 3453 autem
1585 3399 1858 3466 permulta
1902 3399 2164 3453 miracula
2199 3400 2352 3454 facta
2388 3408 2529 3456 sunt.
2567 3433 2636 3440 —

314 3477 476 3532 Haec
512 3476 669 3531 Petri
720 3476 990 3530 sanctitas
1037 3484 1094 3531 et
1138 3477 1402 3531 miracula
1447 3478 1768 3544 quibusdam
1818 3493 1880 3532 eo
1926 3483 2167 3546 tempore
2205 3480 2327 3533 visa
2375 3487 2504 3534 sunt
2553 3497 2638 3534 ar-

312 3559 586 3625 gmenta
610 3571 710 3623 pro
733 3554 986 3623 legitimo
1012 3555 1337 3623 pontificatu
1363 3556 1693 3623 Clementis;
1733 3557 1827 3610 sed
1866 3561 2039 3624 patet,
2077 3557 2216 3611 nihil
2254 3574 2322 3612 ex
2357 3557 2444 3612 his
2478 3575 2638 3626 posse

325 3634 559 3703 probari.
632 3633 746 3687 Nec
784 3633 978 3688 beatus
1015 3635 1241 3700 Petrus,
1291 3634 1685 3702 quumscissio
1723 3635 2007 3690 Ecclesiae
2046 3636 2340 3691 accidisset
2377 3641 2639 3705 tempore,

314 3729 430 3781 quo
467 3713 587 3781 ipse
625 3714 811 3767 decem
848 3728 1017 3767 annos
1053 3713 1314 3780 habebat,
1361 3730 1460 3781 per
1497 3730 1555 3768 se
1593 3714 1969 3782 quaestionem
2007 3714 2128 3782 quis
2167 3720 2318 3770 esset
2352 3715 2637 3784 legitimus

320 3791 585 3846 Pontifex
622 3790 879 3846 dirimere
916 3798 1152 3860 poterat.
1198 3821 1268 3831 —
1319 3792 1549 3848 Omnino
1599 3793 1766 3847 aliter
1801 3808 1891 3847 res
1939 3809 1995 3848 se
2032 3796 2198 3849 habet
2235 3796 2408 3862 quoad
2446 3794 2497 3849 S.
2536 3796 2637 3850 Ca·

321 3872 604 3925 tharinam
625 3871 918 3925 Senemsem
957 3878 1015 3926 et
1052 3871 1103 3925 S.
1125 3872 1475 3926 Catharinam
1497 3873 1794 3937 Suecicam‚
1835 3871 1915 3925 uti
1937 3887 2005 3926 ex
2029 3874 2193 3927 dictis
2219 3874 2411 3943 colligi
2435 3880 2640 3943 potest,

501 3948 545 4014 ²)
591 3950 658 4005 V.
707 3951 974 4017 Raynald.
1022 3967 1074 4005 a.
1127 3953 1281 4005 1387.
1329 3968 1380 4006 n.
1432 3955 1522 4019 14;
1581 3955 1733 4006 1389.
1785 3967 1836 4004 n.
1888 3954 1954 4005 15
2003 3968 2115 4019 sqq.
2169 3982 2235 3992 —
2288 3953 2637 4021 Christophe,

316 4030 390 4085 ’Τ.
429 4030 534 4082 ΙΠ.
583 4029 621 4082 l.
668 4029 819 4082 XIV.
874 4058 944 4068 —
997 4029 1216 4083 Natalis
1270 4030 1586 4085 Alexander
1635 4030 1705 4084 H.
1751 4030 1814 4083 E.
1864 4029 1920 4082 in
1971 4045 2113 4084 saec.
2163 4031 2319 4085 XIII.
2376 4038 2434 4087 et
2488 4034 2636 4090 XIV.

316 4107 384 4162 G.
423 4108 526 4162 III.
565 4109 684 4162 Art.
722 4109 880 4162 XIII.

504 4186 546 4254 ⁸)
585 4188 854 4255 Raynald.
886 4205 941 4241 a.
984 4190 1133 4241 1387.
1171 4204 1224 4240 n.
1263 4192 1311 4242 9.
