<?xml version="1.0" encoding="UTF-8"?>
<!DOCTYPE html PUBLIC "-//W3C//DTD XHTML 1.0 Transitional//EN"
    "http://www.w3.org/TR/xhtml1/DTD/xhtml1-transitional.dtd">
<html xmlns="http://www.w3.org/1999/xhtml" xml:lang="en" lang="en">
 <head>
  <title>
</title>
<meta http-equiv="Content-Type" content="text/html;charset=utf-8" />
  <meta name='ocr-system' content='tesseract 3.04.00' />
  <meta name='ocr-capabilities' content='ocr_page ocr_carea ocr_par ocr_line ocrx_word'/>
</head>
<body>
  <div class='ocr_page' id='page_1' title='image "./dissertationess05junggoog_0083.png"; bbox 0 0 3281 5014; ppageno 0'>
   <div class='ocr_carea' id='block_1_1' title="bbox 393 1731 2637 2027">
    <p class='ocr_par' dir='ltr' id='par_1_1' title="bbox 393 1731 2637 2027">
     <span class='ocr_line' id='line_1_1' title="bbox 566 1731 2480 1881; baseline 0.001 -28"><span class='ocrx_word' id='word_1_1' title='bbox 566 1731 1283 1856; x_wconf 76' lang='lat' dir='ltr'>Dissertatio</span> <span class='ocrx_word' id='word_1_2' title='bbox 1345 1734 1997 1881; x_wconf 83' lang='lat' dir='ltr'>trigesima</span> <span class='ocrx_word' id='word_1_3' title='bbox 2053 1734 2480 1878; x_wconf 83' lang='lat' dir='ltr'>prima.</span> 
     </span>
     <span class='ocr_line' id='line_1_2' title="bbox 393 1922 2637 2027; baseline 0.001 -24"><span class='ocrx_word' id='word_1_4' title='bbox 393 1922 531 2004; x_wconf 82' lang='lat' dir='ltr'>De</span> <span class='ocrx_word' id='word_1_5' title='bbox 594 1923 1202 2009; x_wconf 77' lang='lat' dir='ltr'><strong>abolitione</strong></span> <span class='ocrx_word' id='word_1_6' title='bbox 1260 1924 1694 2009; x_wconf 82' lang='lat' dir='ltr'>Ordinis</span> <span class='ocrx_word' id='word_1_7' title='bbox 1754 1923 2637 2027; x_wconf 73' lang='lat' dir='ltr'>&#39;l&#39;emplari-orum.</span> 
     </span>
    </p>
   </div>
   <div class='ocr_carea' id='block_1_2' title="bbox 1360 2120 1676 2126">
    <p class='ocr_par' dir='ltr' id='par_1_2' title="bbox 1360 2120 1676 2126">
     <span class='ocr_line' id='line_1_3' title="bbox 1360 2120 1676 2126; baseline 0 0"><span class='ocrx_word' id='word_1_8' title='bbox 1360 2120 1676 2126; x_wconf 95' lang='lat' dir='ltr'> </span> 
     </span>
    </p>
   </div>
   <div class='ocr_carea' id='block_1_3' title="bbox 357 2257 3001 4002">
    <p class='ocr_par' dir='ltr' id='par_1_3' title="bbox 357 2257 3001 4002">
     <span class='ocr_line' id='line_1_4' title="bbox 543 2257 3001 2358; baseline 0.002 -24"><span class='ocrx_word' id='word_1_9' title='bbox 543 2273 601 2335; x_wconf 89' lang='lat'>1.</span> <span class='ocrx_word' id='word_1_10' title='bbox 649 2257 942 2345; x_wconf 56' lang='lat' dir='ltr'>Eventus</span> <span class='ocrx_word' id='word_1_11' title='bbox 983 2274 1364 2358; x_wconf 86' lang='lat' dir='ltr'>praecipuus</span> <span class='ocrx_word' id='word_1_12' title='bbox 1408 2273 1826 2357; x_wconf 85' lang='lat' dir='ltr'>pontificatus</span> <span class='ocrx_word' id='word_1_13' title='bbox 1877 2271 2228 2337; x_wconf 86' lang='lat' dir='ltr'>Clementis</span> <span class='ocrx_word' id='word_1_14' title='bbox 2256 2269 2335 2337; x_wconf 89' lang='lat' dir='ltr'>V.</span> <span class='ocrx_word' id='word_1_15' title='bbox 2396 2274 2522 2339; x_wconf 85' lang='lat' dir='ltr'>fuit</span> <span class='ocrx_word' id='word_1_16' title='bbox 2565 2273 2679 2339; x_wconf 86' lang='lat' dir='ltr'>ab·</span> <span class='ocrx_word' id='word_1_17' title='bbox 2710 2276 3001 2350; x_wconf 60' lang='lat' dir='ltr'>9³¹⁸?m250·</span> 
     </span>
     <span class='ocr_line' id='line_1_5' title="bbox 360 2340 2996 2453; baseline 0.002 -24"><span class='ocrx_word' id='word_1_18' title='bbox 360 2366 542 2431; x_wconf 88' lang='lat' dir='ltr'>olitio</span> <span class='ocrx_word' id='word_1_19' title='bbox 608 2365 868 2433; x_wconf 82' lang='lat' dir='ltr'>Ordinis</span> <span class='ocrx_word' id='word_1_20' title='bbox 931 2368 1467 2453; x_wconf 83' lang='lat' dir='ltr'>Templariorum‚</span> <span class='ocrx_word' id='word_1_21' title='bbox 1536 2391 1702 2453; x_wconf 88' lang='lat' dir='ltr'>quae</span> <span class='ocrx_word' id='word_1_22' title='bbox 1771 2390 1910 2433; x_wconf 88' lang='lat' dir='ltr'>cum</span> <span class='ocrx_word' id='word_1_23' title='bbox 1985 2368 2451 2452; x_wconf 76' lang='lat' dir='ltr'>approbatione</span> <span class='ocrx_word' id='word_1_24' title='bbox 2517 2369 2682 2435; x_wconf 85' lang='lat' dir='ltr'>Con·</span> <span class='ocrx_word' id='word_1_25' title='bbox 2709 2352 2778 2381; x_wconf 73' lang='lat'>¹¹¹⁸</span> <span class='ocrx_word' id='word_1_26' title='bbox 2813 2340 2996 2383; x_wconf 47' lang='grc' dir='ltr'>ΝΟΜ</span> 
     </span>
     <span class='ocr_line' id='line_1_6' title="bbox 359 2462 2679 2550; baseline 0.001 -22"><span class='ocrx_word' id='word_1_27' title='bbox 359 2462 488 2528; x_wconf 89' lang='lat' dir='ltr'>cilii</span> <span class='ocrx_word' id='word_1_28' title='bbox 550 2466 943 2532; x_wconf 83' lang='lat' dir='ltr'>oecumenici</span> <span class='ocrx_word' id='word_1_29' title='bbox 972 2465 1363 2533; x_wconf 79' lang='lat' dir='ltr'>Viennensis</span> <span class='ocrx_word' id='word_1_30' title='bbox 1417 2466 1591 2532; x_wconf 88' lang='lat' dir='ltr'>facta</span> <span class='ocrx_word' id='word_1_31' title='bbox 1648 2470 1746 2532; x_wconf 88' lang='lat' dir='ltr'>est</span> <span class='ocrx_word' id='word_1_32' title='bbox 1800 2466 1883 2532; x_wconf 89' lang='lat' dir='ltr'>ab</span> <span class='ocrx_word' id='word_1_33' title='bbox 1937 2488 2044 2550; x_wconf 88' lang='lat' dir='ltr'>eo,</span> <span class='ocrx_word' id='word_1_34' title='bbox 2095 2485 2211 2549; x_wconf 89' lang='lat' dir='ltr'>per</span> <span class='ocrx_word' id='word_1_35' title='bbox 2258 2466 2679 2533; x_wconf 84' lang='lat' dir='ltr'>Constitutio-</span> 
     </span>
     <span class='ocr_line' id='line_1_7' title="bbox 359 2560 2678 2631; baseline 0.002 -8"><span class='ocrx_word' id='word_1_36' title='bbox 359 2581 507 2624; x_wconf 90' lang='lat' dir='ltr'>nem</span> <span class='ocrx_word' id='word_1_37' title='bbox 557 2560 693 2627; x_wconf 80' lang='lat' dir='ltr'>Vox</span> <span class='ocrx_word' id='word_1_38' title='bbox 737 2560 811 2626; x_wconf 70' lang='lat' dir='ltr'>i‘n</span> <span class='ocrx_word' id='word_1_39' title='bbox 857 2561 1100 2627; x_wconf 79' lang='lat' dir='ltr'>excelso</span> <span class='ocrx_word' id='word_1_40' title='bbox 1146 2563 1203 2628; x_wconf 92' lang='lat' dir='ltr'>d.</span> <span class='ocrx_word' id='word_1_41' title='bbox 1251 2562 1310 2630; x_wconf 90' lang='lat' dir='ltr'>d.</span> <span class='ocrx_word' id='word_1_42' title='bbox 1361 2560 1433 2627; x_wconf 85' lang='lat'>2⁰</span> <span class='ocrx_word' id='word_1_43' title='bbox 1477 2562 1705 2628; x_wconf 81' lang='lat' dir='ltr'>Martii</span> <span class='ocrx_word' id='word_1_44' title='bbox 1753 2585 1811 2627; x_wconf 84' lang='lat' dir='ltr'>a.</span> <span class='ocrx_word' id='word_1_45' title='bbox 1859 2565 2049 2631; x_wconf 86' lang='lat'><strong>1312.</strong></span> <span class='ocrx_word' id='word_1_46' title='bbox 2148 2566 2488 2631; x_wconf 88' lang='lat' dir='ltr'>Processus</span> <span class='ocrx_word' id='word_1_47' title='bbox 2530 2585 2678 2628; x_wconf 91' lang='lat' dir='ltr'>con-</span> 
     </span>
     <span class='ocr_line' id='line_1_8' title="bbox 357 2657 2679 2745; baseline 0 -22"><span class='ocrx_word' id='word_1_48' title='bbox 357 2660 463 2723; x_wconf 76' lang='lat' dir='ltr'>tra</span> <span class='ocrx_word' id='word_1_49' title='bbox 494 2657 893 2743; x_wconf 81' lang='lat' dir='ltr'>Templarios</span> <span class='ocrx_word' id='word_1_50' title='bbox 939 2660 1283 2725; x_wconf 87' lang='lat' dir='ltr'>institutus</span> <span class='ocrx_word' id='word_1_51' title='bbox 1330 2665 1396 2724; x_wconf 88' lang='lat' dir='ltr'>et</span> <span class='ocrx_word' id='word_1_52' title='bbox 1436 2658 1707 2724; x_wconf 84' lang='lat' dir='ltr'>abolitio</span> <span class='ocrx_word' id='word_1_53' title='bbox 1751 2659 1946 2745; x_wconf 89' lang='lat' dir='ltr'>hujus</span> <span class='ocrx_word' id='word_1_54' title='bbox 1992 2663 2386 2729; x_wconf 83' lang='lat' dir='ltr'>celeberrimi</span> <span class='ocrx_word' id='word_1_55' title='bbox 2420 2659 2679 2726; x_wconf 83' lang='lat' dir='ltr'>Ordinis</span> 
     </span>
     <span class='ocr_line' id='line_1_9' title="bbox 360 2755 2679 2826; baseline 0 -6"><span class='ocrx_word' id='word_1_56' title='bbox 360 2755 1076 2822; x_wconf 85' lang='lat' dir='ltr'>monastico-militaris</span> <span class='ocrx_word' id='word_1_57' title='bbox 1128 2757 1419 2822; x_wconf 87' lang='lat' dir='ltr'>intentos</span> <span class='ocrx_word' id='word_1_58' title='bbox 1479 2756 1710 2821; x_wconf 87' lang='lat' dir='ltr'>habuit</span> <span class='ocrx_word' id='word_1_59' title='bbox 1765 2757 2012 2823; x_wconf 86' lang='lat' dir='ltr'>animos</span> <span class='ocrx_word' id='word_1_60' title='bbox 2069 2762 2358 2826; x_wconf 91' lang='lat' dir='ltr'>omnium</span> <span class='ocrx_word' id='word_1_61' title='bbox 2421 2779 2679 2823; x_wconf 82' lang='lat' dir='ltr'>coaevo·</span> 
     </span>
     <span class='ocr_line' id='line_1_10' title="bbox 358 2852 2680 2941; baseline 0.001 -25"><span class='ocrx_word' id='word_1_62' title='bbox 358 2874 531 2936; x_wconf 85' lang='lat' dir='ltr'>rum3</span> <span class='ocrx_word' id='word_1_63' title='bbox 591 2852 702 2917; x_wconf 89' lang='lat' dir='ltr'>sed</span> <span class='ocrx_word' id='word_1_64' title='bbox 751 2854 946 2918; x_wconf 89' lang='lat' dir='ltr'>etiam</span> <span class='ocrx_word' id='word_1_65' title='bbox 992 2853 1529 2938; x_wconf 89' lang='lat' dir='ltr'>subsequentibus</span> <span class='ocrx_word' id='word_1_66' title='bbox 1588 2854 1982 2937; x_wconf 82' lang='lat' dir='ltr'>temporibus</span> <span class='ocrx_word' id='word_1_67' title='bbox 2029 2858 2322 2941; x_wconf 83' lang='lat' dir='ltr'>quaestio</span> <span class='ocrx_word' id='word_1_68' title='bbox 2367 2855 2443 2919; x_wconf 91' lang='lat' dir='ltr'>de</span> <span class='ocrx_word' id='word_1_69' title='bbox 2489 2854 2680 2920; x_wconf 83' lang='lat' dir='ltr'>Tem-</span> 
     </span>
     <span class='ocr_line' id='line_1_11' title="bbox 359 2950 2680 3036; baseline 0 -23"><span class='ocrx_word' id='word_1_70' title='bbox 359 2950 610 3033; x_wconf 86' lang='lat' dir='ltr'>plariis‚</span> <span class='ocrx_word' id='word_1_71' title='bbox 676 2950 753 3014; x_wconf 88' lang='lat' dir='ltr'>de</span> <span class='ocrx_word' id='word_1_72' title='bbox 816 2972 1039 3014; x_wconf 88' lang='lat' dir='ltr'>eorum</span> <span class='ocrx_word' id='word_1_73' title='bbox 1094 2950 1468 3015; x_wconf 86' lang='lat' dir='ltr'>innocentia</span> <span class='ocrx_word' id='word_1_74' title='bbox 1523 2951 1622 3013; x_wconf 82' lang='lat' dir='ltr'>vel</span> <span class='ocrx_word' id='word_1_75' title='bbox 1680 2955 1897 3029; x_wconf 81' lang='lat' dir='ltr'>reatu,</span> <span class='ocrx_word' id='word_1_76' title='bbox 1959 2973 2032 3017; x_wconf 88' lang='lat' dir='ltr'>ac</span> <span class='ocrx_word' id='word_1_77' title='bbox 2093 2953 2172 3017; x_wconf 90' lang='lat' dir='ltr'>de</span> <span class='ocrx_word' id='word_1_78' title='bbox 2231 2952 2680 3036; x_wconf 86' lang='lat' dir='ltr'>suppressione</span> 
     </span>
     <span class='ocr_line' id='line_1_12' title="bbox 359 3045 2678 3134; baseline 0.001 -25"><span class='ocrx_word' id='word_1_79' title='bbox 359 3045 673 3129; x_wconf 87' lang='lat' dir='ltr'>ipsorum,</span> <span class='ocrx_word' id='word_1_80' title='bbox 728 3047 904 3111; x_wconf 88' lang='lat' dir='ltr'>inter</span> <span class='ocrx_word' id='word_1_81' title='bbox 958 3048 1242 3112; x_wconf 87' lang='lat' dir='ltr'>eruditos</span> <span class='ocrx_word' id='word_1_82' title='bbox 1283 3047 1613 3111; x_wconf 78' lang='lat' dir='ltr'>multoties</span> <span class='ocrx_word' id='word_1_83' title='bbox 1670 3047 1917 3132; x_wconf 85' lang='lat' dir='ltr'>agitata</span> <span class='ocrx_word' id='word_1_84' title='bbox 1965 3053 2080 3115; x_wconf 90' lang='lat' dir='ltr'>est.</span> <span class='ocrx_word' id='word_1_85' title='bbox 2171 3051 2478 3134; x_wconf 88' lang='lat' dir='ltr'>Plerique</span> <span class='ocrx_word' id='word_1_86' title='bbox 2534 3049 2678 3133; x_wconf 90' lang='lat' dir='ltr'>qui-</span> 
     </span>
     <span class='ocr_line' id='line_1_13' title="bbox 360 3142 2679 3229; baseline 0.001 -23"><span class='ocrx_word' id='word_1_87' title='bbox 360 3142 506 3207; x_wconf 90' lang='lat' dir='ltr'>dem</span> <span class='ocrx_word' id='word_1_88' title='bbox 582 3144 923 3227; x_wconf 83' lang='lat' dir='ltr'>scriptores</span> <span class='ocrx_word' id='word_1_89' title='bbox 993 3143 1403 3209; x_wconf 85' lang='lat' dir='ltr'>ecclesiastici</span> <span class='ocrx_word' id='word_1_90' title='bbox 1481 3143 1913 3227; x_wconf 82' lang='lat' dir='ltr'>antiquiores,</span> <span class='ocrx_word' id='word_1_91' title='bbox 1984 3148 2276 3229; x_wconf 86' lang='lat' dir='ltr'>quamvis</span> <span class='ocrx_word' id='word_1_92' title='bbox 2348 3146 2418 3210; x_wconf 90' lang='lat' dir='ltr'>in</span> <span class='ocrx_word' id='word_1_93' title='bbox 2489 3167 2679 3211; x_wconf 87' lang='lat' dir='ltr'>causa</span> 
     </span>
     <span class='ocr_line' id='line_1_14' title="bbox 361 3237 2678 3324; baseline 0 -21"><span class='ocrx_word' id='word_1_94' title='bbox 361 3238 867 3324; x_wconf 84' lang='lat' dir='ltr'>Templariorum</span> <span class='ocrx_word' id='word_1_95' title='bbox 928 3240 1112 3324; x_wconf 88' lang='lat' dir='ltr'>plura</span> <span class='ocrx_word' id='word_1_96' title='bbox 1165 3240 1331 3304; x_wconf 87' lang='lat' dir='ltr'>male</span> <span class='ocrx_word' id='word_1_97' title='bbox 1389 3261 1428 3302; x_wconf 90' lang='lat' dir='ltr'>a</span> <span class='ocrx_word' id='word_1_98' title='bbox 1485 3237 1786 3324; x_wconf 89' lang='lat' dir='ltr'>Philippo</span> <span class='ocrx_word' id='word_1_99' title='bbox 1844 3239 2121 3308; x_wconf 89' lang='lat' dir='ltr'>Pulchro</span> <span class='ocrx_word' id='word_1_100' title='bbox 2180 3247 2324 3308; x_wconf 86' lang='lat' dir='ltr'>acta</span> <span class='ocrx_word' id='word_1_101' title='bbox 2383 3264 2521 3306; x_wconf 90' lang='lat' dir='ltr'>esse</span> <span class='ocrx_word' id='word_1_102' title='bbox 2576 3240 2678 3306; x_wconf 89' lang='lat' dir='ltr'>ad·</span> 
     </span>
     <span class='ocr_line' id='line_1_15' title="bbox 362 3336 2680 3422; baseline 0 -21"><span class='ocrx_word' id='word_1_103' title='bbox 362 3337 660 3419; x_wconf 86' lang='lat' dir='ltr'>mittant,</span> <span class='ocrx_word' id='word_1_104' title='bbox 714 3341 933 3401; x_wconf 85' lang='lat' dir='ltr'>tamen</span> <span class='ocrx_word' id='word_1_105' title='bbox 981 3357 1122 3401; x_wconf 90' lang='lat' dir='ltr'>reos</span> <span class='ocrx_word' id='word_1_106' title='bbox 1180 3336 1379 3401; x_wconf 85' lang='lat' dir='ltr'>fuisse</span> <span class='ocrx_word' id='word_1_107' title='bbox 1428 3336 1575 3400; x_wconf 91' lang='lat' dir='ltr'>illos</span> <span class='ocrx_word' id='word_1_108' title='bbox 1623 3336 1979 3421; x_wconf 89' lang='lat' dir='ltr'>meritoque</span> <span class='ocrx_word' id='word_1_109' title='bbox 2025 3336 2334 3404; x_wconf 88' lang='lat' dir='ltr'>Ordinem</span> <span class='ocrx_word' id='word_1_110' title='bbox 2380 3360 2680 3422; x_wconf 83' lang='lat' dir='ltr'>suppres-</span> 
     </span>
     <span class='ocr_line' id='line_1_16' title="bbox 363 3430 2682 3519; baseline 0.001 -22"><span class='ocrx_word' id='word_1_111' title='bbox 363 3455 533 3511; x_wconf 83' lang='lat' dir='ltr'>sum,</span> <span class='ocrx_word' id='word_1_112' title='bbox 592 3434 1007 3498; x_wconf 83' lang='lat' dir='ltr'>conveniunt.</span> <span class='ocrx_word' id='word_1_113' title='bbox 1098 3430 1224 3498; x_wconf 88' lang='lat' dir='ltr'>Sed</span> <span class='ocrx_word' id='word_1_114' title='bbox 1279 3432 1452 3497; x_wconf 88' lang='lat' dir='ltr'>inter</span> <span class='ocrx_word' id='word_1_115' title='bbox 1499 3433 1885 3498; x_wconf 89' lang='lat' dir='ltr'>recentiores</span> <span class='ocrx_word' id='word_1_116' title='bbox 1937 3435 2282 3519; x_wconf 86' lang='lat' dir='ltr'>scriptores</span> <span class='ocrx_word' id='word_1_117' title='bbox 2330 3436 2537 3519; x_wconf 88' lang='lat' dir='ltr'>major</span> <span class='ocrx_word' id='word_1_118' title='bbox 2583 3438 2682 3500; x_wconf 87' lang='lat' dir='ltr'>est</span> 
     </span>
     <span class='ocr_line' id='line_1_17' title="bbox 363 3525 2679 3613; baseline 0 -18"><span class='ocrx_word' id='word_1_119' title='bbox 363 3530 691 3596; x_wconf 87' lang='lat' dir='ltr'>dissensio.</span> <span class='ocrx_word' id='word_1_120' title='bbox 766 3525 941 3594; x_wconf 86' lang='lat' dir='ltr'>Sunt</span> <span class='ocrx_word' id='word_1_121' title='bbox 986 3532 1158 3594; x_wconf 90' lang='lat' dir='ltr'>enim</span> <span class='ocrx_word' id='word_1_122' title='bbox 1205 3534 1343 3594; x_wconf 90' lang='lat' dir='ltr'>tum</span> <span class='ocrx_word' id='word_1_123' title='bbox 1392 3531 1567 3593; x_wconf 87' lang='lat' dir='ltr'>inter</span> <span class='ocrx_word' id='word_1_124' title='bbox 1616 3530 2081 3597; x_wconf 85' lang='lat' dir='ltr'>ecclesiasticos</span> <span class='ocrx_word' id='word_1_125' title='bbox 2126 3538 2266 3597; x_wconf 89' lang='lat' dir='ltr'>tum</span> <span class='ocrx_word' id='word_1_126' title='bbox 2312 3531 2488 3595; x_wconf 89' lang='lat' dir='ltr'>inter</span> <span class='ocrx_word' id='word_1_127' title='bbox 2533 3552 2679 3613; x_wconf 87' lang='lat' dir='ltr'>pro-</span> 
     </span>
     <span class='ocr_line' id='line_1_18' title="bbox 364 3626 2682 3711; baseline -0.002 -18"><span class='ocrx_word' id='word_1_128' title='bbox 364 3629 551 3693; x_wconf 86' lang='lat' dir='ltr'>fanos</span> <span class='ocrx_word' id='word_1_129' title='bbox 613 3631 907 3692; x_wconf 81' lang='lat' dir='ltr'>auctores</span> <span class='ocrx_word' id='word_1_130' title='bbox 964 3627 1107 3707; x_wconf 81' lang='lat' dir='ltr'>alii,</span> <span class='ocrx_word' id='word_1_131' title='bbox 1175 3626 1286 3711; x_wconf 89' lang='lat' dir='ltr'>qui</span> <span class='ocrx_word' id='word_1_132' title='bbox 1349 3627 1760 3691; x_wconf 83' lang='lat' dir='ltr'>innocentem</span> <span class='ocrx_word' id='word_1_133' title='bbox 1823 3627 2021 3692; x_wconf 88' lang='lat' dir='ltr'>fuisse</span> <span class='ocrx_word' id='word_1_134' title='bbox 2083 3626 2392 3693; x_wconf 85' lang='lat' dir='ltr'>Ordinem</span> <span class='ocrx_word' id='word_1_135' title='bbox 2464 3627 2682 3691; x_wconf 88' lang='lat' dir='ltr'>existi-</span> 
     </span>
     <span class='ocr_line' id='line_1_19' title="bbox 365 3722 2679 3808; baseline -0.001 -19"><span class='ocrx_word' id='word_1_136' title='bbox 365 3729 578 3801; x_wconf 87' lang='lat' dir='ltr'>mant,</span> <span class='ocrx_word' id='word_1_137' title='bbox 626 3725 735 3789; x_wconf 85' lang='lat' dir='ltr'>alii</span> <span class='ocrx_word' id='word_1_138' title='bbox 781 3746 963 3801; x_wconf 82' lang='lat' dir='ltr'>vero,</span> <span class='ocrx_word' id='word_1_139' title='bbox 1008 3725 1182 3808; x_wconf 89' lang='lat' dir='ltr'>iique</span> <span class='ocrx_word' id='word_1_140' title='bbox 1230 3723 1477 3807; x_wconf 82' lang='lat' dir='ltr'>plures,</span> <span class='ocrx_word' id='word_1_141' title='bbox 1536 3723 1647 3807; x_wconf 90' lang='lat' dir='ltr'>qui</span> <span class='ocrx_word' id='word_1_142' title='bbox 1692 3724 2119 3808; x_wconf 86' lang='lat' dir='ltr'>contendunt,</span> <span class='ocrx_word' id='word_1_143' title='bbox 2174 3725 2444 3791; x_wconf 87' lang='lat' dir='ltr'>crimina</span> <span class='ocrx_word' id='word_1_144' title='bbox 2487 3722 2679 3787; x_wconf 88' lang='lat' dir='ltr'>Tem·</span> 
     </span>
     <span class='ocr_line' id='line_1_20' title="bbox 364 3817 2678 3906; baseline -0 -19"><span class='ocrx_word' id='word_1_145' title='bbox 364 3822 719 3906; x_wconf 83' lang='lat' dir='ltr'>plariorum</span> <span class='ocrx_word' id='word_1_146' title='bbox 765 3821 987 3906; x_wconf 86' lang='lat' dir='ltr'>negari</span> <span class='ocrx_word' id='word_1_147' title='bbox 1036 3843 1167 3886; x_wconf 90' lang='lat' dir='ltr'>non</span> <span class='ocrx_word' id='word_1_148' title='bbox 1216 3841 1421 3904; x_wconf 84' lang='lat' dir='ltr'>posse,</span> <span class='ocrx_word' id='word_1_149' title='bbox 1467 3817 1905 3905; x_wconf 87' lang='lat' dir='ltr'>Ordinemque</span> <span class='ocrx_word' id='word_1_150' title='bbox 1951 3844 1988 3885; x_wconf 91' lang='lat' dir='ltr'>a</span> <span class='ocrx_word' id='word_1_151' title='bbox 2022 3821 2351 3886; x_wconf 87' lang='lat' dir='ltr'>Clemente</span> <span class='ocrx_word' id='word_1_152' title='bbox 2382 3821 2460 3887; x_wconf 91' lang='lat' dir='ltr'>V.</span> <span class='ocrx_word' id='word_1_153' title='bbox 2499 3823 2678 3906; x_wconf 86' lang='lat' dir='ltr'>juste</span> 
     </span>
     <span class='ocr_line' id='line_1_21' title="bbox 368 3913 2679 4002; baseline 0.001 -21"><span class='ocrx_word' id='word_1_154' title='bbox 368 3926 433 3983; x_wconf 88' lang='lat' dir='ltr'>et</span> <span class='ocrx_word' id='word_1_155' title='bbox 494 3917 852 4002; x_wconf 87' lang='lat' dir='ltr'>prudenter</span> <span class='ocrx_word' id='word_1_156' title='bbox 911 3938 1048 3982; x_wconf 91' lang='lat' dir='ltr'>esse</span> <span class='ocrx_word' id='word_1_157' title='bbox 1106 3913 1499 3997; x_wconf 84' lang='lat' dir='ltr'>abolitum.¹)</span> <span class='ocrx_word' id='word_1_158' title='bbox 1589 3915 1810 3980; x_wconf 85' lang='lat' dir='ltr'>Etiam</span> <span class='ocrx_word' id='word_1_159' title='bbox 1870 3916 1947 3982; x_wconf 91' lang='lat' dir='ltr'>de</span> <span class='ocrx_word' id='word_1_160' title='bbox 2006 3918 2195 3982; x_wconf 93' lang='lat' dir='ltr'>modo</span> <span class='ocrx_word' id='word_1_161' title='bbox 2254 3917 2486 4002; x_wconf 83' lang='lat' dir='ltr'>agendi</span> <span class='ocrx_word' id='word_1_162' title='bbox 2547 3939 2679 4000; x_wconf 90' lang='lat' dir='ltr'>quo</span> 
     </span>
    </p>
   </div>
   <div class='ocr_carea' id='block_1_4' title="bbox 367 4061 786 4070">
    <p class='ocr_par' dir='ltr' id='par_1_4' title="bbox 367 4061 786 4070">
     <span class='ocr_line' id='line_1_22' title="bbox 367 4061 786 4070; baseline 0 944"><span class='ocrx_word' id='word_1_163' title='bbox 367 4061 786 4070; x_wconf 95' lang='lat' dir='ltr'> </span> 
     </span>
    </p>
   </div>
   <div class='ocr_carea' id='block_1_5' title="bbox 368 4123 2680 4274">
    <p class='ocr_par' dir='ltr' id='par_1_5' title="bbox 368 4123 2680 4274">
     <span class='ocr_line' id='line_1_23' title="bbox 545 4123 2680 4194; baseline -0 -14"><span class='ocrx_word' id='word_1_164' title='bbox 545 4127 584 4194; x_wconf 88' lang='lat'>¹)</span> <span class='ocrx_word' id='word_1_165' title='bbox 622 4126 899 4181; x_wconf 88' lang='lat' dir='ltr'>Immerito</span> <span class='ocrx_word' id='word_1_166' title='bbox 937 4125 1128 4180; x_wconf 87' lang='lat' dir='ltr'>scribit</span> <span class='ocrx_word' id='word_1_167' title='bbox 1161 4124 1219 4178; x_wconf 91' lang='lat' dir='ltr'>in</span> <span class='ocrx_word' id='word_1_168' title='bbox 1255 4124 1515 4191; x_wconf 85' lang='lat' dir='ltr'>opusculo</span> <span class='ocrx_word' id='word_1_169' title='bbox 1552 4131 1802 4180; x_wconf 88' lang='lat' dir='ltr'>recenter</span> <span class='ocrx_word' id='word_1_170' title='bbox 1836 4123 1982 4180; x_wconf 89' lang='lat' dir='ltr'>edito</span> <span class='ocrx_word' id='word_1_171' title='bbox 2018 4124 2325 4179; x_wconf 87' lang='lat' dir='ltr'>Loiseleur:</span> <span class='ocrx_word' id='word_1_172' title='bbox 2366 4124 2479 4192; x_wconf 87' lang='lat' dir='ltr'>„La</span> <span class='ocrx_word' id='word_1_173' title='bbox 2518 4139 2680 4179; x_wconf 86' lang='lat' dir='ltr'>cause</span> 
     </span>
     <span class='ocr_line' id='line_1_24' title="bbox 368 4203 2679 4274; baseline -0.002 -11"><span class='ocrx_word' id='word_1_174' title='bbox 368 4210 465 4264; x_wconf 88' lang='lat' dir='ltr'>des</span> <span class='ocrx_word' id='word_1_175' title='bbox 487 4206 793 4274; x_wconf 84' lang='lat' dir='ltr'>Templiers</span> <span class='ocrx_word' id='word_1_176' title='bbox 830 4213 918 4262; x_wconf 86' lang='lat' dir='ltr'>est</span> <span class='ocrx_word' id='word_1_177' title='bbox 955 4211 989 4261; x_wconf 73' lang='lat' dir='ltr'>a</span> <span class='ocrx_word' id='word_1_178' title='bbox 1025 4212 1173 4261; x_wconf 91' lang='lat' dir='ltr'>cette</span> <span class='ocrx_word' id='word_1_179' title='bbox 1207 4207 1377 4261; x_wconf 89' lang='lat' dir='ltr'>heure</span> <span class='ocrx_word' id='word_1_180' title='bbox 1401 4220 1636 4274; x_wconf 85' lang='lat' dir='ltr'>presque</span> <span class='ocrx_word' id='word_1_181' title='bbox 1664 4203 2075 4273; x_wconf 76' lang='lat' dir='ltr'>generalement</span> <span class='ocrx_word' id='word_1_182' title='bbox 2102 4203 2468 4268; x_wconf 79' lang='lat' dir='ltr'>abandonnee,</span> <span class='ocrx_word' id='word_1_183' title='bbox 2505 4204 2679 4259; x_wconf 73' lang='lat' dir='ltr'>meme</span> 
     </span>
    </p>
   </div>
  </div>
 </body>
</html>
