3281 5014
346 2106 601 2150 Concordat.

309 2170 558 2212 schafnabu
566 2183 586 2210 1·
593 2191 605 2199 ·

392 2243 538 2281 gense-

636 362 742 412 402
1035 359 1288 412 XXXVI.
1327 359 1411 412 De
1448 362 1601 411 statu
1634 357 1921 411 Ecclesiae
1954 363 2223 425 vergente
2260 372 2401 410 saec.
2440 355 2559 409 XV.

639 508 904 584 propter
962 502 1134 565 vitae
1189 502 1668 584 integritatem,
1728 498 2028 562 eximiam
2087 497 2490 580 prudentiam
2548 518 2678 580 qua
2738 496 2957 560 Eccle-

638 598 797 662 siam
843 597 1255 680 gubernavit,
1303 602 1371 660 et
1413 596 1879 680 protectionem
1922 596 2206 659 virorum
2251 595 2604 677 doctorum,
2653 615 2953 679 magnam

637 694 758 759 sibi
830 694 1068 757 meruit
1135 693 1305 803 apud
1372 698 1757 759 coaetaneos
1826 697 1894 757 et
1954 697 2243 774 posteros
2316 690 2585 756 laudem.
2699 691 2956 756 Aeneas

637 789 893 873 Sylvius
961 791 1055 854 ita
1123 791 1202 854 de
1268 791 1408 873 ipso
1476 791 1731 854 scribit·
1808 785 2124 853 Nicolaus
2192 786 2288 864 V.‚
2363 786 2630 852 natione
2707 786 2958 852 Meus

638 903 733 951 ea>
762 885 994 969 oppido
1041 885 1443 968 Sarzana,¹)
1468 891 1668 968 patre
1720 885 1990 963 medico,
2045 880 2399 966 theoloyica
2453 883 2750 949 doctrina
2801 883 2957 948 illu-

637 982 797 1046 stris
841 988 904 1047 et
948 982 1128 1047 omni
1168 983 1375 1064 ferme
1419 981 1846 1047 scientiarum
1902 1001 2138 1063 qenere
2179 979 2494 1063 insiqnis,
2543 985 2694 1062 post
2740 979 2987 1062 Enye-

636 1079 827 1145 nium
885 1079 956 1144 in
1012 1079 1201 1145 Petri
1257 1078 1629 1143 cathedram
1688 1077 1999 1161 suffectus
2055 1082 2176 1156 est,
2241 1077 2357 1159 qai
2406 1076 2644 1160 paucis
2697 1076 2958 1159 (tribus)

638 1181 791 1241 ante
853 1175 1183 1242 mensibus
1234 1175 1739 1241 cardinalatum
1794 1195 1997 1257 qaam
2050 1174 2230 1257 apud
2279 1173 2642 1239 Germanos
2698 1172 2958 1256 leqatio-

637 1293 785 1338 nem
846 1272 1106 1353 obisset,
1164 1293 1305 1338 nec.
1340 1271 1460 1337 diu
1509 1271 1711 1354 prius
1765 1272 2200 1354 episcopatum
2258 1269 2735 1336 Bononiensem
2789 1288 2957 1334 acce-

629 1374 841 1452 perat.
915 1409 1000 1417 —
1073 1371 1464 1454 Legationes
1523 1370 1739 1453 plures
1806 1370 1884 1433 ad
1951 1369 2306 1435 Germanos
2369 1368 2705 1452 praecipue
2768 1367 2959 1431 simul

640 1490 784 1532 cum
838 1468 978 1551 ipso
1027 1465 1254 1532 Aenea
1299 1465 1518 1550 Sylvio
1572 1465 1855 1530 Thomas
1913 1488 2032 1550 pro
2090 1465 2386 1550 Eugenio
2440 1469 2835 1547 susceperat,
2894 1467 2959 1526 et

639 1565 721 1627 ad
767 1587 990 1648 pacem
1037 1588 1178 1629 cum
1228 1564 1569 1629 Germanis
1621 1563 2088 1627 restituendam
2135 1563 2407 1626 multum
2451 1561 2958 1624 adlaboraverat.

641 1661 829 1726 Unde
876 1663 1181 1727 convenit
1228 1661 1331 1725 hic
1375 1661 1655 1744 primum
1700 1681 2201 1724 commemorare
2245 1657 2736 1739 concordatum,
2790 1656 2960 1740 quod

640 1781 679 1822 a
742 1757 1011 1824 Nicolao
1062 1757 1140 1822 V.
1207 1779 1356 1822 mox
1415 1781 1472 1822 a.
1545 1757 1715 1821 1448
1776 1778 1920 1821 cum
1985 1756 2380 1840 principibus
2444 1753 2828 1819 Germaniae
2894 1758 2961 1816 et
3044 1796 3057 1807 ·

640 1855 1034 1938 Imperatore
1094 1855 1465 1919 conclusum
1526 1859 1655 1931 est,
1719 1853 2019 1938 quodque
2082 1853 2442 1937 generatim
2490 1851 2960 1916 Concordatum

643 1949 1246 2036 schafnaburgense
1294 1946 1643 2033 dicitur&

822 2100 883 2165 4.
950 2101 1155 2177 Quum
1204 2098 1517 2192 ⁴videlicet
1580 2097 1915 2183 Eugenius
1981 2096 2127 2176 1V.‚
2192 2099 2292 2163 uti
2348 2097 2649 2173 vidimus,
2715 2116 2962 2160 conces·

646 2199 864 2281 sisset,
935 2202 1010 2262 ut
1073 2198 1328 2262 decreta
1389 2196 1821 2277 Basileensia,
1894 2196 2063 2261 sicut
2130 2216 2207 2259 ea
2272 2217 2416 2259 cum
2482 2194 2670 2259 certis
2739 2193 2961 2276 resm-

650 2295 969 2360 ctionibus
1017 2317 1054 2359 a
1103 2293 1443 2359 Germanis
1490 2293 1755 2359 fuerant
1807 2296 2162 2375 acceptata,
2223 2290 2464 2356 servari
2507 2294 2797 2374 possent,
2858 2289 2966 2354 do·-

650 2414 770 2457 nec
838 2392 915 2456 de
978 2391 1056 2456 iis
1119 2391 1313 2456 rebus
1377 2390 1852 2455 Concordatum
1921 2389 2164 2453 factum
2227 2393 2393 2452 esset
2453 2388 2630 2452 inter
2691 2385 2964 2451 Pontifi-

648 2512 784 2554 cem
863 2492 931 2554 et
1005 2488 1338 2554 nationem
1413 2486 1898 2565 Germanicam,
1974 2485 2277 2552 Nicolaus
2324 2483 2401 2550 V.
2478 2484 2559 2550 ad
2632 2505 2732 2548 res
2798 2484 2966 2559 illas,

648 2608 813 2671 quae
866 2586 948 2650 ad
1006 2586 1464 2650 beneficiorum
1521 2585 2017 2661 reservationes,
2080 2588 2385 2660 annataS,
2443 2587 2758 2665 taxasque
2819 2602 2966 2664 spe-

645 2684 943 2760 ctabant,
1006 2681 1511 2765 componendae,
1568 2681 1814 2764 legavit
1860 2680 2263 2746 Cardinalem
2306 2679 2627 2745 Joannem
2688 2678 2765 2741 de
2812 2677 2963 2742 Oar-

645 2779 815 2863 vajal
873 2779 951 2843 ad
1012 2778 1295 2844 diaetam
1351 2799 1461 2841 seu
1520 2778 1783 2842 comitia
1839 2776 2315 2861 Schafnaburgi
2371 2779 2791 2859 congregata,
2852 2774 2962 2838 ubi

646 2876 820 2940 inter
880 2877 1168 2960 legatum
1209 2874 1652 2958 Apostolicum
1707 2880 1773 2937 et
1818 2873 2084 2957 Imperii
2145 2873 2461 2958 principes
2520 2872 2598 2935 de
2649 2872 2748 2935 his
2807 2893 2962 2935 con-

646 2973 850 3037 venit:
922 2970 993 3035 1⁰
1052 2970 1145 3035 Ut
1209 2971 1360 3038 Sedi
1413 2971 1825 3054 Apostolicae
1894 2974 2219 3034 reservata
2288 2973 2457 3033 esset
2527 2968 2784 3033 collatio
2852 2989 2960 3032 seu

645 3069 923 3152 provisio
981 3068 1266 3132 omnium
1318 3068 1804 3144 beneficiorum,
1862 3089 2134 3151 quorum
2186 3087 2581 3151 possessores
2638 3087 2960 3129 moreren-

647 3173 754 3229 tur
819 3166 886 3229 in
958 3163 1252 3229 Romana
1321 3163 1515 3229 Curia
1590 3168 1658 3228 et
1723 3164 1793 3227 in
1869 3162 2122 3227 itineris
2189 3162 2459 3227 duorum
2526 3161 2770 3226 dierum
2840 3161 2960 3225 cir-

647 3262 854 3345 cuitu3
923 3262 1082 3326 item
1146 3282 1365 3325 eorum
1430 3262 1720 3325 omnium
1790 3280 1955 3345 quae
2014 3280 2128 3342 per
2187 3256 2685 3342 depositionem,
2752 3261 2959 3322 trans-

644 3358 988 3436 lationem,
1051 3357 1518 3422 abdicationem
1536 3404 1552 3433 ,
1600 3355 1937 3421 electionis
1960 3360 2100 3419 -aut
2153 3356 2606 3439 postulationis
2651 3355 2960 3420 rescissio·

646 3476 795 3518 nem
853 3476 891 3518 a
937 3452 1253 3519 Pontifice
1312 3452 1553 3517 factam
1607 3453 1996 3518 vacaverint.
2092 3448 2162 3515 2⁰
2219 3450 2312 3517 Ut
2370 3456 2556 3517 extra
2608 3450 2725 3517 hos
2744 3493 2753 3510 .-
2780 3473 2961 3516 casus

646 3550 921 3635 episcopi
993 3554 1059 3615 et
1130 3550 1430 3617 abbates
1471 3549 1867 3634 eligerentur
1935 3571 1972 3613 a
2041 3549 2366 3632 capituliS,
2442 3547 2745 3614 Pontifex
2811 3569 2959 3612 vero

649 3647 1053 3725 electiones,'
1091 3648 1279 3716 modo
1343 3646 1652 3713 canonice
1720 3645 1930 3710 factae
1996 3646 2270 3725 fuerint,
2340 3646 2782 3724 confirmaret,
2848 3645 2979 3728 qui.

827 3856 867 3922 ¹)
906 3856 1115 3910 Nomen
1154 3855 1271 3923 ejus
1310 3861 1431 3910 erat
1467 3871 1666 3911 revera
1703 3855 1938 3911 Thomas
1964 3854 2333 3910 Parentucelli
2370 3861 2427 3909 et
2456 3854 2620 3909 Pisae
2655 3859 2818 3910 natus
2857 3857 2958 3917 est,

646 3936 742 3991 sed
778 3934 1163 3989 nominabatur
1190 3935 1426 3989 Thomas
1450 3935 1517 3990 de
1545 3936 1802 4002 Sarzana„
1838 3935 1981 3989 unde
2010 3938 2184 3989 mater
2221 3935 2342 4003 ejus
2379 3932 2646 4002 originem
2683 3931 2957 3989 trahebat.

822 4013 865 4079 ¹)
902 4013 1147 4069 Viennae
1185 4014 1242 4067 in
1279 4013 1511 4068 Austria
1548 4019 1731 4069 tamen
1768 4015 2074 4082 perfectum
2113 4021 2226 4082 est3
2263 4012 2671 4081 praeliminaria
2698 4010 2958 4066 Schafna-

648 4093 809 4164 burgi
849 4085 1157 4148 constituta
1195 4100 1370 4148 erant.
