3281 5014
1329 422 1513 474 Sixtus
1551 421 1648 473 IV.
2542 424 2646 475 429

330 567 669 642 tebantur,
736 564 1034 648 homagia
1087 563 1468 639 reddebant
1537 559 1941 643 vicariosque
2001 563 2224 646 Papae
2277 563 2351 628 in
2409 568 2643 646 tempo·
2700 584 2766 626 Ne
2767 584 2944 636 potismi

327 662 583 728 ralibus
643 685 710 727 se
763 661 1197 744 appellabant.
1289 659 1412 724 Sed
1472 659 1905 753 dep—udentia
1958 661 2071 725 illa
2116 682 2302 745 saepe
2359 662 2646 727 illusoria
2717 647 2920 688 mimas·

331 767 499 837 erat,
577 759 1033 823 auctoritatem
1103 758 1438 822 Pontificis
1515 748 2035 821 contemnebant
2100 758 2479 842 frequenter
2552 758 2646 823 illi

332 861 680 943 dynastae
744 855 1129 920 vasallorum
1190 854 1614 938 obligationes
1675 854 1825 917 nori
1858 852 2329 932 observabant,
2407 855 2486 918 ad
2549 877 2644 919 ar-

332 956 597 1018 bitrium
654 952 921 1035 populos
976 952 1266 1017 subditos
1317 953 1669 1029 vexabant,
1731 952 2109 1016 adversariis
2167 953 2358 1017 etiam
2420 952 2651 1017 adhae-

332 1052 565 1116 rebant
610 1053 872 1114 sanctae
918 1047 1117 1114 Sedis,
1209 1046 1669 1114 Molestissima
1715 1054 1854 1112 erat
1901 1047 2061 1113 haec
2101 1071 2313 1114 rerum
2368 1050 2649 1115 conditio

339 1147 788 1223 Pontificibus,
843 1151 909 1210 et
955 1168 1157 1230 quum
1216 1167 1293 1209 ex
1351 1148 1490 1229 ipsa
1546 1146 1879 1211 feudorum
1929 1152 1996 1210 et
2048 1148 2430 1212 vicariorum
2487 1153 2650 1212 tem·

334 1244 649 1330 poralium
698 1243 1111 1308 institutione
1157 1243 1560 1308 incommoda
1614 1243 1728 1306 illa
1773 1243 2188 1326 scaturirent,
2238 1244 2390 1308 inde
2436 1267 2474 1308 a
2519 1267 2650 1309 sae·

336 1344 480 1407 culo
547 1340 688 1405 XV.
756 1340 1147 1406 studuerunt
1217 1332 1559 1404 Pontifices
1622 1340 1934 1423 paulatim
2000 1340 2156 1405 haec
2223 1342 2513 1417 abolere,
2587 1345 2654 1405 et

336 1438 702 1503 immediate
747 1437 868 1501 sibi
914 1436 1246 1501 territoria
1292 1436 1629 1520 subjicere.
1725 1435 2094 1502 Alexander
2123 1436 2262 1516 VL,
2309 1438 2519 1503 Julius
2565 1438 2648 1502 II.

338 1540 406 1600 et
461 1535 919 1617 subsequentes
964 1531 1313 1598 Pontifices
1364 1532 1585 1597 sedulo
1642 1537 1714 1597 ut
1770 1555 1844 1597 eo
1901 1535 2349 1617 perveniretur
2395 1535 2652 1600 adlabo-

337 1636 593 1715 rarunt3
648 1632 792 1715 lege
835 1634 1084 1695 statuta
1127 1628 1282 1693 Pius
1316 1629 1397 1695 V.
1455 1630 1737 1696 decrevit
1790 1636 1863 1695 ut
1915 1631 2109 1696 feuda
2155 1632 2336 1697 nulla
2381 1634 2653 1717 amplius

340 1730 915 1808 constituerentur,
971 1749 1044 1790 ac
1084 1727 1350 1791 tandem
1397 1752 1453 1793 a.
1508 1728 1674 1791 1631
1737 1728 2051 1792 ultimum·
2084 1750 2464 1813 magnorum
2511 1731 2653 1794 feu-

340 1827 591 1901 dorum,
656 1824 922 1888 ducatus
977 1823 1465 1900 Urbinatensis,
1530 1825 1610 1889 ad
1663 1828 1955 1888 sanctam
2003 1823 2229 1889 Sedem
2284 1826 2650 1891 devolutum

341 1926 459 1987 est.
552 1919 679 1985 Sed
741 1919 1002 1984 nonnisi
1066 1941 1180 2003 per
1243 1921 1451 1985 varios
1514 1922 1748 2006 gradus
1811 1923 1889 1987 ad
1954 1922 2369 1987 abolitionem
2435 1924 2656 1989 feudo·

342 2042 485 2083 rum
545 2017 868 2102 perveniri
924 2022 1205 2101 poterat3
1279 2022 1474 2103 atque
1538 2020 1848 2104 ejusmodi
1903 2020 2140 2105 gradus
2202 2021 2456 2104 quidam
2520 2025 2657 2085 erat

342 2115 604 2182 collatio
667 2114 1001 2179 feudorum
1066 2116 1238 2180 facta
1298 2117 1798 2200 consanguineis
1860 2116 2273 2183 Pontificum.
2364 2117 2659 2182 Vacante

341 2214 640 2279 videlicet
682 2212 873 2276 feudo
918 2213 1050 2275 sive
1110 2234 1221 2296 per
1266 2212 1505 2277 domini
1553 2218 1825 2277 mortem
1874 2215 2007 2277 sive
2054 2235 2166 2296 per
2218 2214 2450 2278 delicta
2496 2216 2657 2297 ejuS,

342 2309 679 2374 substituti
726 2313 878 2373 sunt
924 2314 1191 2418 nepotes
1238 2308 1424 2372 aliive
1471 2310 1817 2394 propinqui
1862 2309 2270 2374 Pontificum.
2362 2308 2509 2386 Isti,
2553 2316 2655 2375 ut·
2754 2358 2757 2361 η

344 2411 492 2492 pote
558 2405 846 2471 homines
911 2405 1062 2469 novi
1136 2405 1248 2488 qui
1315 2405 1619 2470 Pontifici
1689 2406 2147 2470 exaltationem
2215 2429 2398 2471 suam
2467 2407 2656 2497 debe-

343 2506 535 2582 bant,
598 2526 674 2567 ex
723 2502 937 2569 indole
989 2502 1081 2567 rei
1129 2503 1331 2588 magis
1388 2503 1625 2568 addicti
1672 2507 1738 2567 et
1785 2502 2002 2568 devoti
2059 2509 2248 2569 erant
2294 2502 2444 2569 Sedi
2490 2506 2657 2589 Apo-

341 2602 633 2683 stolicae,
693 2601 862 2684 quod
919 2600 1105 2664 factis
1163 2601 1358 2664 etiam
1415 2605 1479 2664 et
1536 2601 1935 2684 experientia
1989 2602 2469 2684 comprobatum
2513 2603 2657 2667 fuit.

343 2699 470 2763 Via
535 2720 723 2782 porro
786 2697 907 2761 hac
968 2698 1223 2761 ratione
1287 2700 1694 2781 complanata
1759 2703 1890 2777 est,
1954 2703 2029 2761 ut
2090 2699 2405 2782 paulatim
2468 2700 2661 2764 feuda

345 2797 607 2863 omnino
655 2795 898 2859 aboleri
943 2799 1229 2878 possent.

520 2894 625 2959 35.
700 2890 1117 2973 Nepotismus
1180 2892 1418 2975 igitur,
1482 2892 1579 2955 uti
1637 2913 1714 2956 ex
1780 2891 1965 2956 dictis
2025 2897 2241 2976 patet,
2302 2892 2516 2956 minus
2582 2915 2660 2957 ex

343 2990 737 3074 imprudenti
799 2988 1074 3073 quodam
1132 2989 1466 3072 sanguinis
1521 2988 1757 3053 affectu
1814 3011 2009 3072 quam
2066 3011 2144 3053 ex
2201 2990 2506 3076 gravibus
2561 3013 2658 3055 ra·
2710 2992 2775 3052 Ὺ

343 3088 633 3153 tionibus
689 3090 902 3149 ortum
962 3084 1190 3149 habuit
1246 3090 1311 3149 et
1371 3085 1875 3163 incrementum,
1942 3088 2235 3169 quamvis
2292 3087 2454 3151 varii
2516 3087 2658 3152 dein

344 3187 412 3250 in
474 3185 615 3268 ipso
674 3204 970 3261 excessus
1036 3186 1103 3246 et
1163 3182 1397 3264 abu-sps
1459 3181 1723 3245 fuerint.
1825 3180 2229 3247 Interventio
2289 3183 2403 3248 illa
2463 3205 2660 3268 nepo-

345 3287 485 3345 tum
541 3279 928 3344 Pontificum
994 3299 1177 3341 suam
1239 3277 1471 3342 habuit
1536 3278 1925 3363 utilitatem3
1991 3279 2249 3362 quando
2313 3302 2461 3345 vero
2523 3302 2660 3345 sae-

348 3378 490 3442 culo
556 3372 773 3439 XVII.
832 3376 970 3459 jam
1034 3375 1147 3438 illa
1208 3374 1455 3438 utilitas
1519 3375 1775 3459 publica
1839 3396 2076 3460 magna
2139 3398 2218 3441 ex
2282 3381 2466 3460 parte
2526 3398 2661 3442 ces-

346 3480 629 3552 saverat,
685 3470 824 3537 Deo
869 3472 1249 3555 disponente
1296 3470 1415 3554 ipsi
1460 3471 1814 3537 Pontifices
1861 3495 2009 3538 mox
2067 3495 2142 3537 eo
2188 3474 2445 3538 adducti
2487 3479 2660 3551 sunt,

346 3578 418 3636 ut
494 3570 924 3655 nepotismum
998 3569 1254 3658 penitus
1333 3567 1670 3633 abolerent
1751 3574 2013 3653 propter
2089 3571 2325 3635 abusus
2407 3574 2471 3635 et
2548 3571 2662 3635 da·

348 3689 644 3732 mnorum
704 3666 1006 3751 pericula.
1075 3701 1153 3711 —
1219 3653 1342 3728 Illo
1407 3661 1696 3749 tempore
1759 3667 1956 3731 etiam
2014 3668 2450 3751 matrimonia,
2526 3668 2662 3753 qui·

344 3765 462 3829 bus
526 3769 795 3848 nepotes
855 3762 1243 3829 Pontificum
1308 3761 1698 3827 affinitatem
1762 3784 1902 3828 cum
1963 3764 2227 3830 familiis
2291 3787 2516 3851 regum
2590 3787 2662 3829 ac

343 3861 708 3945 principum
768 3860 1141 3944 praesertim
1207 3860 1273 3923 in
1331 3857 1522 3923 Italia
1582 3860 2081 3938 contrahebant,
2142 3862 2335 3926 rebus
2395 3862 2664 3947 publicis

345 3957 751 4022 stabiliendis
817 3961 882 4021 et
949 3954 1402 4022 confirmandis
1477 3955 1665 4020 utilia
1730 3960 1936 4021 erant.
2053 3956 2425 4023 Contribuit
2489 3959 2661 4022 enim

346 4055 648 4139 cognatio
691 4055 817 4119 ista
862 4076 1005 4118 cum
1054 4052 1315 4117 familiis
1362 4052 1778 4119 nobilissimis
1826 4076 1958 4120 non
2008 4054 2346 4135 modicum,
2392 4059 2466 4118 nt
2495 4055 2660 4119 Pon·

349 4151 553 4215 tifices
605 4154 993 4234 potestatem
1054 4172 1238 4215 suam
1302 4151 1718 4233 temporalem
1779 4172 2178 4235 recuperare,
2250 4172 2322 4214 ac
2393 4171 2470 4214 ea
2527 4155 2662 4215 sta-
