3281 5014
648 446 753 497 206
1082 444 1308 497 XXXII.
1349 445 1431 499 De
1468 443 1824 498 Pontificibus
1861 442 2143 498 Avenione
2182 444 2540 498 commoratis.

650 586 814 649 feste
884 585 963 649 ad
1034 587 1296 673 verbum
1377 590 1510 653 fere
1574 586 1918 668 compilata
1986 590 2115 667 est,
2192 591 2256 649 et
2328 587 2531 650 altera
2598 584 2960 654 Instructio

658 680 1044 763 Guelforum
1103 689 1201 750 est
1261 686 1451 768 plane
1507 682 1786 768 ejusdem
1841 681 2106 747 tenoris,
2200 680 2516 747 Omnibus
2562 681 2764 766 igitur
2819 704 2958 766 per-

482 776 611 879 effi
651 780 864 862 pensis
914 781 1140 845 merito
1188 781 1560 864 conjicitur,
1621 778 1873 842 Bullam
1936 779 2004 842 in
2052 779 2434 852 cancellaria
2478 777 2744 843 Roberti
2791 779 2960 863 regis

651 876 1005 940 confectam
1070 877 1300 954 fuisse,
1370 878 1446 941 ad
1508 878 1719 941 instar
1780 874 2232 939 Instructionis
2298 874 2470 946 illius
2539 875 2767 958 prioris
2820 875 2960 959 jam

649 972 876 1050 dictae,
908 978 1224 1055 quantum
1255 974 1503 1038 videtur
1535 972 1756 1056 primis
1788 972 1974 1035 annis
1998 972 2411 1054 pontificatus
2441 970 2714 1036 Joannis
2733 968 2953 1034 XXII.

649 1068 840 1133 Certe
889 1091 1030 1133 eam
1064 1070 1246 1135 valde
1293 1070 1666 1134 dissimilem
1711 1090 1845 1133 esse
1889 1069 2060 1151 stylo
2101 1072 2166 1133 et
2207 1068 2413 1133 forma
2457 1067 2540 1132 ab
2585 1068 2725 1131 aliis
2756 1067 2958 1132 Joan-

647 1166 749 1230 nis
796 1164 1536 1246 XXII..DecretalibuS‚
1581 1186 1804 1230 omnes
1853 1164 2166 1242 fatentur,
2217 1186 2336 1229 nec
2380 1165 2739 1249 generatim
2788 1163 2957 1228 Pon·

648 1262 928 1326 tificibus
991 1263 1062 1327 in
1128 1285 1244 1327 usu
1301 1263 1459 1340 fuit,
1524 1266 1597 1325 ut
1661 1283 1807 1325 suas
1854 1260 2078 1325 Bullas
2143 1283 2219 1326 ex
2284 1262 2556 1326 aliorum
2615 1260 2956 1325 documen·

646 1360 732 1423 tis
780 1362 1233 1426 consarcirent.
1327 1357 1568 1442 Scopus
1614 1357 2093 1440 compositionis
2139 1358 2210 1422 in
2261 1358 2642 1423 cancellaria
2689 1356 2958 1421 Roberti

649 1476 789 1519 esse
843 1458 1081 1539 potuit,
1140 1459 1213 1519 ut
1270 1455 1600 1521 occasione
1649 1455 1801 1520 data
1845 1460 2297 1539 suggereretur
2346 1460 2655 1541 tanquam
2703 1455 2958 1521 schema

647 1551 885 1618 decreti
952 1551 1292 1636 pontificii,
1360 1551 1528 1635 quod
1593 1573 1750 1616 sane
1817 1551 2083 1617 Roberti
2145 1552 2467 1617 desideriis
2533 1552 2955 1617 convenisset.

649 1649 830 1726 Quod
891 1659 1037 1715 vero
1093 1648 1441 1713 Minoritae
1501 1648 1569 1711 in
1617 1646 1894 1711 Bavaria
1952 1648 2191 1732 aliquid
2249 1649 2327 1713 de
2390 1650 2703 1733 ejusmodi
2764 1648 2953 1714 docu-

647 1751 871 1810 mento
918 1745 1242 1810 audierint
1291 1746 1390 1808 vel
1440 1744 1771 1820 noverint,
1829 1744 2059 1808 mirum
2117 1766 2250 1809 non
2305 1753 2421 1810 est.
2513 1746 2777 1811 Etenim
2827 1746 2957 1810 Ro-

649 1843 870 1906 bertus
917 1864 1060 1917 rex,
1122 1842 1217 1905 uti
1276 1847 1345 1905 et
1391 1840 1624 1905 Sancia
1672 1841 1923 1925 regina,
1977 1840 2302 1907 Minoritis
2359 1850 2561 1906 erant·
2601 1842 2836 1907 addicti
2892 1848 2957 1906 et

648 1938 830 2001 valde
871 1939 1241 2013 familiareS,
1288 1959 1360 2001 ac
1407 1937 1598 2001 tertio
1645 1938 1853 2001 ordini
1902 1937 1967 2002 S.
2015 1936 2339 2003 Francisci
2383 1939 2702 2023 adscripti.
2788 1939 2955 2002 Mul-

647 2040 792 2099 tum
852 2034 1110 2099 illorum
1174 2056 1369 2118 opera
1430 2037 1493 2097 et
1548 2033 1815 2098 consilio
1877 2034 2257 2111 utebantur,
2296 2039 2521 2120 ,atque
2581 2037 2774 2100 etiam
2836 2034 2958 2098 Mi-

646 2132 935 2197 chaelem
983 2130 1404 2195 Caesenatem
1459 2127 1569 2193 diu
1615 2130 1768 2193 tuiti
1813 2133 1997 2207 sunt,
2055 2130 2258 2196 donec
2309 2131 2364 2194 is
2410 2132 2481 2195 in
2520 2137 2810 2215 apertam
2858 2154 2957 2195 re-

650 2228 991 2292 bellionem
1049 2232 1509 2311 prorumperet.
1600 2225 1963 2291 Potuerunt
2018 2227 2219 2312 igitur
2265 2226 2608 2293 Minoritae
2655 2228 2958 2293 schisma-

650 2324 761 2389 tici
803 2325 991 2389 facile
1037 2324 1401 2389 documenti
1426 2323 1620 2390 ‚illius
1668 2322 1969 2393 notitiam
2015 2322 2280 2406 habere,
2335 2346 2408 2388 ac
2453 2326 2556 2389 vel
2602 2325 2770 2390 mala
2816 2325 2955 2396 fide,

649 2423 752 2486 vel
810 2421 1274 2505 suspicionibus
1329 2422 1771 2486 rumoribusve
1825 2420 2241 2485 inhaerentes
2298 2444 2435 2485 rem
2489 2421 2822 2502 exhibere,
2886 2442 2959 2487 ac

649 2520 706 2584 si
755 2520 1066 2604 ejusmodi
1120 2519 1448 2583 decretum
1493 2519 1785 2584 Joannes
1835 2516 2040 2581 XXII.
2097 2518 2373 2583 tulisset.
2461 2518 2623 2584 Inde
2673 2542 2819 2584 vero
2876 2521 2953 2584 ad

644 2617 809 2682 alios
837 2648 840 2651 ¹
871 2639 1124 2701 quoque
1179 2617 1525 2699 scriptores
1589 2614 1898 2699 quaedam
1961 2615 2199 2680 notitia
2259 2616 2573 2699 pervenit.
2636 2653 2721 2662 —-
2781 2616 2957 2680 Haec

646 2714 847 2798 igitur
892 2713 968 2778 de
1011 2702 1343 2796 supposita
1386 2712 1496 2776 illa
1541 2711 1816 2776 Joannis
1862 2710 2338 2777 Constitutione
2384 2712 2732 2780 sufficiant.

823 2864 926 2927 61.
984 2860 1376 2924 Benedictus
1425 2858 1568 2941 XII,
1626 2881 1952 2924 successor
2005 2859 2278 2925 Joannis
2322 2861 2535 2926 XXII.
2593 2863 2766 2928 mitis
2819 2867 2956 2927 erat

644 2960 859 3036 corde,
926 2946 1264 3023 voluntate
1303 2950 1595 3040 ¹optimus
1657 2960 1722 3021 et
1775 2956 1855 3020 ad
1912 2957 2494 3023 reconciliationem
2551 2982 2695 3024 cum
2744 2958 2953 3023 Ludo·

647 3055 784 3120 vico
832 3076 1104 3139 pronuS,
1158 3053 1251 3118 ita
1293 3058 1368 3117 ut
1427 3053 1561 3137 ipse
1608 3052 1859 3117 Bavaro
1919 3053 2280 3133 nuntiaret,
2340 3077 2409 3120 se
2464 3057 2540 3120 ad
2588 3078 2810 3141 pacem
2853 3056 2953 3121 in-

641 3152 923 3217 eundam
979 3156 1275 3235 paratum
1333 3171 1489 3214 esse.
1591 3140 1948 3214 Ludovicus
1996 3151 2235 3234 pariter
2290 3173 2425 3215 sese
2483 3151 2802 3219 Ecclesiae
2856 3175 2954 3216 re-

642 3248 990 3313 conciliare
1038 3246 1411 3330 exoptabat,
1470 3269 1746 3331 moxque
1802 3247 1975 3311 inter
2024 3248 2228 3330 ipsum
2285 3254 2351 3312 et
2396 3247 2778 3314 Pontificem
2835 3248 2955 3313 hac

640 3345 724 3409 de
793 3344 1130 3408 remissis
1192 3343 1591 3407 Avenionem
1664 3343 1910 3408 nuntiis
1972 3347 2320 3408 tractatum
2387 3354 2504 3410 est.
2604 3344 2951 3431 Negotium

649 3448 868 3505 tamen
931 3441 1126 3504 etiam
1182 3440 1300 3503 sub
1360 3440 1480 3503 hoc
1532 3440 1845 3505 Pontifice
1909 3441 2156 3505 felicem
2216 3442 2456 3507 exitum
2518 3464 2651 3507 non
2706 3442 2952 3511 habuit,

641 3542 844 3623 atque
909 3538 1044 3621 ipse
1110 3535 1499 3601 Benedictus
1562 3534 1721 3603 XII.
1782 3559 1820 3599 a
1874 3536 2066 3601 variis
2135 3539 2507 3603 auctoribus
2578 3539 2786 3602 acrius
2853 3559 2951 3602 re-

639 3635 1093 3720 prehenditur,
1164 3633 1332 3719 quod
1393 3657 1526 3699 non
1590 3633 1748 3698 satis
1812 3633 2010 3697 animi
2076 3633 2447 3700 firmitatem
2515 3639 2581 3698 et
2649 3634 2952 3720 apostoli·

647 3754 792 3797 cum
851 3732 1140 3814 'vigorem
1205 3753 1355 3815 prae
1420 3752 1488 3795 se
1547 3731 1807 3804 tulerit,
1867 3729 1976 3794 sed
2028 3734 2203 3794 metu
2269 3732 2544 3816 quodam
2607 3754 2680 3796 ac
2732 3732 2950 3796 favore

647 3829 818 3912 regis
881 3827 1129 3893 Galliae
1191 3828 1501 3912 Philippi,
1566 3827 2148 3891 reconciliationem
2216 3826 2519 3892 Ludovici
2583 3828 2750 3893 haud
2809 3850 2953 3912 per-

641 3925 890 3991 fecerit.
980 3924 1294 3991 Attamen
1348 3923 1586 4008 judicio
1650 3924 2034 3987 assentimus
2098 3922 2494 4008 Raynaldi,¹)
2555 3925 2950 4008 potissimam

830 4179 873 4250 ¹)
912 4178 1179 4248 Raynald.
1219 4194 1266 4231 a.
1308 4177 1458 4230 1335.
1498 4192 1549 4228 n.
1587 4177 1637 4229 5.
