3281 5014
660 491 766 541 448
1090 489 1345 543 XXXVI.
1382 490 1464 545 De
1503 495 1654 544 statu
1691 489 1974 544 Ecclesiae
2010 488 2170 543 initio
2208 504 2346 544 saec.
2392 489 2538 542 XVI.

662 631 844 706 Quod
898 633 951 695 si
1013 631 1106 695 illi
1172 632 1283 716 qui
1332 627 1872 711 Conquistadores
1926 637 2241 696 vocantur
2298 629 2620 695 interdum
2681 631 2972 695 fecerunt

663 726 740 791 ad
797 727 1092 817 nationes
1153 727 1460 792 barbaras
1516 727 2084 811 proclamationes,
2144 727 2377 812 quibus
2437 728 2528 791 eis
2581 727 2972 791 intimabant

661 823 858 887 titulo
902 823 1166 889 dominii
1216 824 1595 888 universalis
1633 822 1918 913 ¹Romani
1967 825 2297 889 Pontificis
2353 828 2420 890 et
2473 824 2842 888 donationis
2890 823 2972 886 ab

663 922 800 1003 ipso
860 919 1256 1004 principibus
1315 919 1522 986 factae
1582 920 1754 1004 ipsas
1817 922 2024 986 teneri
2050 950 2057 957 ·
2084 921 2163 986 ad
2223 920 2742 997 submissionem,
2810 921 2974 1005 ejus·

663 1016 833 1081 modi
897 1017 1125 1101 agendi
1191 1017 1414 1082 modus
1479 1017 1671 1100 plene
1723 1018 2103 1082 arbitrarius
2161 1022 2330 1098 erat,
2394 1039 2514 1082 nec
2568 1040 2606 1081 a
2660 1016 2972 1081 Pontifice

665 1114 1078 1209 approbatus·

842 1262 947 1325 57.
1018 1260 1210 1326 Modo
1263 1262 1555 1345 exposito
1614 1261 1919 1346 plerique,
1978 1262 2075 1327 uti
2135 1263 2439 1341 diximus,
2502 1262 2756 1326 Bullam
2818 1262 2973 1325 Ale-

583 1354 593 1364 '
666 1358 895 1423 xandri
939 1357 1057 1422 VI.
1113 1358 1262 1442 jure
1326 1359 1555 1423 merito
1612 1364 1965 1441 exponunt.
2083 1359 2291 1423 Erant
2357 1359 2609 1443 quidem
2683 1381 2756 1422 eo
2815 1362 2973 1422 tem-

665 1478 812 1540 pore
857 1455 1056 1539 aliqui
1106 1453 1391 1539 theologi
1446 1457 1513 1518 et
1559 1455 1728 1538 juris
1774 1454 1967 1539 periti
2021 1456 2131 1540 qui
2177 1456 2557 1537 censebant,
2614 1454 2971 1519 Romanum

670 1552 1048 1619 Pontificem
1106 1550 1445 1634 disponere
1501 1572 1687 1634 posse
1744 1551 1823 1615 de
1866 1553 2085 1637 regnis
2141 1553 2523 1629 infidelium,
2583 1550 2755 1635 quod
2797 1572 2975 1634 prae·

665 1652 846 1733 cipue
890 1649 1143 1713 ratione
1189 1646 1681 1731 praedicationis
1737 1650 2143 1731 evangelicae
2198 1649 2661 1723 admittebant3
2722 1647 2819 1712 vel
2876 1648 2973 1710 in·

664 1746 881 1810 fideles
940 1744 1284 1809 universim
1342 1767 1477 1809 non
1531 1744 1767 1809 habere
1819 1766 2003 1828 posse
2058 1745 2409 1810 dominium
2464 1743 2721 1829 aliquod
2764 1744 2976 1827 legiti-

665 1866 860 1908 mum.
955 1840 1228 1925 Propter
1272 1843 1555 1906 rationes
1599 1848 1820 1906 tamen
1875 1842 2107 1906 allatas
2155 1846 2222 1906 et
2268 1842 2544 1906 maxime
2591 1841 2673 1906 ob
2718 1840 2974 1905 Bullam

669 1939 997 2004 Lusitanis
1059 1938 1136 2002 de
1194 1937 1417 2002 Africa
1472 1938 1722 2016 datam,
1786 1960 2147 2016 censemus,
2208 1938 2647 2004 Alexandrum
2709 1960 2786 2002 ea
2841 1937 2974 2020 opi·

667 2037 861 2101 nione
919 2058 1051 2100 non
1106 2034 1301 2099 fuisse
1358 2035 1695 2098 imbutum.
1791 2034 1917 2099 Sed
1972 2035 2165 2099 etiam
2225 2037 2277 2099 si
2330 2035 2392 2099 vi
2448 2035 2599 2100 talis
2655 2034 2974 2118 opinionis

668 2154 972 2197 erroneae
1041 2131 1453 2196 donationem
1522 2130 1697 2194 illam
1764 2132 2044 2209 fecisset,
2115 2133 2459 2196 manifeste
2527 2131 2677 2195 inde
2747 2135 2975 2195 contra

666 2229 1200 2295 infallibilitatem
1268 2227 1660 2311 pontificiam
1730 2227 1895 2292 nihil
1961 2227 2188 2293 deduci
2255 2234 2499 2313 posset,
2576 2250 2770 2311 quum
2838 2249 2973 2290 non

666 2332 899 2411 agatur
952 2325 1029 2388 de
1084 2324 1459 2388 definitione
1515 2324 1895 2408 dogmatica.
1997 2325 2493 2391 possibilitatem
2548 2325 2819 2409 alicujus
2874 2345 2973 2388 er-

665 2423 829 2488 roris
885 2422 955 2486 in
1010 2421 1383 2486 Alexandro
1422 2419 1538 2484 VI.
1592 2420 1882 2486 admittit
1939 2422 2291 2509 Gregorius
2347 2423 2423 2487 de
2464 2422 2769 2487 Valentia
2820 2421 2972 2486 scri·

667 2521 852 2585 bens:
921 2518 1329 2598 „Alexander
1364 2517 1508 2595 VL,
1569 2518 1648 2599 (si
1707 2518 1776 2582 in
1834 2540 1909 2585 eo
1962 2520 2135 2585 facto
2189 2521 2594 2604 particulari,
2653 2519 2730 2585 ad
2792 2539 2974 2601 reges

667 2617 813 2682 illos
872 2620 1135 2680 tantum
1195 2620 1262 2679 et
1321 2615 1400 2678 ad
1467 2616 1609 2679 illas
1674 2617 1920 2680 insulas
1979 2618 2347 2700 pertinente
2411 2618 2709 2695 erravit),
2773 2616 2975 2681 solum

668 2714 984 2778 concessit
1037 2712 1166 2777 illis
1222 2712 1480 2796 regibus
1527 2713 1632 2795 jus
1687 2712 2004 2796 quoddam
2059 2714 2695 2797 superintendentiae
2752 2717 2817 2776 et
2866 2733 2974 2795 pa-

668 2810 924 2875 trocinii
984 2810 1054 2874 in
1118 2808 1407 2873 infideles
1466 2809 1638 2885 illos,
1701 2815 2041 2893 postquam
2101 2809 2319 2875 debito
2380 2810 2568 2875 modo
2632 2810 2845 2875 essent
2896 2805 2977 2870 ad

668 2908 860 2973 fidem
907 2906 1217 2972 conversi.
1313 2904 1451 2971 Nec
1489 2907 1661 2970 enim
1716 2909 1933 2990 potuit
1986 2908 2277 2973 infideles
2330 2908 2474 2972 illos
2529 2904 2812 2971 dominio
2860 2924 2976 2966 suo

670 3006 919 3089 privare
964 3007 1303 3087 propterea
1343 3002 1572 3083 solum,
1619 3003 1788 3087 quod
1836 3009 2056 3068 essent
2098 3003 2515 3082 infideles.“¹)

846 3132 1215 3199 Alexander
1253 3132 1366 3197 VI.
1428 3139 1717 3199 mortuus
1771 3139 1869 3201 est
1921 3134 2024 3199 die
2083 3135 2194 3200 18⁰
2241 3136 2520 3219 Augusti
2575 3132 2731 3199 anni
2791 3128 2978 3195 1503.

673 3232 834 3297 Eum
903 3231 1295 3294 exstinctum
1362 3230 1564 3295 fuisse
1627 3230 2070 3315 imprudenter
2133 3236 2389 3315 sumpto
2454 3252 2732 3307 veneno,
2809 3226 2976 3312 quod

672 3327 1116 3393 cardinalibus
1184 3326 1558 3410 quibusdam
1625 3327 1856 3393 Caesar
1921 3328 2156 3413 Borgia
2217 3332 2686 3413 praeparasset,
2758 3323 2977 3389 fabula

673 3430 791 3490 est.
906 3424 1176 3488 Constat
1248 3425 1416 3488 enim
1480 3447 1556 3490 ex
1627 3425 1843 3490 diariis
1910 3427 2079 3490 illius
2147 3426 2454 3509 temporis
2526 3421 2975 3505 manuscriptis

676 3527 742 3587 et
802 3543 880 3586 ex
949 3521 1084 3604 ipso
1147 3520 1547 3600 Burchardo,
1611 3522 1763 3586 inde
1830 3545 1867 3587 a
1924 3524 2025 3588 die
2085 3520 2193 3587 12⁰
2255 3522 2531 3606 Augusti
2597 3519 2975 3585 Pontificem

677 3619 839 3683 male
895 3617 1187 3682 habuisse
1249 3622 1314 3682 et
1379 3619 1558 3682 febre
1623 3620 1979 3696 laborasse,
2052 3643 2125 3684 ac
2185 3619 2602 3683 sacramentis
2659 3616 2976 3681 Ecclesiae

674 3717 797 3780 rite
861 3715 1211 3797 munitum,
1285 3716 1506 3779 morbo
1569 3716 2085 3800 ingravescente,
2159 3723 2302 3801 post
2365 3716 2614 3800 aliquot
2672 3714 2801 3779 dies
2865 3732 2975 3775 ex·

675 3808 1052 3896 spii-assei>

859 3985 896 4038 ¹)
935 3984 996 4036 Τ.
1033 3983 1136 4036 ΙΙΙ.
1174 3982 1256 4036 De
1295 3998 1372 4051 sp.
1416 3986 1461 4037 1.
1500 3988 1548 4038 9.
1593 3988 1674 4040 10.
1714 4003 1765 4054 p.
1805 3990 1852 4040 7.
1890 4004 1941 4056 p.
1980 3989 2083 4040 540
2120 3990 2187 4042 ad
2225 3991 2274 4041 2.
2322 4018 2389 4024 -
2440 3986 2550 4040 Cfr.
2601 3986 2667 4040 de
2712 3990 2836 4038 tota
2874 3985 2977 4037 hac

678 4062 1236 4198 guaestiontgglivilta
1274 4064 1547 4119 Cattolica
1584 4081 1631 4118 a.
1673 4067 1825 4119 1865.
1864 4083 1914 4120 v.
1955 4069 2020 4133 1.,
2060 4073 2116 4122 et
2151 4066 2585 4135 Hergenrother,
2629 4064 2832 4118 Kirche
2869 4062 2978 4115 und

717 4150 854 4210 taat,
890 4161 941 4211 p.
1052 4147 1098 4196 7.

858 4222 901 4289 ²)
942 4222 1047 4276 Cfr.
1085 4223 1352 4290 Raynald.
1391 4240 1437 4276 a.
1481 4225 1634 4277 1503.
1676 4241 1726 4277 n.
1769 4225 1850 4278 11.
1894 4254 1964 4262 —-
1999 4226 2081 4279 De
2118 4224 2246 4278 filiis
2284 4220 2584 4278 Alexandri
2608 4222 2703 4277 VL
2753 4222 2852 4275 cfr.
2893 4222 2983 4275 Ci-
