3281 5014
677 396 783 446 262
1180 393 1442 449 XXXIII.
1479 395 1562 449 De
1600 411 1801 464 magno
1839 395 2152 450 Occidentis
2188 396 2501 451 schismate.

676 533 906 600 delicet
957 535 1129 620 quod
1182 535 1252 600 in
1300 534 1599 601 Conclavi
1663 537 2094 602 existentibus
2142 537 2589 603 Cardinalibus
2643 536 2989 603 adversarii

675 630 1016 696 concordes
1072 631 1467 696 unanimiter
1529 633 1797 698 fuerunt
1856 634 1934 698 de
1989 633 2160 699 dicto
2221 634 2482 699 domino
2548 634 2808 700 Urbano
2872 635 2984 699 eli-

672 726 915 812 gend0,
992 734 1130 792 tum
1203 728 1675 813 archiepiscopo
1744 728 2033 796 Barensi.
2152 729 2596 815 Interrogata,
2672 732 2992 815 quomodo

674 824 887 906 sciret,
934 823 1287 909 respondit,
1334 826 1505 909 quod
1548 825 1672 890 hoc
1725 827 1971 891 audivit
2025 849 2063 890 a
2106 827 2365 892 domino
2412 826 2739 893 Cardinali
2786 828 2992 893 Picta·

675 922 881 987 viensi
939 930 1007 990 et
1062 948 1101 990 a
1152 926 1373 992 multis
1428 923 1571 986 aliis
1611 921 2095 1002 cardinalibus,
2151 924 2321 1009 quod
2375 924 2618 989 dictum
2667 946 2989 989 summum

677 1016 1058 1086 Pontificem
1106 1025 1440 1109 elegerant
1469 1019 1869 1084 concorditer
1915 1025 1981 1085 et
2025 1042 2169 1085 cum
2219 1021 2389 1086 bona
2415 1022 2752 1086 voluntate
2796 1025 2993 1105 atque

675 1115 990 1198 perfecta,
1045 1120 1384 1185 hortantes
1436 1116 1672 1181 dictam
1718 1116 2070 1200 dominam,
2126 1121 2360 1182 testem
2411 1118 2988 1201 praenominatam,

674 1212 848 1294 quod
893 1215 1163 1281 firmiter
1213 1216 1499 1282 crederet
1553 1219 1619 1278 et
1676 1213 1945 1277 firmiter
1996 1219 2282 1294 teneret,
2335 1214 2533 1278 istum
2581 1214 2719 1278 fore
2762 1236 2987 1278 verum

674 1313 742 1373 et
805 1309 1164 1394 legitimum
1220 1312 1464 1396 Papam
1528 1315 1595 1375 et
1658 1311 1926 1374 electum
1993 1311 2300 1376 canonice
2361 1316 2428 1375 et
2484 1315 2650 1375 nutu
2707 1309 2990 1394 Spiritus

673 1407 900 1472 sancti.
994 1407 1432 1494 Interrogata,
1494 1408 1545 1470 si
1592 1408 1665 1470 in
1712 1405 2023 1471 electione
2078 1406 2203 1471 fuit
2255 1407 2590 1491 impressio
2636 1429 2744 1471 seu
2793 1408 2993 1472 timor

673 1500 1141 1583 Romanorum,
1196 1505 1559 1589 respondit,
1608 1503 1779 1587 quod
1825 1524 1990 1579 non,
2048 1502 2162 1567 sed
2209 1504 2371 1568 bene
2416 1509 2562 1587 post
2607 1504 2985 1568 electionem

674 1599 797 1664 fuit
859 1601 1157 1685 aliqualis
1211 1623 1426 1667 rumor
1487 1604 1554 1665 et
1613 1599 1896 1663 insultus
1959 1598 2398 1664 Romanorum
2457 1602 2821 1684 optantium
2881 1599 2990 1664 ha·

673 1697 825 1760 bere
880 1696 1242 1763 Romanum
1287 1698 1690 1763 Pontificem.
1789 1695 2058 1760 Testata
2115 1696 2263 1761 dein
2325 1701 2452 1775 est,
2514 1700 2712 1763 etiam
2764 1701 2997 1782 postea

672 1794 743 1857 in
810 1795 1226 1859 coronatione
1299 1794 1551 1859 nullum
1619 1794 1917 1857 timorem
1990 1792 2206 1856 fuisse.
2332 1793 2741 1878 Interrogata
2812 1815 2987 1878 ergo,

674 1889 991 1974 quomodo
1044 1891 1307 1969 dicitur,
1368 1887 1539 1975 quod
1599 1888 1972 1953 Cardinales
2029 1889 2509 1955 absconderunt
2558 1912 2703 1954 eum
2751 1888 2991 1971 (Urba-

673 1985 853 2069 num)
899 1992 1045 2070 post
1091 1987 1472 2053 electionem
1517 2009 1556 2051 a
1602 1985 1938 2064 RomaniS,
2003 2006 2155 2070 ergo
2213 2009 2432 2051 rumor
2478 1994 2544 2051 et
2590 1987 2786 2052 timor
2832 1987 2994 2052 fuit:

674 2082 1058 2166 Respondit,
1119 2084 1286 2167 quod
1339 2088 1627 2165 tempore
1685 2082 2017 2147 electionis
2077 2084 2294 2147 nullus
2351 2105 2570 2148 rumor
2627 2105 2737 2147 seu
2798 2083 2998 2147 timor

672 2178 829 2256 fuit,
883 2179 991 2243 sed
1039 2179 1412 2244 Cardinales
1459 2178 1864 2255 dubitantes,
1924 2200 2069 2242 cum
2115 2179 2393 2244 fuissent
2437 2180 2730 2264 requisiti
2779 2201 2818 2244 a
2849 2180 2991 2262 ‚Ro-

673 2276 908 2353 manis,
972 2275 1139 2360 quod
1200 2275 1444 2360 Papam
1489 2274 1856 2339 Romanum
1916 2275 2233 2340 baberent
2295 2281 2362 2340 et
2418 2299 2549 2341 non
2607 2276 2990 2341 annuissent

673 2393 896 2435 eorum
943 2373 1401 2456 petitionibus,
1457 2373 1851 2447 timuerunt,
1906 2394 2047 2436 cum
2100 2373 2295 2437 alium
2346 2373 2691 2458 elegissent
2733 2377 2996 2457 praeter

676 2468 1067 2553 Romanum,
1121 2469 1290 2553 quod
1335 2469 1575 2535 dictum
1638 2468 1913 2533 electum
1961 2491 2095 2534 non
2144 2470 2581 2535 interficerent
2632 2474 2745 2535 aut
2786 2470 2992 2535 inter-

674 2567 777 2631 fici
821 2566 1135 2642 facerent3
1199 2569 1462 2650 propter
1515 2565 1686 2649 quod
1738 2567 2076 2631 finxerunt
2129 2566 2285 2631 dicti
2334 2567 2736 2646 Cardinales,
2794 2566 2995 2631 domi-

673 2686 828 2728 num
877 2660 940 2727 S.
990 2662 1169 2727 Petri
1214 2663 1351 2727 fore
1397 2663 1661 2746 Papam.
1738 2661 2174 2745 Interrogata,
2222 2685 2388 2748 quae
2431 2664 2557 2728 fuit
2601 2684 2752 2748 ergo
2799 2685 2995 2728 causa

672 2759 857 2825 istius
903 2758 1293 2835 schismatis,
1351 2759 1684 2842 respondit
1739 2763 1804 2824 et
1847 2758 2042 2837 dixit,
2094 2762 2262 2844 quod
2309 2759 2541 2835 credit,
2601 2759 2772 2845 quod
2814 2760 2994 2843 rigor

664 2857 963 2941 justitiae
1005 2855 1269 2920 Domini
1330 2855 1568 2933 nostri,
1630 2856 1741 2940 qui
1789 2856 1878 2920 eis
1934 2878 2066 2920 non
2126 2863 2265 2922 erat
2324 2856 2597 2923 blandus
2652 2857 2724 2920 in
2769 2877 2990 2920 eorum

670 2952 1095 3037 petitionibus
1140 2956 1206 3016 et
1251 2952 1565 3036 corrigere
1613 2974 1720 3017 eos
1768 2952 2054 3036 optabat.
2145 2953 2232 3018 Et
2278 2975 2428 3017 vere
2483 2957 2765 3017 testatur
2810 2974 2994 3035 prae-

672 3051 809 3116 fata
867 3048 1101 3113 nobilis
1160 3048 1421 3113 domina
1480 3048 1700 3126 testis,
1765 3048 1937 3132 quod
1995 3049 2238 3115 domini
2305 3049 2679 3115 Cardinales
2737 3046 2814 3112 de
2869 3049 2990 3113 vir-

670 3152 843 3224 tute,
901 3145 1288 3229 sagacitate,
1342 3144 1688 3227 prudentia
1747 3151 1813 3209 et
1866 3144 2210 3211 honestate
2259 3148 2536 3211 multum
2584 3144 2788 3210 eidem
2834 3144 2991 3209 testi

669 3245 1040 3327 loquentes,
1096 3262 1435 3324 personam
1491 3241 1879 3306 sanctissimi
1928 3242 2169 3306 domini
2218 3241 2470 3308 Urbani
2502 3241 2611 3308 VI.
2667 3263 2988 3306 commen·

671 3341 913 3405 dabant
967 3344 1033 3403 et
1079 3337 1583 3422 approbabant.“
1644 3373 1734 3384 —-
1787 3338 2057 3404 Causam
2108 3337 2359 3404 Urbani
2411 3361 2604 3423 opera
2657 3340 2996 3422 utriusque

668 3441 931 3503 sanctae
987 3435 1259 3520 virginis
1304 3433 1490 3499 valde
1545 3436 1839 3519 adjutam
1898 3440 1964 3500 et
2006 3437 2326 3500 firmatam
2374 3436 2600 3514 fuisse,
2656 3434 2841 3500 facile
2884 3434 2990 3498 in-

669 3534 1019 3620 telligitur3
1079 3553 1154 3596 ac
1200 3552 1389 3595 nemo
1449 3553 1576 3595 non
1631 3531 1834 3608 videt,
1893 3554 2117 3596 revera
2172 3533 2272 3596 his
2317 3532 2706 3596 validissimo
2751 3531 2989 3595 iterum

672 3634 1055 3717 argumento
1129 3627 1413 3711 probari,
1489 3627 1849 3711 legitimum
1921 3628 2117 3693 fuisse
2197 3627 2447 3694 Urbani
2522 3628 2990 3713 pontificatum.

609 3745 638 3785 i·
672 3725 858 3805 Quod
905 3725 1074 3790 enim
1132 3724 1373 3788 attinet
1429 3723 1510 3787 ad
1551 3722 1619 3789 S.
1666 3723 2081 3813 Catharinam
2130 3724 2510 3815 Senensem,
2567 3726 2711 3808 ipsa
2765 3723 2992 3807 singu-

670 3824 793 3888 lari
840 3827 906 3886 et
945 3822 1108 3886 mira
1154 3821 1539 3897 sanct-itate,
1598 3805 1815 3886 multis
1862 3821 2045 3885 donis
2098 3812 2697 3905 supernaturalibus
2755 3823 2995 3883 ornata

672 3919 971 3999 florebat,
1024 3918 1293 3981 scientia
1338 3939 1621 4001 superna
1679 3923 2046 3983 sanctorum
2102 3918 2416 3983 divinitus
2460 3923 2598 3982 erat
2639 3917 2991 3991 illustrata,

672 4020 738 4080 et
782 4015 1127 4099 conspicua
1172 4019 1434 4097 propter
1491 4013 1646 4077 baec
1696 4016 1831 4099 jam
1879 4016 1990 4078 illo
2048 4018 2334 4098 tempore
2381 4016 2447 4079 in
2497 4018 2638 4079 tota
2682 4012 2817 4076 fere
2866 4011 2982 4077 Ec-

671 4113 893 4192 clesia,
963 4134 1001 4177 a
1068 4132 1195 4194 qua
1259 4115 1487 4193 postea
1547 4111 1687 4194 ejus
1730 4114 2041 4176 sanctitas
2107 4112 2484 4177 solemniter
2547 4111 2775 4194 agnita
2837 4107 2991 4174 fuit.
