3281 5014
949 442 1119 511 Origo
1158 442 1365 497 dissidii
1406 460 1524 497 cum
1563 444 1821 512 Philippo
1858 443 2109 498 Pulchro.
2618 448 2689 499 23

367 586 571 662 nunt,
634 583 714 647 ab
776 583 939 666 ipsis
986 604 1256 650 suorum
1305 588 1749 666 proventuum
1807 584 1906 648 vel
1964 585 2275 650 bonorum
2326 583 2688 666 dimidiam,

367 677 686 744 decimam
743 700 856 744 seu
913 679 1309 761 vicesimam,
1375 680 1472 744 vel
1531 680 1831 762 quamvis
1890 681 2094 746 aliam
2147 681 2512 764 portionem
2572 685 2691 746 aut

374 780 638 856 quotam
695 776 970 860 exiqunt
1025 781 1086 842 et
1146 781 1556 859 extorquent,
1616 796 1845 859 eosque
1900 777 2265 844 moliuntur
2323 777 2693 861 multifarie

369 870 689 954 subjicere
745 874 1048 938 servituti
1105 894 1387 956 suaeque
1442 873 1820 939 submittere
1878 874 2148 940 ditioni:
2215 879 2276 939 et
2328 874 2531 956 (quod
2584 873 2692 940 do-

375 968 574 1034 lentes
612 970 991 1053 referimus)
1047 970 1354 1037 nonnulli
1409 971 1823 1037 ecclesiarum
1868 971 2161 1054 praelati
2205 970 2691 1036 ecclesiasticae-

370 1085 498 1147 que
536 1086 882 1148 personae,
942 1067 1341 1150 trepidantes
1399 1067 1512 1133 ubi
1560 1067 2020 1150 trepidandum
2074 1089 2206 1134 non
2260 1073 2382 1148 est,
2448 1068 2691 1133 transi-

377 1162 617 1228 toriam
652 1184 880 1246 pacem
926 1169 1334 1247 quaerentes,
1384 1164 1535 1246 plus
1583 1164 1883 1229 timentes
1929 1166 2330 1248 majestatem
2376 1170 2691 1247 tempora·

373 1257 501 1324 lem
535 1259 866 1342 offendere
922 1282 1119 1343 quam
1167 1266 1500 1327 aeternam
1515 1310 1532 1340 ,
1584 1260 1824 1327 talium
1881 1260 2193 1326 abusibus
2246 1283 2378 1328 non
2424 1266 2560 1327 tam
2607 1265 2691 1326 te·

375 1356 673 1421 merarie‘
703 1377 900 1439 quam
931 1358 1289 1442 improvide
1334 1359 1772 1440 acquiescunt,
1824 1357 2011 1423 Sedis
2041 1358 2447 1441 Apostolicae
2476 1362 2693 1423 aucto-

372 1453 576 1518 ritate
635 1475 750 1519 seu
806 1454 1069 1519 licentia
1122 1476 1255 1521 non
1311 1455 1583 1521 obtenta.
1687 1455 1825 1520 Nos
1879 1454 2092 1538 iqitur
2149 1454 2388 1521 talibus
2443 1454 2697 1537 iniquis

372 1549 630 1616 actibus
678 1552 938 1617 obviare
966 1551 1261 1632 volentes,
1309 1552 1385 1616 de
1426 1553 1724 1635 fratrum
1764 1556 2142 1617 nostrorum
2190 1552 2473 1631 consilio,
2524 1552 2695 1634 Apo-

376 1646 604 1712 stolica
650 1649 1040 1715 auctoritate
1085 1649 1469 1728 statuimuS,
1524 1648 1695 1730 quod
1739 1647 2125 1730 quicumque
2173 1648 2465 1730 praelati
2510 1648 2694 1712 eccle-

375 1741 803 1827 siasticaeque
839 1766 1185 1828 personae,
1246 1745 1586 1828 reliqiosae
1643 1744 1742 1809 vel
1786 1745 2177 1823 saeculares,
2243 1764 2695 1826 quorumcum-

371 1860 502 1921 que
546 1840 884 1920 ordinum,
933 1841 1321 1908 conditionis
1367 1846 1487 1908 aut
1530 1846 1769 1920 status,
1821 1842 2115 1906 collectas
2158 1841 2257 1905 vel
2301 1840 2543 1920 tallias,
2591 1839 2695 1904 de·

378 1934 634 2016 cimam,
678 1939 1047 2004 vicesimam
1091 1960 1205 2004 seu
1236 1938 1649 2005 centesimam
1685 1959 1955 2004 suorum
1996 1943 2058 2002 et
2092 1936 2504 2003 ecclesiarum
2542 1957 2696 2020 pro-

376 2037 691 2100 ventuum
734 2035 831 2099 vel
878 2035 1190 2101 bonorum
1238 2034 1425 2100 laicis
1469 2034 1809 2117 solverint,
1854 2034 1951 2098 vel
1997 2033 2420 2116 promiserint
2487 2034 2586 2098 vel
2630 2055 2696 2098 se

370 2129 709 2196 soluturos
755 2131 1221 2211 consenserint,
1276 2136 1397 2197 aut
1441 2130 1742 2214 quamvis
1784 2131 1989 2197 aliam
2036 2128 2495 2212 quantitatem,
2538 2152 2693 2213 por·

380 2225 623 2292 tionem
667 2232 787 2294 aut
832 2232 1101 2309 quotum
1147 2228 1439 2310 ipsorum
1480 2231 1919 2310 proventuum
1966 2227 2061 2291 vel
2108 2227 2451 2306 bonorum,
2510 2226 2699 2291 aesti-

381 2322 694 2388 mationis
738 2324 837 2388 vel
879 2324 1124 2390 valoris
1168 2324 1460 2407 ipsorum
1501 2322 1618 2390 sub
1666 2324 2005 2406 adjutorii,
2053 2323 2287 2403 mutui,
2335 2322 2696 2388 subventio-

378 2418 510 2498 nis,
556 2419 862 2500 subsidii,
923 2421 1020 2486 vel
1063 2420 1219 2485 doni
1263 2419 1550 2501 nomine,
1606 2441 1721 2485 seu
1768 2420 1995 2502 quovis
2038 2420 2169 2485 alio
2217 2418 2438 2499 titulo,
2487 2419 2695 2498 modo,

379 2516 479 2580 vel
524 2519 814 2599 quaesito
861 2519 1081 2597 colore,
1129 2518 1366 2600 absque
1412 2518 1805 2583 auctoritate
1854 2517 2040 2584 Sedis
2085 2517 2369 2600 ejusdem
2383 2538 2404 2581 .·
2449 2538 2699 2583 necnon

382 2612 836 2696 imperatores,
884 2636 1065 2698 reyes
1109 2636 1222 2679 seu
1253 2614 1618 2697 principes,
1667 2615 1882 2693 duces,
1931 2613 2220 2693 comites,
2265 2614 2363 2679 vel
2410 2613 2698 2693 barones,

371 2713 751 2791 potestates,
808 2710 1126 2793 capitani,
1184 2711 1283 2776 vel
1329 2711 1638 2793 officiales
1683 2760 1697 2774 .
1749 2763 1764 2777 .
1814 2763 1827 2776 .
1876 2710 1992 2792 qui
2037 2711 2200 2776 talia
2246 2709 2697 2794 imposuerint,

378 2805 716 2889 exeqerint
769 2807 869 2872 vel
918 2808 1294 2890 receperint,
1339 2858 1352 2872 .
1399 2858 1414 2872 .
1466 2855 1481 2872 .
1533 2828 1774 2874 necnon
1835 2828 2052 2872 omnes
2105 2805 2222 2889 qui
2280 2807 2555 2873 scienter
2600 2806 2700 2871 cle—

377 2900 604 2967 derint
646 2902 721 2968 in
757 2904 1117 2986 praedictis
1160 2904 1510 2984 auxilium,
1557 2903 1902 2970 consilium
1953 2903 2045 2968 vel
2087 2904 2398 2985 favorem,
2442 2902 2701 2987 publice

377 2998 482 3063 vel
528 2999 782 3079 occulte,
825 3021 894 3065 eo
940 3002 1080 3084 ipso
1125 3001 1514 3067 sententiam
1531 2999 2234 3066 excommunicationis
2273 2997 2701 3079 incurrant.¹)

382 3096 527 3160 Hac
598 3097 801 3181 igitur
864 3099 1342 3164 Constitutione
1401 3098 1772 3163 Bonifatius
1811 3097 1984 3161 VIII.
2067 3096 2395 3181 prohibuit
2466 3120 2704 3179 severe,

380 3193 505 3258 sub
576 3216 783 3277 poena
851 3195 1558 3276 excommunicationiS,
1628 3195 1932 3277 praelatis
2002 3192 2290 3277 quidem,
2361 3195 2703 3278 quominus

379 3287 528 3353 sine
575 3290 1009 3371 permissione
1068 3290 1248 3357 Sedis
1307 3292 1714 3375 Apostolicae
1774 3291 1931 3354 talia
1996 3289 2246 3354 tributa
2306 3291 2550 3373 imponi
2612 3291 2700 3354 si-

382 3391 551 3450 nant
597 3408 671 3451 ac
711 3390 990 3466 solvant,
1039 3390 1214 3452 laicis
1261 3410 1439 3462 vero,
1487 3387 1830 3470 quominus
1876 3386 2015 3450 sine
2068 3384 2251 3451 Sedis
2300 3387 2703 3469 Apostolicae

377 3484 774 3549 auctoritate
834 3485 990 3550 haec
1045 3486 1389 3568 imponant
1450 3492 1518 3548 et
1579 3484 1868 3567 exigant.
1960 3482 2284 3547 Ecclesiae
2339 3482 2588 3547 ¹scilicet
2638 3488 2705 3546 et

382 3580 957 3646 ecclesiasticorum
1006 3581 1263 3665 juribus
1315 3602 1389 3644 ac
1432 3580 1803 3664 ,privilegiis
1862 3580 2146 3661 apprime
2207 3577 2537 3661 providere
2592 3599 2703 3641 vo·

381 3677 508 3739 luit
569 3697 672 3753 e0,
742 3678 912 3761 qnod
969 3679 1359 3742 tributorum
1428 3677 1904 3761 impositionem
1978 3682 2043 3752 et
2110 3675 2493 3740 solutionem
2562 3672 2704 3738 sine

376 3771 776 3836 auctoritate
818 3778 1079 3839 sanctae
1126 3772 1312 3854 Sedis
1353 3774 1492 3838 fieri
1541 3778 1808 3837 vetaret.

436 3855 771 3867 *μμ-ψῃ...

565 3906 669 3970 25.
724 3905 1060 3996 Eduardus
1109 3906 1385 3989 Angliae
1441 3927 1577 3977 rex„
1608 3904 1795 3968 initio
1851 3902 2104 3987 quidem
2161 3901 2281 3968 hae
2326 3902 2404 3967 de
2465 3925 2532 3967 re
2578 3903 2703 3982 iga·

383 4008 489 4090 tus
537 4000 680 4076 fuit,
727 4003 836 4067 sed
883 4026 1078 4087 quum
1126 4002 1432 4087 episcopi,
1482 4000 1969 4066 Constitutione
2020 4000 2144 4065 ista
2190 4001 2503 4079 nitentes,
2552 4002 2705 4085 jura

568 4178 608 4244 ¹)
651 4179 808 4246 Apud
847 4178 1190 4243 christophe,
1230 4176 1292 4231 Τ.
1332 4177 1374 4229 Ι.
1418 4175 1588 4230 Notes
1627 4174 1719 4228 Nr.
1760 4176 1808 4227 3.
