3281 5014
401 1345 665 1388 constitutio

405 1411 534 1456 Quum
561 1410 665 1449 incer

709 485 810 538 178
1127 482 1357 535 XXXII.
1396 481 1477 534 De
1515 479 1873 535 Pontificibus
1908 480 2191 536 Avenione
2229 483 2590 537 commoratis.

701 624 1040 692 obvenient
1099 622 1172 688 in
1228 622 1563 704 futurum,
1630 619 1717 685 ad
1775 639 1940 701 quae
1999 641 2063 685 se
2096 621 2250 687 'non
2303 622 2661 689 eaetendunt
2712 622 2868 687 adeo
2909 622 3009 686 in-

706 720 1150 789 convenientia
1205 717 1610 803 supradicta,
1666 720 1936 798 propter
1991 718 2162 799 quod
2219 714 2756 785 Constitutionem
2813 718 3009 783 istam

706 820 791 885 ad
834 817 952 884 illa
997 814 1256 882 extendi
1303 813 1625 892 nolumus,
1626 812 1663 893 )
1716 812 1974 879 nullum
2015 814 2136 896 jus
2180 836 2295 881 seu
2339 815 2702 881 dominium
2747 814 3012 897 aliquod

706 914 1032 981 occasione
1062 910 1499 977 ordinationis
1533 908 1929 992 praedictae,
1976 931 2087 977 seu
2130 912 2418 993 cujusvis
2451 911 2726 977 alterius
2769 932 2811 977 a
2858 932 3008 992 quo-

705 1032 974 1093 cumque
1004 1008 1575 1076 Praedecessorum
1605 1009 1978 1072 nostrorum
2009 1028 2207 1090 super
2250 1009 2366 1074 hoc
2394 1008 2761 1091 specialiter
2804 1007 3017 1073 editae

704 1109 893 1175 Rom.
935 1105 1260 1173 Ecclesiae
1304 1102 1710 1186 acquiratur,
1761 1102 1871 1167 sed
1916 1104 2128 1184 quoad
2172 1104 2287 1170 hoc
2328 1104 2697 1171 habeantur
2732 1124 3011 1188 prorsus

703 1204 1147 1271 ordinationes
1190 1199 1568 1284 hujusmodi
1602 1218 1731 1282 pro
1775 1219 1908 1264 non
1950 1198 2169 1281 factis.

883 1348 984 1411 31.
1048 1344 1268 1409 Edidit
1327 1342 1476 1407 dein
1540 1340 1824 1405 Joannes
1890 1339 2108 1405 XXII.
2177 1343 2381 1407 altero
2445 1366 2648 1421 anno,
2715 1341 2846 1407 scil.
2908 1341 3011 1404 die

424 1472 642 1510 nmmum.
708 1442 821 1510 12⁰
865 1441 1249 1507 Novembris
1307 1463 1363 1504 a.
1418 1438 1585 1503 1323
1643 1435 2189 1503 Constitutionem
2239 1436 2453 1518 Quum
2502 1438 2678 1503 inter
2731 1435 3009 1502 nonnul-

704 1538 874 1623 los,¹)
923 1561 1049 1624 qua
1095 1537 1388 1602 definivit
1418 1533 1918 1600 controversiam
1953 1532 2030 1597 de
2061 1541 2442 1620 paupertate
2479 1535 2736 1611 Christi,
2784 1536 3010 1598 utrum

690 1633 1123 1720 pertinaciter
1185 1631 1553 1715 affirmare,
1617 1626 2110 1710 Redemptorem
2172 1655 2246 1701 ac
2291 1631 2654 1701 Dominum
2713 1633 3011 1696 nostrum

702 1734 928 1799 Jesum
996 1729 1337 1797 Christum
1401 1729 1665 1813 ejusque
1726 1731 2064 1816 Apostolos
2124 1730 2199 1796 in
2259 1725 2462 1814 specie
2482 1803 2497 1812 .
2519 1747 2650 1793 non
2709 1724 3012 1792 habuisse

702 1830 930 1913 aliqua
974 1847 1088 1893 nec
1132 1826 1206 1892 in
1238 1826 1564 1892 communi
1608 1829 1827 1911 etiam,
1874 1828 2268 1894 haereticum
2314 1826 2399 1891 sit
2446 1817 2845 1891 censendum.
2918 1824 3012 1887 Ac

700 1929 1012 2004 declarat,
1068 1947 1266 2008 quum
1313 1947 1388 1988 ea
1441 1928 1789 2009 propositio
1846 1929 1933 1992 sit
1978 1926 2303 1993 contraria
2357 1944 2575 1988 sacrae
2621 1921 3008 2004 Scripturae,

702 2045 867 2108 quae
912 2023 980 2086 in
1026 2022 1347 2106 plerisque
1399 2022 1549 2086 locis
1600 2024 1769 2106 ipsos
1815 2010 2470 2110 noffn'ulla'habuisse
2521 2020 2774 2094 asserit,
2832 2017 3010 2080 dein-

704 2143 849 2205 ceps
897 2141 1034 2183 eam
1096 2117 1598 2201 propositionem
1659 2113 1995 2206 erroneam
2052 2119 2196 2201 fore
2253 2114 2632 2182 censendam
2686 2116 2746 2177 et
2790 2112 3009 2205 Eassff·

704 2215 916 2281 ticam.
1021 2213 1275 2279 Pariter
1333 2214 1589 2292 definit,
1651 2196 2599 2298 inffosteffiffpertinaciter·
2636 2209 3009 2291 affirmare,

704 2301 1337 2396 qW'Redemptori
1380 2313 1603 2374 nostro
1639 2312 1978 2394 praedicto
2022 2313 2287 2395 eiusque
2326 2307 2653 2392 Apostolis
2696 2305 2799 2386 iis,
2847 2324 3012 2387 quae

701 2409 876 2492 ipsos
921 2405 1222 2472 habuisse
1268 2404 1614 2490 Scriptura
1663 2427 1854 2473 sacra
1900 2412 2196 2489 testatur,
2239 2425 2649 2489 nequaquam
2682 2403 2804 2486 jus
2847 2399 3010 2486 ipsis

702 2504 931 2571 utendi
976 2500 1400 2587 competierit,
1447 2522 1560 2568 nec
1606 2502 1724 2568 illa
1771 2504 2087 2572 vendendi
2131 2527 2244 2572 seu
2288 2500 2576 2570 donandi
2613 2502 2727 2587 jus
2769 2496 3010 2563 habue-

703 2603 862 2684 rint,
905 2605 1024 2666 aut
1054 2621 1135 2665 ex
1162 2599 1325 2683 ipsis
1352 2598 1490 2664 alia
1519 2599 1922 2684 acquirendi,
1968 2605 2104 2668 fore
2134 2625 2476 2669 erroneum
2506 2606 2571 2665 et
2600 2598 3005 2664 haereticum.

880 2744 985 2809 32.
1035 2740 1398 2806 Adversarii
1447 2740 1884 2806 Romanorum
1928 2742 2320 2808 Pontificum
2366 2742 2468 2806 vel
2520 2735 3006 2825 infallibihlitatis

703 2842 984 2925 ipsorum
1052 2860 1132 2901 ex
1192 2836 1440 2901 duabus
1503 2837 1601 2902 his
1655 2837 2247 2906 Constitutionibus
2301 2826 3005 2923 arguunt,'.Joannem

702 2937 969 3002 omnino
1016 2934 1448 2999 contradicere
1491 2934 1571 2998 iis
1625 2956 1791 3019 quae
1836 2936 2198 3002 definiverit
2244 2935 2546 3001 Nicolaus
2591 2931 2709 2998 ΙΙΙ.
2763 2932 2832 2995 in
2882 2928 3005 2995 De·

700 3033 925 3099 cretali
968 3028 1179 3098 Exiit.
1268 3030 1394 3095 Hic
1438 3032 1632 3108 enim,
1667 3032 2005 3117 inquiunt,
2052 3033 2375 3117 definivit,
2424 3035 2713 3097 sanctam
2763 3032 2829 3091 et
2874 3046 3006 3090 me-

699 3130 987 3195 ritoriam
1036 3149 1174 3194 esse
1219 3132 1687 3211 paupertatem,
1729 3149 1856 3212 qua
1902 3129 2068 3194 nihil
2113 3130 2181 3195 in
2229 3129 2552 3194 communi
2599 3126 2699 3197 vel
2747 3123 3005 3208 speciali

699 3226 1086 3310 possidetur,
1134 3229 1200 3289 et
1228 3223 1673 3307 ChristuQac
1705 3224 2048 3308 Apostolos
2092 3227 2287 3301 talem
2321 3227 2767 3309 paupertatem
2817 3221 3007 3285 verbo

702 3327 767 3387 et
813 3323 1101 3405 exemplo
1147 3306 1452 3386 docuisse.
1506 3356 1585 3366 —
1632 3319 1920 3385 ‚Ioannes
1964 3300 2458 3388 XXIITa'utem
2513 3321 2704 3403 plane
2750 3322 3006 3383 contra-

699 3421 864 3488 rium
911 3418 1279 3483 declaravit.
1332 3454 1406 3465 -
1459 3416 1558 3481 Ad
1606 3416 1764 3481 haec
1808 3418 2119 3501 imprimis
2166 3419 2410 3484 adverti
2454 3419 2697 3501 posset,
2745 3404 3030 3511 S-Qpflm„

701 3516 1200 3582 Constitutionis
1245 3511 1440 3576 Exiit
1481 3535 1519 3577 a
1564 3511 1834 3578 Nicolao
1882 3512 1997 3578 III.
2049 3514 2256 3579 editae
2294 3516 2362 3579 in
2410 3536 2483 3579 eo
2531 3513 2804 3581 maxime
2850 3531 3005 3584 esse,

701 3618 775 3678 ut
828 3614 1012 3696 plura
1056 3612 1265 3695 quoad
1320 3611 1606 3693 regulam
1656 3607 1957 3673 Fratrum
2008 3609 2331 3676 Minorum
2385 3610 2765 3697 authentico
2820 3606 3006 3671 modo

701 3696 1197 3793 explicarentur,
1258 3705 1696 3795 definitionem
1758 3727 1908 3768 vero
1967 3705 2112 3770 fidei
2170 3708 2242 3771 in
2301 3692 3005 3793 eadem'Qiffvideri

702 3806 1042 3895 contineri.
1133 3800 1288 3883 Sed,
1342 3792 1416 3866 {st
1463 3794 1978 3884 praescindamus
1996 3794 2117 3868 “ab
2164 3803 2283 3869 hac
2327 3804 2730 3888 quaestione,
2789 3799 3006 3867 nullus

701 3925 922 3969 revera
980 3902 1046 3966 in
1101 3902 1316 3985 aliqua
1372 3920 1439 3962 re
1501 3899 1863 3982 dogmatica
1918 3899 2241 3964 dissensus
2304 3907 2403 3966 est
2457 3902 2631 3968 inter
2676 3899 3006 3966 Constitu·

698 4001 908 4066 tiones
953 3998 1202 4063 Nicolai
1247 3995 1365 4060 III.
1415 3999 1482 4059 et
1526 3994 1800 4060 Joannis
1845 3994 2097 4072 XXII„
2155 3997 2263 4061 sed
2311 3998 2387 4065 ad
2438 4012 2752 4062 summum
2798 3995 3007 4059 diver-

883 4214 923 4285 ²)
961 4214 1263 4281 Extravag.
1302 4210 1531 4265 ,Ioannis
1568 4209 1747 4264 XXII.
1788 4211 1899 4266 Tit.
1941 4211 2088 4267 XIV.
2129 4214 2185 4268 C.
2222 4211 2317 4264 IV.
