3281 5014
321 1315 390 1356 An
425 1313 589 1357 Concil.

338 1377 575 1418 oecumeni-

406 1451 516 1481 cum.
550 1492 553 1495 Δ

634 402 738 453 392
910 401 1135 456 XXXV.
1173 402 1256 456 De
1294 402 1498 456 Concil.
1536 403 1850 458 Basileensi
1889 419 1952 457 ac
1990 405 2055 458 de
2096 403 2309 471 Synodo
2345 404 2677 459 Florentina.

812 546 915 609 63.
987 543 1425 608 Consentiunt
1479 542 1831 624 Catholici,
1886 543 2217 628 Synodum
2269 543 2712 611 Florentinam
2768 567 2949 631 oecu-

634 642 951 729 menicum
1007 641 1203 704 fuisse
1249 639 1635 718 Concilium,
1693 643 1918 706 saltem
1972 664 2176 726 usque
2222 640 2301 705 ad
2356 641 2703 707 discessum
2751 629 2947 707 GE}-

633 725 890 811 co‘fums‘
919 724 1045 799 “Id
1101 735 1354 821 quidem
1409 742 1698 820 tempore
1754 736 2023 803 Concilii
2052 726 2443 802 *Tridentini
2503 736 2737 804 Orator
2799 737 2946 803 Gal·

631 837 838 900 lorum
886 830 1284 913 Ferrierus1)
1343 838 1407 897 et
1457 833 1821 899 Cardinalis
1872 833 2134 919 Qisius
2183 835 2251 897 in
2309 834 2579 917 epistola
2635 835 2715 898 ad
2762 857 2947 899 suum

632 912 1407 1012 secretariuffscripta,²)
1456 951 1530 993 ac
1574 930 1723 994 dein
1771 931 1985 1014 plures
2034 928 2355 996 Gallicani
2398 936 2740 1016 negarunt.
2814 930 2947 995 Na-

632 1028 778 1092 talis
846 1025 1245 1104 Alexander,
1309 1027 1419 1110 qui
1485 1030 1719 1092 merito
1784 1028 2377 1092 oecumenicitatem
2447 1016 2639 1112 Hujus
2704 1026 2948 1110 Synodi

630 1127 881 1197 tuetur,
946 1126 1285 1206 propterea
1349 1125 1592 1189 fatetur
1650 1146 1787 1188 eam
1851 1147 1888 1188 a
1953 1124 2302 1189 Gallicanis
2366 1130 2667 1209 negatam
2729 1125 2947 1200 fuisse,

633 1219 803 1304 quod
858 1241 1046 1284 suum
1103 1227 1384 1302 systema
1440 1242 1585 1284 cum
1637 1221 2121 1287 definitionibus
2171 1220 2564 1287 Florentinis
2621 1222 2947 1286 conciliari

633 1339 763 1381 non
810 1338 995 1400 posse
1040 1316 1348 1381 viderent.
1442 1316 1567 1380 Sed
1610 1339 1809 1402 quum
1857 1318 2091 1382 Petrus
2136 1317 2213 1381 de
2261 1318 2479 1382 Marca
2524 1318 2693 1381 viam
2739 1323 2950 1383 osten·

634 1413 863 1491 disset,
927 1414 1264 1496 scrupulus
1317 1413 1428 1479 ille
1488 1413 1967 1480 Gallicanorum
2032 1414 2331 1492 cessavit,
2398 1420 2465 1479 et
2525 1436 2601 1478 ex
2660 1420 2951 1498 tempore

632 1508 945 1574 Ludovici
1001 1507 1188 1575 XIV.
1252 1531 1454 1594 usque
1511 1511 1590 1574 ad
1650 1511 1785 1574 dies
1842 1518 2100 1576 nostros
2151 1512 2290 1595 jam
2350 1532 2568 1585 omnes
2631 1510 2946 1579 Gallicani

633 1606 1110 1671 oecumenicum
1157 1606 1353 1670 fuisse
1401 1606 1755 1671 Concilium
1798 1608 2244 1673 Florentinum
2289 1614 2751 1674 convenerunt.
2824 1607 2948 1672 Re-

632 1703 951 1768 centiores
1005 1725 1155 1767 vero
1210 1705 1692 1787 antagonistae,
1749 1707 1857 1789 qui
1914 1707 2392 1788 praerogativas
2449 1709 2714 1769 sanctae
2768 1703 2951 1769 Sedis

631 1802 1121 1884 impugnarunt,
1164 1801 1402 1864 iterum
1436 1802 1834 1878 effutierant,
1880 1801 2235 1866 Concilium
2268 1800 2714 1866 Florentinum
2764 1823 2946 1865 oecu—

633 1898 954 1962 menicum
1001 1918 1133 1960 non
1191 1897 1406 1961 fuisse.
1468 1934 1554 1941 ——
1613 1897 1915 1963 Profecto
1975 1898 2322 1963 adfuerunt
2366 1919 2588 1962 omnes
2633 1898 2944 1962 conditio·

549 2018 556 2057 ς
634 2015 772 2070 nee,
818 2014 981 2076 quae
1027 1993 1106 2057 ad
1137 1994 1729 2059 oecumenicit-atem
1767 1994 2035 2059 Concilii
2086 1995 2522 2079 requiruntur,
2571 1997 2946 2059 convocatio

633 2097 697 2154 et
751 2090 1188 2173 praesidentia
1232 2089 1594 2167 PontificiS,
1651 2093 2020 2175 praesentia
2081 2093 2523 2175 episcoporum
2582 2090 2947 2156 Occidentis

632 2193 699 2251 et
745 2185 1053 2265 OrientiS,
1115 2192 1179 2251 et
1226 2189 1625 2252 confirmatio
1669 2211 1785 2272 per
1833 2188 2234 2253 Pontificem.
2324 2188 2561 2263 Quodsi
2608 2210 2686 2251 ex
2736 2187 2948 2252 Gallia

634 2305 767 2349 non
825 2283 1174 2348 adfuerunt
1231 2285 1535 2367 episcopi,
1598 2286 1710 2349 sed
1766 2291 2019 2349 tantum
2078 2292 2363 2349 oratores
2419 2285 2595 2349 ducis
2642 2283 2945 2368 Burgun-

632 2380 798 2463 diae,
856 2402 930 2445 ex
977 2379 1324 2445 Germania
1384 2402 1533 2445 vero
1591 2383 1778 2465 pauci
1833 2382 2131 2465 praelati,
2186 2381 2280 2447 ita
2336 2386 2410 2445 ut
2466 2382 2743 2444 maxima
2799 2402 2946 2463 pars

634 2483 853 2542 essent
899 2478 1176 2561 episcopi
1224 2474 1410 2556 Itali,
1459 2477 1523 2541 id
1572 2500 1651 2544 ex
1697 2485 2055 2562 temporum
2104 2478 2592 2543 difficultatibus
2633 2477 2948 2560 provenit,

634 2580 701 2639 et
731 2577 734 2582 ’
770 2576 1075 2658 ejusmodi
1149 2575 1437 2639 defectus
1513 2574 1878 2640 materialis
1945 2575 2556 2659 repraesentationis
2625 2574 2945 2639 Ecclesiae

634 2692 747 2755 per
806 2673 1131 2754 episcopos
1194 2673 1481 2736 omnium
1536 2673 1902 2757 regionum,
1960 2672 2337 2755 frequenter
2392 2672 2601 2755 quoad
2661 2670 2944 2736 Concilia

635 2771 1038 2833 oecumenica
1085 2789 1199 2850 per
1244 2769 1478 2832 summi
1522 2768 1862 2834 Pontificis
1906 2769 2368 2853 praesentiam,
2417 2768 2943 2852 approbationem

632 2870 698 2929 et
740 2865 1290 2929 confirmationem
1337 2866 1692 2949 suppletur.

810 3015 913 3079 64.
992 3013 1294 3089 Quaestio
1356 3021 1572 3079 autem
1643 3016 1894 3099 agitata
1960 3021 2059 3079 est
2124 3016 2298 3080 inter
2366 3018 2656 3080 auctores
2722 3013 2945 3078 catho-

632 3112 819 3185 linos,
882 3115 1093 3174 utrum
1152 3111 1496 3195 sessignes,
1558 3133 1719 3194 quas
1779 3115 1925 3200 post
1950 3111 2320 3205 &discessum
2377 3110 2763 3202 Graecorum
2813 3109 2945 3172 Eu-

632 3207 861 3291 genius
919 3228 1192 3288 primum
1253 3206 1622 3296 Floraeentiae
1684 3230 1758 3271 ac
1816 3207 1962 3272 dein
2022 3207 2264 3298 Romae
2322 3208 2760 3281 continuavit,
2821 3206 2946 3270 dici

633 3303 880 3386 possint
924 3303 1239 3367 sessiones
1286 3302 1556 3368 Concilii
1614 3306 2036 3392 oecumenici,
2099 3309 2164 3368 et
2211 3311 2678 3389 consequenter
2722 3304 2775 3367 si
2821 3303 2946 3367 De·

633 3402 809 3465 creta
872 3421 985 3482 pro
1048 3399 1284 3465 unione
1348 3400 1781 3464 Armenorum
1841 3409 1908 3465 et
1972 3402 2239 3466 aliarum
2304 3402 2642 3466 nationum
2713 3398 2945 3464 Orien-

633 3497 745 3573 tis,
802 3496 1198 3561 recensenda
1255 3498 1387 3560 sint
1440 3497 1611 3562 inter
1668 3497 1925 3562 decreta
1985 3497 2245 3562 condita
2298 3500 2368 3561 in
2414 3497 2702 3562 Concilio
2756 3518 2945 3560 oecu-

635 3594 910 3670 menicO,
994 3616 1076 3658 an
1141 3614 1289 3656 vero
1356 3592 1655 3675 Eugenio
1710 3593 1826 3659 IV.
1888 3598 2146 3658 tantum
2213 3593 2644 3658 attribuenda.
2751 3591 2948 3676 (Hinc

633 3695 849 3754 tamen
930 3690 1303 3753 auctoritati
1375 3690 1778 3755 decretorum
1838 3691 2297 3775 praejudicium
2357 3712 2491 3755 non
2570 3688 2945 3768 crearetur).

633 3823 718 3832 -
788 3786 842 3850 E
906 3786 1225 3870 theologis
1289 3784 1701 3863 Sirmondus,
1780 3787 2253 3863 L'Herminier,
2328 3786 2605 3863 Habert,
2667 3785 2946 3862 Vitasse,

813 4057 851 4122 ¹)
890 4054 1156 4122 Raynald.
1196 4071 1243 4107 a.
1286 4057 1436 4107 1563.
1475 4071 1528 4107 n.
1565 4059 1616 4108 4.

809 4135 852 4202 ²)
893 4134 1237 4199 Pallavicini‚
1273 4134 1419 4187 Hist.
1460 4133 1619 4188 Conc.
1663 4135 1813 4188 Trid.
1850 4135 1910 4188 L.
1949 4134 2096 4188 XIX.
2138 4151 2182 4188 c.
2224 4137 2304 4187 16.
2345 4151 2396 4187 n.
2436 4137 2484 4188 9.
