3281 5014
590 616 665 666 μέ
697 658 710 669 .

694 421 800 472 260
1184 416 1446 470 XXXIII.
1483 417 1566 470 De
1602 433 1803 485 magno
1840 417 2154 471 Occidentis
2191 416 2506 472 schismate.

691 561 937 625 sionem
991 566 1056 624 et
1108 556 1375 640 plenam
1431 555 1889 621 certitudinem
1946 563 2086 622 tum
2140 558 2351 642 ipsum
2406 563 2548 623 tum
2609 580 3000 623 successores

692 658 889 741 ipsius
951 658 1184 720 merito
1245 654 1530 737 potuisse
1597 654 1854 733 habere,
1923 677 1993 719 se
2051 677 2187 721 esse
2248 656 2573 739 legitimos
2634 653 2998 734 Pontifices,

690 775 1078 820 successores
1118 753 1298 816 Petri
1344 757 1410 814 et
1463 772 1650 815 veros
1686 750 1925 816 Christi
1964 751 2272 817 Vicarios.
2343 752 2479 836 Ipsi
2521 751 2790 836 proinde
2829 751 2997 815 haud

691 850 1086 914 tenebantur
1131 853 1394 932 propter
1441 846 1700 932 aliquod
1755 848 2020 913 dubium
2078 850 2404 933 proprium
2449 848 2669 932 ’quoad
2723 849 3000 913 auctori-

690 951 894 1010 tatem
942 968 1123 1010 suam
1173 944 1531 1027 legitimam
1576 944 1954 1009 adlaborare
1996 946 2286 1010 scissioni
2317 944 2843 1027 exstinguendae,
2887 944 3001 1008 sed

694 1046 950 1106 tantum
996 1047 1257 1126 propter
1299 1041 1457 1104 alias
1504 1040 1791 1105 rationes
1835 1062 2002 1125 quae
2053 1042 2326 1106 salutem
2373 1042 2754 1124 spectabant
2796 1040 3000 1105 totius

692 1139 911 1222 populi
956 1137 1308 1203 christiani.
1355 1172 1441 1183 -
1487 1136 1826 1201 Accedunt
1871 1158 2021 1201 vero
2066 1138 2486 1221 argumentis,
2532 1138 2762 1222 quibus
2791 1142 2999 1202 osten·

690 1234 899 1298 dimus
943 1234 1302 1318 legitimam
1345 1233 1545 1297 fuisse
1577 1233 1960 1298 electionem
1992 1232 2241 1297 Urbani
2279 1233 2591 1318 suffragia
2618 1256 2748 1298 non
2781 1234 2998 1318 exigui

692 1330 1012 1414 ponderis,
1074 1330 1414 1414 utriusque
1461 1329 1758 1395 videlicet
1805 1330 1867 1395 S.
1919 1330 2327 1410 Catharinae,
2375 1329 2682 1395 Senensis
2721 1352 2795 1395 ac
2840 1329 2998 1395 Sue-

361 1455 404 1498 S.
441 1455 501 1498 ea
504 1457 675 1498 marina
692 1428 884 1493 cicae.
973 1428 1191 1512 Atque
1236 1426 1299 1490 S.
1349 1426 1707 1493 Oatharina
1751 1425 2058 1493 Senensis
2104 1450 2235 1493 non
2284 1432 2543 1492 tantum
2588 1449 2663 1491 eo
2709 1433 2998 1511 tempore

330 1675 361 1718 Χ

410 1517 496 1560 Son

497 1519 628 1560 ‘'¹²⁸³‘'-
691 1524 758 1588 in
808 1522 1177 1588 obedientia
1220 1524 1463 1588 mansit
1496 1521 1762 1600 Urbani,
1818 1524 1929 1588 sed
1974 1524 2114 1608 ipsa
2157 1546 2310 1608 prae
2355 1526 2622 1589 caeteris
2661 1523 2997 1589 Urbanum

692 1620 963 1696 monuit,
1012 1624 1085 1684 ut
1129 1621 1349 1685 firmus
1397 1625 1462 1684 et
1506 1625 1816 1685 constans
1861 1621 1926 1685 in
1975 1622 2187 1686 officio
2233 1644 2348 1686 suo
2393 1626 2776 1699 remaneret,
2822 1622 2999 1686 anti-

692 1738 922 1799 papam
970 1722 1036 1780 et
1091 1718 1230 1801 ejus
1277 1715 1648 1781 Cardinales
1704 1721 1781 1780 ut
1835 1716 2058 1782 hostes
2105 1718 2426 1784 Ecclesiae
2483 1723 2551 1782 et
2606 1718 2841 1783 diaboli
2895 1717 2997 1781 in·

690 1818 1055 1878 strumenta
1101 1813 1530 1895 denuntiavit,
1578 1834 1784 1898 reges,
1842 1835 1923 1878 ne
1967 1816 2048 1879 iis
2090 1814 2530 1892 adhaererent,
2589 1815 2820 1878 litteris
2865 1835 2997 1878 mo·

691 1908 854 1986 nuit,
914 1909 1198 1992 aliosque
1251 1909 1574 1993 principes
1622 1916 1689 1974 et
1734 1910 1925 1974 duces
1976 1910 2317 1975 adhortata
2371 1915 2488 1987 est,
2545 1916 2640 1993 ut,
2697 1909 2997 1975 Pontifici

691 2005 981 2089 legitimo
1026 2004 1472 2084 adhaerentes,
1519 2007 1713 2070 armis
1761 2007 1956 2071 etiam
2001 2006 2323 2071 Ecclesiae
2371 2007 2762 2073 adversarios
2806 2008 2999 2090 repri-

690 2105 962 2165 merent.

868 2224 970 2288 26.
1046 2224 1195 2289 Jam
1261 2230 1416 2291 ante
1489 2231 2002 2290 consummatum
2069 2226 2341 2291 schisma
2403 2226 2542 2310 ipsa
2609 2227 2846 2291 direxit
2918 2227 2996 2292 ad
3085 2219 3090 2226 ’

693 2321 1064 2386 Cardinales
1106 2322 1379 2398 litteras,
1439 2321 1673 2406 quibus
1733 2323 1816 2387 ab
1878 2324 1958 2388 iis
2021 2324 2230 2407 petiit,
2291 2329 2364 2388 ut
2428 2346 2467 2387 a
2523 2324 2766 2407 coeptis
2825 2324 2994 2388 desi-

690 2424 959 2482 sterent.
1064 2417 1218 2482 Post
1274 2419 1652 2484 electionem
1709 2441 1861 2484 vero
1916 2418 2266 2485 Clementis
2320 2418 2657 2484 Urbanum
2713 2420 2994 2484 exa-ratis

691 2517 758 2579 5·
804 2513 1098 2580 Octobris
1161 2538 1217 2581 a.
1284 2517 1451 2581 1378
1513 2516 1746 2581 litteris
1806 2517 1886 2580 ad
1943 2520 2376 2583 constantiam
2439 2516 2740 2582 adversus
2795 2516 2995 2582 schis-

691 2613 961 2676 maticos
1020 2611 1545 2697 fundendumque
1607 2635 1723 2695 pro
1769 2613 2013 2679 Christi
2075 2636 2335 2699 corpore
2398 2616 2670 2698 mystico
2730 2614 2996 2698 sangui·

680 2731 840 2793 =nem
905 2707 1275 2789 adhortata,
1334 2709 1501 2774 hanc
1561 2710 1889 2794 insignem
1955 2710 2198 2775 addidit
2258 2711 2680 2775 sententiam:
2743 2708 2995 2790 Accepi,

693 2804 1032 2869 daemones
1084 2803 1377 2870 humana
1435 2825 1630 2870 carne
1688 2805 1955 2871 indutos
2015 2828 2147 2873 non
2213 2805 2473 2890 eleyisse
2535 2803 2867 2871 Christum
2921 2803 2998 2869 in

694 2900 910 2980 terris,
969 2900 1080 2965 sed
1135 2901 1447 2967 excitasse
1502 2901 1968 2967 antichristum
2030 2904 2373 2968 adversum
2434 2907 2495 2968 te
2544 2901 2875 2967 Christum
2922 2901 2997 2966 in

695 2997 908 3078 terris,
968 3019 1153 3080 quem
1218 3019 1329 3082 eqo
1380 2998 1695 3081 profiteor
1754 3002 1815 3064 et
1869 3020 2000 3064 non
2061 3021 2222 3083 neqo
2267 3004 2327 3064 te
2376 2998 2630 3065 Christi
2673 2997 2997 3063 vicarium

693 3115 841 3176 esse,
904 3094 1018 3175 qui
1075 3100 1243 3160 tenet
1289 3095 1496 3160 claves
1542 3093 1794 3160 cellarii
1837 3095 2167 3161 Ecclesiae
2212 3101 2492 3173 sanctae,
2545 3095 2618 3160 in
2680 3115 2805 3177 quo
2865 3114 2998 3159 ser-

692 3196 890 3256 vatur
933 3192 1206 3275 sanquis
1261 3191 1672 3257 immaculati
1726 3192 1903 3276 ayni,
1964 3193 2150 3276 cujus
2207 3192 2509 3260 minister
2569 3213 2651 3272 es,
2706 3192 3000 3275 fremant

693 3287 839 3353 licet
896 3292 956 3352 et
1008 3291 1410 3369 rumpantur
1465 3288 1903 3374 adversarii.¹)
1996 3292 2221 3356 Altero
2278 3313 2450 3355 anno
2512 3314 2646 3355 eam
2710 3299 2998 3355 vocatam

694 3409 833 3452 esse
864 3386 943 3450 ad
973 3385 1197 3451 Sedem
1232 3387 1689 3470 Apostolicam,
1721 3388 1921 3453 refert
1952 3389 2175 3453 beatus
2205 3385 2625 3472 Raymundus
2655 3386 3003 3470 Capuanus

694 3485 834 3569 ejus
905 3483 1328 3548 confessarius
1390 3489 1452 3547 et
1514 3483 1923 3568 biographus,
1985 3482 2352 3567 subditque·
2410 3480 2720 3547 Summus
2771 3478 3000 3544 Ponti-

670 3580 802 3663 fex
861 3599 936 3644 ea
996 3576 1139 3642 visa
1194 3576 1465 3659 yavisus
1521 3582 1633 3659 est,
1697 3578 2027 3659 voluitque
2090 3598 2307 3642 coram
2365 3576 2830 3643 Cardinalibus
2884 3575 3003 3657 qui

694 3681 849 3741 tunc
903 3675 1208 3753 aderant,
1277 3674 1446 3755 quod
1510 3629 1776 3739 ver'bum
1837 3674 2082 3756 faceret
2142 3672 2617 3740 exhortationis
2662 3672 3003 3756 potissime

679 3777 953 3856 propter
1019 3770 1325 3849 schisma,
1403 3770 1572 3852 quod
1659 3775 1816 3836 tunc
1879 3769 2247 3853 incipiebat.
2353 3770 2538 3851 Quod
2603 3775 2663 3834 et
2718 3769 3003 3853 perfecte

686 3868 861 3951 fecit,
908 3866 1262 3932 animando
1306 3887 1827 3950 unumquemque
1883 3888 2105 3932 eorum
2151 3867 2239 3932 ad
2280 3868 2518 3950 fortem
2568 3865 3003 3932 constantiam

688 3963 901 4029 verbis
947 3969 1006 4029 et
1061 3961 1400 4029 sententiis
1449 3962 1784 4045 plurimis,
1842 3984 1917 4029 ac
1976 3963 2379 4044 ostendendo,
2442 3963 2735 4029 divinam
2777 3963 3006 4046 provi-

869 4155 913 4222 1)
951 4156 1053 4224 Ap.
1091 4155 1359 4222 Raynald.
1399 4170 1445 4208 a.
1490 4156 1643 4208 1378.
1682 4173 1732 4208 n.
1772 4159 1855 4211 59.
