3281 5014
973 420 1296 488 Suppressio
1334 420 1554 475 Ordinis
1591 420 2037 490 Templariorum.
2558 424 2658 475 109

343 559 639 627 mittitur
684 559 896 626 electis
930 565 1204 644 propter
1235 560 1674 643 praemissum
1703 559 2032 644 neyotium
2078 559 2153 626 in
2196 565 2425 626 nostra
2459 582 2659 644 prae·

343 656 561 722 sentia
621 657 1019 737 constitutis,
1064 658 1262 740 facta
1311 678 1436 740 per
1492 657 1630 723 Nos
1687 657 2012 741 positione
2070 663 2130 722 et
2190 657 2661 723 consultatione

345 757 615 834 secreta,
678 753 962 835 qualiter
1015 758 1174 819 esset
1222 753 1298 819 in
1353 754 1564 819 ecdem
1609 754 1865 838 neqotio
1909 753 2388 837 procedendum
2401 803 2417 833 ,
2465 775 2660 838 prae·

343 850 574 915 sertim
618 870 818 933 quum
864 850 1132 932 quidam
1185 850 1543 934 Templarii
1598 852 1686 917 ad
1728 851 2163 934 defensionem
2193 852 2493 935 ejusdem
2543 851 2659 915 Or·

344 946 526 1012 dinis
588 968 654 1012 se
723 946 1058 1031 offerrent,
1133 947 1373 1030 majori
1430 949 1615 1031 parti
1685 946 2146 1014 Cardinalium
2210 951 2271 1012 et
2339 948 2459 1012 toti
2521 948 2662 1030 fere

354 1042 667 1124 Concilio,
725 1043 861 1109 illis
904 1043 1223 1123 videlicet,
1278 1044 1394 1128 qui
1433 1064 1475 1109 a
1522 1048 1652 1110 toto
1704 1044 2016 1125 Concilio,
2071 1048 2148 1110 ut
2187 1043 2660 1128 praemittitur,

346 1145 507 1206 sunt
558 1140 739 1205 electi
794 1145 854 1206 et
909 1141 1122 1222 quoad
1178 1139 1294 1206 hoc
1350 1141 1517 1207 vices
1570 1141 1774 1209 totius
1822 1140 2097 1208 Concilii
2149 1145 2661 1224 repraesentant,

346 1236 448 1301 vel
499 1236 684 1320 parti
741 1236 946 1303 multo
1000 1237 1299 1320 majori,·
1333 1238 1626 1320 quinimo
1683 1242 1969 1321 quatuor
2019 1239 2119 1304 vel
2172 1238 2458 1320 quinque
2502 1258 2661 1321 par·

346 1333 524 1399 tibus
594 1334 957 1400 eorumdem
1021 1334 1480 1417 cujuscumque
1546 1335 1842 1401 nationis
1902 1334 1975 1399 in
2042 1333 2327 1400 Concilio
2389 1334 2664 1400 existen-

349 1430 518 1496 tium
561 1430 1010 1497 indubitatum
1055 1430 1429 1510 videbatur,
1470 1436 1530 1497 et
1573 1432 1674 1498 ita
1718 1431 1876 1497 dicti
1911 1431 2203 1514 praelati
2248 1434 2326 1497 et·
2346 1451 2662 1514 procura⁴

349 1532 519 1591 tores
571 1546 696 1591 sua
752 1526 1024 1592 consilia
1080 1527 1421 1604 dederunt,
1480 1528 1651 1611 quod
1703 1528 1835 1611 ipsi
1882 1527 2120 1593 Ordini
2175 1527 2461 1610 defensio
2514 1528 2665 1593 dari

344 1622 624 1703 deberet,
682 1628 742 1687 et
797 1623 968 1706 quod
1021 1622 1159 1706 ipse
1219 1624 1390 1689 Ordo
1446 1625 1522 1689 de
1563 1624 1939 1690 haeresibus
1984 1624 2059 1689 de
2109 1622 2346 1705 quibus
2388 1623 2665 1707 inquisi-

350 1725 486 1785 tum
553 1724 648 1784 est
713 1724 940 1785 contra
991 1719 1210 1803 ipsum
1257 1741 1385 1803 per
1440 1742 1516 1787 ea
1576 1741 1742 1804 quae
1803 1720 2114 1786 hactenus
2175 1724 2332 1786 sunt
2381 1720 2664 1803 probata

346 1816 588 1896 absque
657 1815 905 1899 offensa
979 1816 1111 1881 Dei
1171 1820 1234 1882 et
1287 1817 1475 1897 juris
1542 1817 1805 1901 injuria
1872 1816 2291 1883 condemnari
2356 1820 2665 1899 nequeat:

347 1912 506 1978 aliis
550 1912 937 1996 quibusdam
995 1934 1027 1978 e
1080 1919 1308 1980 contra
1363 1914 1752 1992 dicentibus,
1808 1914 2010 1980 dictos
2066 1914 2311 1983 fratres
2354 1934 2488 1979 non
2531 1933 2663 1978 esse

347 2009 485 2095 (ad)
545 2008 977 2091 defensionem
1047 2009 1206 2076 dicti
1238 2062 1243 2066 .
1271 2010 1542 2076 Ordinis
1604 2010 2081 2091 admittendos,
2133 2030 2250 2075 nec
2308 2009 2445 2075 Nos
2506 2010 2664 2075 dare

345 2106 570 2171 debere
626 2105 1060 2188 defensionem
1114 2106 1333 2173 eidem.
1425 2107 1502 2173 Si
1557 2108 1762 2187 enim,
1825 2112 1901 2173 ut
1944 2106 2242 2173 dicebant
2288 2106 2661 2189 praemissi,

345 2205 632 2287 ejusdem
679 2205 964 2289 defensio
1016 2203 1286 2270 Ordinis
1330 2203 1725 2270 admittatur
1767 2204 1865 2269 vel
1910 2205 2118 2283 detur,
2165 2224 2245 2268 ex
2288 2202 2405 2269 hoc
2448 2202 2665 2290 ipsius

347 2302 594 2385 neqotii
646 2302 1013 2385 periculum
1071 2305 1133 2366 et
1191 2322 1324 2366 non
1388 2300 1709 2367 modicum
1768 2301 2007 2367 Terrae
2068 2304 2331 2367 sanctae
2388 2299 2665 2366 subsidii

346 2397 810 2465 detrimentum
865 2402 1268 2480 sequeretur,
1330 2401 1393 2463 et
1446 2396 1784 2463 altercatio
1839 2402 1899 2463 et
1953 2396 2314 2463 retardatio
2370 2417 2446 2462 ac
2494 2396 2663 2462 deci·

349 2494 557 2560 sionis
597 2494 810 2579 ipsius
860 2494 1105 2579 neqotii
1157 2494 1416 2576 dilatio,
1473 2494 1560 2562 ad
1615 2495 1771 2562 haec
1815 2494 2059 2561 multas
2110 2494 2400 2561 rationes
2447 2498 2507 2560 et
2553 2515 2662 2559 va-

347 2593 496 2659 rias
540 2593 909 2678 alleqantes.

526 2692 628 2754 28.
676 2690 866 2756 Hisce
913 2693 1112 2777 igitur
1155 2691 1607 2773 consideratis»,
1658 2691 1954 2758 Clemens
2000 2689 2275 2755 mediam
2321 2689 2663 2774 quamdam

347 2788 500 2853 iniit
560 2788 761 2865 viam,
839 2787 1136 2853 videlicet
1203 2793 1277 2853 ut
1335 2787 1640 2854 Ordinem
1713 2789 2142 2872 supprimeret
2209 2809 2340 2852 non
2406 2786 2666 2871 quidem

349 2906 464 2969 per
509 2883 908 2949 definitivam
970 2885 1047 2948 de
1095 2886 1235 2968 ejus
1297 2886 1528 2950 reitate
1584 2886 2006 2960 sententiam,
2067 2884 2177 2949 sed
2226 2904 2350 2966 per
2404 2882 2661 2948 modum

338 2978 743 3064 provisionis
787 2999 899 3046 seu
946 2979 1385 3045 ordinationis
1425 2978 1851 3062 Apostolicae.
1946 2981 2259 3047 Rationes
2305 3003 2469 3065 quae
2518 3001 2664 3044 enm

348 3077 429 3142 ad
502 3077 622 3142 hoc
688 3082 1030 3142 moverunt
1092 3078 1312 3141 multis
1373 3077 1655 3161 exponit.
1764 3077 1962 3142 Istam
2031 3079 2197 3142 viam
2270 3078 2464 3141 etiam
2531 3077 2666 3159 epi-

347 3196 573 3258 scopus
627 3174 889 3259 quidam
941 3175 1079 3258 jam
1140 3177 1335 3238 antea
1395 3174 1857 3239 insinuaverat.
1966 3174 2258 3238 Exstant
2316 3175 2454 3257 ejus
2514 3180 2666 3238 vota

345 3277 414 3336 et
465 3273 732 3337 consilia
783 3271 862 3334 de
918 3269 1196 3354 negotiis
1253 3269 1554 3346 Consilii,
1609 3270 1817 3353 iisqne
1874 3275 2063 3355 urget
2120 3270 2537 3347 Pontificem,
2591 3273 2665 3332 ut

347 3365 655 3432 Ordinem
720 3367 971 3451 Templi
1033 3366 1613 3431 diffamatissimum
1687 3367 1877 3431 tollat
1946 3367 2089 3431 sine
2150 3366 2457 3432 tarditate
2532 3365 2665 3429 sive

344 3464 425 3527 de
488 3464 705 3546 rigore
759 3462 927 3547 juris
984 3464 1118 3527 sive
1190 3462 1268 3527 de
1321 3461 1736 3544 plenitudine
1790 3461 2150 3544 potestatis.
2270 3463 2666 3542 „Qua-ntum,

347 3561 468 3635 ait,
540 3559 621 3624 ad
683 3560 1017 3644 negotium
1077 3559 1584 3643 Templariorum
1650 3565 1717 3624 et
1781 3560 2024 3625 ordinis
2089 3560 2341 3644 Templi
2405 3560 2665 3634 attinet,

348 3655 669 3721 Ecclesiae
731 3656 853 3721 Dei
910 3663 976 3721 et
1034 3658 1158 3721 toti
1220 3656 1366 3721 fidei
1430 3657 1820 3722 christianae
1876 3657 2261 3722 mirabiliter
2318 3654 2667 3739 expediret,

345 3751 519 3837 quod
580 3753 750 3817 idem
819 3754 1116 3818 dominus
1186 3757 1438 3832 noster,
1500 3755 1633 3819 sive
1702 3754 1780 3818 de
1846 3757 2068 3839 vigore
2120 3755 2318 3839 jurio,
2390 3753 2522 3817 sive
2588 3751 2667 3815 de

344 3847 754 3933 plenitudine
814 3850 1187 3934 potestatiS,
1250 3851 1451 3914 istum
1515 3849 1824 3916 Ordinem
1883 3851 2491 3924 diffamatissimum‚
2556 3849 2666 3934 qui

344 3951 420 4012 ut
478 3946 575 4011 ita
633 3947 917 4012 dicamus
974 3947 1232 4012 odorem
1292 3948 1577 4013 nominis
1648 3947 2020 4032 christiani,
2084 3951 2403 4033 quantum
2466 3948 2536 4011 in
2600 3967 2668 4010 se

345 4040 501 4121 fuit,
558 4044 727 4127 apud
776 4044 1138 4110 incredulos
1199 4051 1265 4110 et
1319 4045 1609 4110 infideles
1663 4042 1910 4111 foetere
1956 4047 2094 4129 jam
2141 4045 2325 4124 fecit,
2390 4048 2456 4109 et
2502 4066 2667 4109 non-

344 4141 560 4206 nullos
615 4141 830 4206 fideles
889 4143 955 4205 in
1000 4142 1362 4207 stabilitate
1415 4142 1561 4206 fidei
1616 4142 1927 4220 titubare,
1985 4143 2127 4208 sine
2183 4142 2493 4206 tarditate
2551 4141 2666 4204 ali·
