3281 5014
1214 423 1295 477 De
1334 424 1576 477 Concilio
1617 423 1838 478 Pisano,
2573 427 2678 479 279

354 570 530 641 rent,
592 565 689 628 ita
748 567 969 628 tamen
1029 569 1105 629 ut
1166 565 1288 630 hac
1350 565 1483 629 vice
1544 569 1814 649 agerent
1870 566 2129 630 nomine
2186 565 2458 631 Concilii
2519 564 2671 649 (Ec-

356 661 614 726 clesiam
661 660 1271 745 repraesentantis),
1314 684 1397 726 ne
1441 661 1707 726 dubium
1755 662 1833 726 de
1877 661 2094 727 valore
2143 662 2473 727 electionis
2519 664 2674 727 obo-

353 758 466 822 riri
522 762 757 841 posset.
849 756 1063 822 Etiam
1120 762 1437 823 statutum
1496 762 1621 833 est,
1682 759 1923 842 requiri
1968 759 2068 821 vel
2124 759 2501 843 suffragium
2548 782 2671 824 un-

354 854 594 930 anime,
663 856 766 918 vel
835 853 989 918 duas
1059 859 1275 938 partes
1345 855 1802 938 suffragiorum
1874 877 1949 919 ex
2019 861 2295 939 utroque
2363 854 2674 920 Cardina-

351 951 510 1014 lium
579 951 867 1033 collegio,
978 950 1351 1015 Cardinales
1418 951 1519 1016 die
1589 948 1702 1014 15⁰
1762 951 1948 1016 Junii
2009 953 2310 1016 conclave
2377 952 2672 1036 ingressi,

352 1046 454 1110 die
508 1043 624 1110 26⁰
669 1047 955 1130 ejusdem
1008 1048 1247 1112 mensis
1303 1048 1596 1112 unanimi
1656 1048 1962 1132 suffragio
2020 1049 2362 1132 elegerunt
2405 1047 2673 1112 Petrum

352 1142 727 1227 Philargum
799 1143 878 1206 de
945 1142 1192 1208 Candia
1267 1142 1528 1209 Ordinis
1604 1142 1733 1209 FF.
1802 1144 2154 1219 Minorum,
2225 1144 2671 1228 presbyterum

353 1239 805 1315 Cardinalem',
808 1233 1402 1323 arcTi‘sepiscopum
1440 1240 2015 1316 Mediolanensem,
2077 1241 2188 1325 qui
2236 1262 2472 1305 nomen
2521 1237 2669 1303 Ale·
2688 1261 2860 1306 Alexan

347 1333 598 1399 atandri
659 1333 724 1399 V.
762 1336 1087 1428 suscepit.
1207 1335 1338 1400 Pro
1413 1338 1958 1402 conscientiarum
2027 1337 2245 1422 quiete
2314 1317 2671 1401 Concilium

350 1455 599 1511 omneS,
634 1423 774 1515 qui
833 1432 1198 1497 schismatis
1258 1434 1590 1497 occasione
1647 1432 1801 1496 hinc
1860 1431 2014 1496 inde
2071 1433 2356 1499 censuris
2412 1434 2671 1497 fuerant

348 1529 742 1613 praestricti,
813 1529 893 1593 ad
960 1530 1276 1594 cautelam
1346 1529 1652 1611 absolvit,
1729 1532 1796 1593 et
1864 1551 2088 1593 omnes
2157 1528 2667 1611 dispensationes

349 1647 545 1709 super
614 1625 1046 1690 matrimoniis
1125 1626 1396 1710 aliisque
1471 1625 1728 1689 casibus
1805 1625 1884 1689 ad
1951 1625 2160 1690 forum
2233 1626 2667 1690 conscientiae

347 1722 785 1805 spectantibus
842 1721 923 1785 ab
968 1727 1244 1807 utraque
1289 1725 1473 1804 parte
1521 1743 1883 1804 concessas,
1942 1727 2115 1786 ratas
2160 1722 2423 1806 habuit,
2482 1722 2664 1786 dum-

347 1819 535 1883 modo
578 1819 887 1884 canonice
949 1824 1013 1882 et
1060 1840 1189 1882 non
1241 1819 1311 1882 in
1371 1817 1830 1882 detrimentum
1874 1819 2131 1883 unionis
2174 1820 2386 1883 factae
2432 1824 2667 1885 essent.

347 1914 526 1990 Quod
586 1916 828 1979 attinet
889 1913 969 1979 ad
1024 1915 1501 1979 reformationis
1556 1915 2025 1979 ecclesiasticae
2081 1918 2446 2000 negotium,
2510 1914 2666 1980 Ale-

347 2012 590 2077 xander
621 2011 735 2089 V.,
798 2034 999 2096 quum
1059 2013 1198 2095 jam
1258 2012 1450 2075 multi
1505 2011 1778 2094 praelati
1838 2018 1904 2076 et
1965 2012 2326 2096 principum
2378 2016 2665 2077 oratores

345 2107 801 2186 discessissent,
847 2108 1007 2173 illud
1036 2109 1282 2173 remisit
1330 2109 1407 2172 ad
1451 2109 1743 2173 futurum
1787 2110 2089 2193 generale
2120 2107 2475 2173 Concilium
2520 2111 2668 2193 post

343 2205 699 2269 triennium
762 2205 1247 2283 celebrandum,
1310 2211 1376 2270 et
1434 2205 1534 2269 die
1603 2202 1673 2268 7⁰
1733 2204 2018 2288 Augusti
2079 2227 2384 2289 praesens
2445 2203 2666 2270 Conci-

342 2300 500 2365 lium
552 2302 950 2367 terminavit.

521 2400 628 2462 48.
693 2398 793 2462 De
859 2396 1250 2461 auctoritate
1307 2398 1578 2462 Concilii
1627 2350 1849 2463 Pisani
1918 2419 1991 2461 ea
2058 2399 2195 2480 ipsa
2257 2403 2468 2462 aetate
2534 2420 2663 2482 qua

341 2493 633 2559 habitum
694 2495 822 2560 fuit
876 2498 943 2559 et
999 2494 1543 2578 subsequentibus
1606 2494 2001 2579 temporibus
2056 2495 2480 2579 disceptatum
2542 2499 2663 2575 est,

342 2598 410 2655 et
453 2591 633 2656 varia
690 2598 844 2656 sunt
907 2592 983 2656 de
1029 2593 1143 2656 illa
1203 2596 1344 2656 tum
1401 2598 1691 2658 veterum
1760 2601 1893 2657 tum
1957 2593 2384 2657 recentiorum
2442 2593 2660 2657 docto-

340 2709 480 2751 rum
537 2690 927 2755 sententiae.
1028 2688 1377 2773 Gersonius
1432 2688 1536 2753 De
1580 2687 2056 2777 auferibilitate
2111 2687 2335 2770 Papae
2396 2687 2476 2753 ab
2528 2687 2659 2752 Εσ-

340 2781 554 2860 clesia,
604 2784 980 2850 Dominicus
1027 2763 1399 2850 Jacobatius
1450 2785 1629 2851 Card.
1676 2785 1780 2849 De
1827 2782 2140 2853 Conciliis
2182 2784 2261 2849 L.
2306 2783 2477 2864 ΙΙΙ.,
2524 2785 2659 2849 Na-

336 2880 489 2945 talis
553 2882 922 2946 Alexander
984 2879 1162 2945 Hist.
1229 2879 1400 2945 Eccl.
1462 2883 1612 2948 diss.
1674 2882 1740 2946 ΙΙ
1796 2884 1867 2947 in
1930 2905 2095 2949 saec.
2143 2881 2315 2959 XV.
2386 2882 2662 2965 Bogsuet

339 2974 606 3057 Defensa
673 2972 1194 3054 Declarationisx,
1262 2978 1500 3062 aliique
1560 2980 1921 3063 praefatum
1993 2979 2348 3045 Concilium
2413 2979 2658 3043 habent

335 3077 413 3136 ut
460 3074 823 3159 legitimum
879 3081 944 3137 et
1000 3077 1496 3140 oecumenicum.
1590 3074 1836 3140 Contra
1881 3098 2032 3140 vero
2091 3076 2263 3140 istud
2320 3076 2516 3140 fuisse
2561 3076 2660 3139 le

2148 3172 2183 3197 ‘⁸1

336 3169 636 3252 gitimum
724 3174 789 3234 et
870 3172 1343 3235 oecumenicum
1425 3171 1778 3237 Concilium
1859 3177 2061 3256 negat
2144 3184 2205 3236 b.
2282 3172 2658 3245 Antoninus

341 3262 582 3331 Chron.
641 3264 717 3330 P.
773 3265 918 3332 III.
976 3265 1074 3330 tit.
1135 3266 1370 3331 XXII.
1426 3287 1473 3331 c.
1518 3270 1578 3332 5.
1672 3266 1803 3332 Per
1846 3260 2199 3347 Pisanum,
2261 3270 2382 3345 ait,
2450 3267 2653 3333 conci-

340 3359 505 3425 lium
551 3360 651 3426 vel
707 3361 1233 3442 conciliabulum,
1291 3384 1436 3428 cum
1481 3384 1614 3428 non
1670 3369 1830 3429 esset
1884 3364 2169 3448 aliquus
2221 3385 2473 3446 eorum,
2537 3366 2654 3447 qui

335 3477 401 3521 se
440 3456 754 3564 yerebant
787 3479 915 3541 pro
962 3457 1303 3539 Pontifice,
1352 3458 1745 3525 auctoritate
1788 3465 2276 3545 conyreqatum,
2323 3483 2455 3527 non
2509 3467 2654 3528 erat

335 3552 629 3618 ablatum
693 3554 911 3637 ipsum
975 3554 1283 3634 schisma,
1354 3555 1463 3619 sed
1524 3561 2048 3639 auqmentatum,
2119 3558 2332 3624 tribus
2377 3559 2526 3641 jam
2584 3579 2653 3623 se

323 3670 453 3732 pro
498 3670 683 3732 papa
735 3650 1129 3735 gerentibuS.
1236 3653 1405 3717 Dein
1463 3654 1821 3718 Concilium
1877 3677 1994 3739 pro
2051 3678 2185 3721 non
2241 3658 2648 3721 oecumenico

332 3746 443 3811 sed
502 3747 791 3837 legitimo
850 3749 1095 3813 habent
1144 3748 1501 3813 cardinalis
1548 3750 1930 3835 Caietanus,
1986 3751 2091 3816 De
2135 3756 2379 3817 auctor.
2426 3751 2652 3835 Papae

333 3845 395 3905 ct
443 3839 679 3908 Concil.
737 3849 924 3909 tract.
973 3844 1089 3922 IL,
1149 3867 1200 3909 c.
1257 3848 1361 3921 11;
1419 3844 1771 3925 Sanderus,
1829 3848 1934 3912 De
1978 3847 2213 3914 visibil.
2266 3849 2649 3916 monarchia

334 3937 407 4004 L.
438 3938 594 4023 V113
662 3939 1040 4026 Roncaglia,
1105 3940 1451 4018 Animadv.
1504 3941 1580 4006 in
1635 3942 1859 4008 Natal.
1907 3943 2123 4025 Alex„
2188 3951 2254 4011 et
2296 3948 2425 4012 alii.
2472 3947 2646 4021 Bell-

330 4037 642 4119 arminus,
726 4036 830 4100 De
903 4035 1208 4102 Conciliis
1276 4037 1354 4102 L.
1423 4038 1480 4103 I.
1551 4060 1599 4103 c.
1661 4038 1881 4120 VIII„
1965 4045 2080 4107 ait:
2154 4042 2471 4108 Gener-ale
2531 4064 2650 4129 nec

331 4126 791 4225 approbatum,
860 4152 975 4197 nec
1035 4133 1453 4215 reprobatum
1518 4135 1778 4201 videtur
1840 4158 1974 4202 esse
2035 4137 2395 4205 Concilium
2453 4140 2645 4207 Pisa-

2862 1264 2914 1306 de

2917 1278 2936 1306 ι·
2945 1264 3001 1306 V.
