3281 5014
196 1051 204 1057 ·
292 1037 545 1080 -Ccelestini
572 1038 623 1079 V.

360 1123 363 1127 ·
398 1104 535 1151 gesta.

644 416 676 464 6
1220 411 1394 467 XXX.
1432 411 1515 465 De
1551 410 1886 464 Pontificatu
1923 409 2191 464 Bonifatii
2215 410 2369 464 VIII.

642 551 826 629 dum,
912 554 1004 617 ait
1052 554 1324 635 scriptor
1386 573 1654 616 coaevus
1707 551 2111 616 Ptolomaeus
2163 551 2499 627 LucensiS‚
2578 549 2749 631 quod
2806 549 2961 631 ipso

643 652 855 712 creato
901 640 1098 713 simul
1154 668 1295 712 cum
1355 647 1602 712 decreto
1654 645 2109 713 Cardinalium
2163 647 2417 711 litteras
2472 646 2673 712 eidem
2728 651 2956 712 trans-

642 744 941 824 mittunt,
1000 750 1060 808 et
1105 764 1261 809 suae
1309 743 1663 809 Sanctitati
1708 742 2108 826 siqnificant,
2167 749 2242 810 ut
2287 742 2373 809 ad
2418 744 2623 808 locum
2670 764 2944 809 commu-

642 862 807 921 nem,
854 841 968 908 ubi
1013 862 1136 907 sua
1177 842 1360 925 facta
1408 846 1551 906 erat
1595 840 1831 921 electi0,
1878 841 2267 925 diqnaretur
2308 840 2547 909 venire.
2623 840 2755 905 Ille
2798 861 2960 904 vero

644 938 731 1003 ad
773 938 1162 1005 instantiam
1210 939 1409 1021 reqis,
1456 939 1677 1004 venire
1723 938 2057 1004 recusabat
2073 959 2094 1001 .·
2150 938 2443 1020 quinimo
2488 936 2715 1002 iisdem
2762 957 2943 1002 man-

645 1034 854 1115 davit,
916 1039 991 1100 ut
1046 1035 1131 1099 ad
1185 1035 1402 1117 ipsum
1457 1035 1744 1100 veniant.
1853 1034 1983 1100 His
2040 1034 2250 1116 iqitur
2301 1034 2587 1121 peractis
2646 1035 2961 1100 dominus·

647 1132 937 1197 Latinus
976 1131 1272 1215 qraviter
1316 1130 1723 1211 infirmatur,
1784 1131 1859 1196 in
1904 1152 2028 1212 quo
2073 1135 2276 1196 totum
2323 1124 2584 1213 pondus
2627 1130 2946 1196 incumbe·

649 1229 757 1293 bat
801 1249 997 1313 super
1043 1228 1342 1293 electione
1393 1227 1749 1293 Coelestini.
1796 1279 1809 1292 .
1857 1280 1870 1293 .
1920 1279 1932 1294 .
1984 1228 2096 1292 Ea:
2140 1227 2469 1311 familiari
2515 1228 2842 1293 devotione
2888 1233 2959 1292 et

645 1325 1035 1407 confidentia
1083 1324 1395 1390 bonitatis
1437 1323 1575 1406 fuit
1618 1330 1831 1389 motus
1876 1326 1961 1389 ad
1995 1325 2395 1390 suadendum
2430 1325 2505 1388 de
2548 1324 2707 1406 ipso,
2752 1328 2829 1390 ut
2871 1323 2954 1388 in·

645 1443 970 1489 summum
1023 1425 1466 1486 assumeretur
1503 1420 1899 1501 Pontificem.
1996 1421 2416 1505 Aqqravatus
2468 1421 2679 1503 iqitur
2733 1419 2946 1503 aeqri-

645 1520 871 1586 tudine
913 1518 1198 1583 moritur
1241 1516 1521 1584 Perusii.
1614 1517 1743 1583 Sed
1785 1519 2183 1584 redeundum
2230 1522 2323 1583 est
2367 1518 2452 1582 ad
2501 1516 2957 1596 Coelestinum,

646 1615 803 1698 quia
851 1614 978 1680 sibi
1012 1615 1403 1697 persuaderi
1448 1635 1580 1679 non
1614 1615 1839 1697 potuit
1881 1620 1957 1681 ut
2001 1615 2250 1681 veniret
2294 1613 2674 1694 Perusiam,
2721 1614 2831 1679 sed
2872 1613 2954 1679 in

647 1712 892 1793 Aquila
949 1711 1168 1793 aliquo
1228 1716 1507 1794 tempore
1550 1712 1776 1794 pedem
1829 1711 1995 1792 fixit.
2044 1762 2057 1776 .
2105 1762 2118 1776 .
2166 1761 2181 1776 .
2237 1711 2517 1777 Interim
2568 1710 2960 1776 Cardinales

646 1808 855 1890 aliqui
875 1807 1275 1890 praecedunt
1308 1808 1394 1872 ad
1424 1807 1697 1890 Papam,
1737 1808 1947 1889 aliqui
1973 1808 2458 1890 subsequuntur
2486 1828 2711 1872 versus
2741 1806 2947 1888 Aqui·

647 1905 809 1970 lam:
862 1904 1136 1970 ultimus
1193 1910 1409 1970 tamen
1456 1905 1542 1970 ad
1584 1904 1969 1970 veniendum
2019 1905 2155 1987 fuit
2211 1905 2511 1970 dominus
2556 1904 2960 1969 Benedictus

650 2000 976 2085 C'ajetani,
1023 2005 1080 2064 et
1128 2000 1582 2081 dubitabatur,
1631 2001 1800 2084 quod
1843 2023 1974 2068 non
2017 2001 2290 2081 veniret,
2346 2001 2503 2083 quia
2549 2021 2759 2083 reqem
2807 2021 2949 2063 ver-

648 2096 745 2162 bis
807 2096 1162 2181 offenderat
1224 2099 1299 2163 in
1361 2098 1709 2181 Perusio.¹)
1809 2100 2023 2182 Aegre
2088 2100 2287 2184 igitur
2350 2101 2642 2175 accessit,
2710 2121 2784 2163 eo
2848 2100 2954 2162 veI

645 2197 848 2281 magis
893 2196 1061 2281 quod
1108 2198 1247 2279 jam
1302 2196 1561 2260 evidens
1610 2202 1806 2270 esset,
1864 2197 2160 2261 Carolum
2214 2197 2286 2260 in
2333 2195 2766 2261 coelestinum
2811 2217 2956 2279 per-

646 2312 952 2377 magnum
998 2314 1291 2357 exercere
1335 2293 1672 2357 influxum.

823 2441 879 2504 7.
940 2439 1123 2505 Fecit
1178 2439 1328 2506 dein
1390 2440 1810 2522 Coelestinus,
1870 2443 1961 2507 ait
2015 2442 2423 2507 Ptolomaeus
2472 2441 2805 2512 Lucensis,
2866 2438 2961 2504 ad

638 2536 1020 2620 petitionem
1079 2536 1252 2621 reqis
1309 2559 1514 2603 unam
1558 2558 1883 2621 rmaqnam
1940 2538 2416 2604 ordinationem
2477 2536 2960 2603 Cardinalium.

647 2635 993 2699 Duodecim
1027 2636 1322 2701 videlicet
1365 2637 1604 2700 creavit
1637 2636 2030 2712 Cardinales,
2078 2658 2156 2700 ex
2203 2636 2430 2720 quibus
2475 2641 2718 2719 septem
2763 2642 2961 2697 erant,

648 2731 840 2809 Galli,
887 2736 954 2796 et
999 2731 1120 2796 duo
1168 2733 1463 2799 monachi
1509 2733 1814 2796 eremitae
1862 2732 2396 2818 Congregationis
2445 2754 2619 2796 suae.
2714 2731 2959 2815 Aeger-

645 2830 805 2893 rime
868 2833 1084 2893 autem
1153 2831 1447 2894 tulerunt
1508 2829 1912 2905 Cardinales‚
1981 2830 2171 2912 quod·
2218 2829 2396 2892 nullo
2460 2829 2646 2893 modo
2706 2828 2827 2898 hac
2881 2827 2948 2889 in

648 2948 714 2990 re
778 2926 1043 2989 consilia
1105 2948 1319 2990 eorum
1388 2927 1605 3010 petiit,
1671 2925 1780 2989 sed
1843 2947 1974 2990 rem
2036 2948 2236 3009 usqu-e
2295 2926 2373 2989 ad
2436 2926 2719 3009 vigiliam
2785 2945 2960 2987 crea-

646 3022 843 3086 tionis
902 3023 1154 3087 celavit.
1246 3023 1529 3099 Quodam
1589 3045 1739 3087 vero
1790 3021 1890 3085 die
1946 3028 2091 3105 post
2147 3045 2410 3086 coenam
2468 3024 2607 3086 sine
2662 3022 2792 3084 ritu
2852 3040 2959 3081 so-

647 3120 845 3184 lemni
891 3118 1297 3184 cardinalem
1347 3120 1540 3183 etiam
1566 3194 1571 3198 q
1601 3120 1838 3184 creavit
1883 3119 2198 3183 Joannem
2250 3120 2787 3203 archiepiscopum
2831 3115 2955 3178 Be-

647 3226 1089 3281 neventanum
1146 3217 1266 3299 ipsi
1326 3217 1508 3281 valde
1564 3225 1850 3301 gratum;
1902 3217 2073 3280 unde
2126 3217 2275 3281 talis
2323 3216 2758 3281 Cardinalium
2803 3234 2951 3276 con·

648 3312 859 3378 tentio
906 3323 1128 3378 exorta
1177 3317 1302 3398 est,
1359 3318 1432 3378 ut
1486 3313 2000 3396 archiepiscopus
2055 3314 2374 3397 dignitate
2430 3312 2650 3377 cedere
2700 3313 2959 3373 coactus

649 3410 761 3487 sit,
827 3432 957 3493 qua
1018 3416 1243 3493 postea
1306 3414 1382 3474 e‘x
1449 3411 1719 3493 antiqno
1779 3409 1908 3472 ritu
1967 3410 2242 3474 donatus
2298 3415 2413 3473 est.
2480 3445 2562 3453 —-
2626 3405 2961 3471 Monachis

650 3507 1144 3587 Cassinensibus
1202 3512 1268 3571 et
1322 3508 1620 3571 habitum
1690 3506 2057 3570 cinericium
2124 3512 2190 3570 et
2251 3507 2505 3592 regulas
2570 3526 2723 3569 suae
2785 3500 2961 3568 Con-

649 3603 1046 3688 gregationis
1089 3603 1509 3668 'Coelestinus
1567 3604 2001 3687 praescripsit3
2073 3604 2479 3689 rigidioribus
2540 3607 2754 3667 autem
2812 3599 2965 3682 qui-—

649 3700 917 3764 busdam
981 3699 1420 3765 Franciscanis
1486 3701 1806 3784 permisit,
1872 3706 1945 3764 ut
2013 3723 2051 3764 a
2117 3702 2381 3765 caeteris
2451 3724 2517 3765 se
2586 3701 2956 3782 separarent

651 3803 718 3861 et
779 3798 1168 3880 peculiarem
1223 3797 1803 3882 Congregationem
1873 3797 1994 3861 sub
2065 3798 2324 3862 nomine
2385 3819 2736 3882 pauperum
2800 3794 2966 3858 Ere-

651 3894 951 3959 mitarum
997 3895 1482 3957 constituerent.
1549 3929 1623 3938 —
1689 3894 2058 3978 Assumpsit
2104 3916 2253 3959 vero
2308 3894 2682 3959 secretarios
2736 3893 2965 3968 laicos,

835 4143 879 4208 ²).
909 4143 977 4196 H.
1015 4142 1076 4195 Ε.
1114 4142 1175 4197 L.
1214 4141 1411 4198 XXIV.
1453 4158 1496 4195 c.
1534 4145 1604 4196 28
1644 4158 1758 4211 sqq.
1799 4174 1867 4183 —
1891 4144 1956 4199 V.
1995 4145 2261 4213 Raynald.
2302 4145 2369 4198 ad
2407 4161 2454 4196 a.
2496 4146 2649 4196 1294.
