3281 5014
1222 479 1537 535 Alexander
1560 480 1658 534 VI.
2496 487 2600 538 447

288 616 483 681 Petro
543 638 837 684 concessa
892 618 968 684 de
1013 618 1416 700 civitatibus,
1474 622 1735 703 castris,
1795 621 1948 688 locis
1958 673 1976 704 ,
2034 622 2232 688 terris
2282 628 2345 689 et
2397 625 2600 690 domi-

286 713 420 778 niis
463 714 857 796 infidelium,
916 736 1081 798 quae
1140 715 1260 781 tibi
1305 716 1668 799 ditionique
1715 722 1865 784 tuae
1909 719 2171 802 subjici,
2229 724 2290 784 et
2332 740 2496 803 quae
2542 726 2600 786 te

284 808 358 874 in
405 809 741 876 dominum
799 820 1173 895 coquoscere‘
1213 833 1326 879 seu
1373 813 1698 880 tributum
1752 814 1993 880 solvere
2038 814 2193 880 velle
2238 817 2596 899 coutiqerit,

350 956 364 972 .
414 957 427 972 .
478 911 694 972 tenore
730 909 1182 992 praesentium
1227 908 1640 991 investimuS,
1698 910 1940 994 illaque
1994 910 2115 977 tibi
2159 911 2353 977 libere
2398 913 2595 978 dona-

285 1023 458 1084 mus,
515 1006 918 1072 concedimus
962 1010 1024 1071 et
1067 1006 1513 1090 assiquamuS,
1571 1026 1647 1072 ac
1699 1006 1819 1073 illa
1869 1006 2294 1091 conquirendi
2336 1008 2597 1092 plenam

284 1104 345 1164 et
408 1101 678 1168 liberam
735 1104 1120 1186 facultatem
1181 1103 1559 1186 elaryimur.
1576 1102 1626 1185 1)
1734 1105 1857 1170 Hic
1919 1106 2123 1190 igitur
2192 1109 2596 1190 supponitur,

283 1199 453 1282 quod
501 1201 600 1264 vel
643 1203 793 1286 jure
839 1202 991 1266 belli
1042 1201 1347 1286 legitimi,
1400 1204 1505 1266 vel
1552 1201 1921 1280 deditionis,
1982 1204 2082 1268 vel
2130 1226 2208 1268 ex
2255 1204 2380 1268 alio
2419 1206 2597 1287 justo

284 1296 477 1361 titulo
524 1297 872 1363 dominium
923 1299 991 1362 in
1038 1299 1149 1362 illa
1197 1319 1396 1382 regna
1443 1299 1715 1384 illosque
1764 1300 2029 1384 populos
2076 1302 2464 1384 acquiratur.

460 1445 563 1511 56.
635 1446 771 1550 Nec
837 1447 987 1510 inde
1056 1447 1326 1523 inferaS,
1401 1448 1701 1529 inutilem
1775 1447 1970 1512 fuisse
2040 1450 2235 1513 talem
2303 1449 2596 1515 donatio-

284 1564 452 1623 nem,
499 1565 665 1626 quae
701 1544 839 1627 jam
886 1543 1374 1627 acquisitionem
1426 1565 1504 1607 ex
1552 1545 1678 1608 alio
1724 1544 1919 1607 titulo
1965 1545 2287 1628 supponit.
2380 1544 2596 1610 Inter-

283 1640 585 1703 veniente
636 1639 935 1704 videlicet
980 1640 1098 1703 tali
1137 1638 1472 1704 Pontificis
1529 1640 1992 1724 approbatione
2049 1648 2115 1705 et
2171 1643 2594 1724 concessione,

282 1742 423 1800 tota
473 1737 744 1802 societas
808 1736 1157 1802 christiana
1213 1736 1372 1800 illud
1430 1737 1781 1801 dominium
1835 1736 2115 1802 ‘habebat
2169 1744 2242 1800 ut
2293 1737 2593 1819 validuffl-¹

273 1835 410 1916 jam
453 1834 563 1897 alii
611 1834 929 1916 principes
985 1855 1091 1897 eas
1141 1838 1346 1897 terras
1401 1854 1757 1923 occup—je
1766 1855 1897 1897 non
1952 1837 2286 1916 poterant,
2340 1839 2405 1899 et
2450 1857 2593 1918 pos·
2684 1884 2687 1885 ν

282 1931 479 1994 sessio
478 1910 942 1995 *auctoritate
1011 1930 1342 2014 pontificia
1408 1934 1636 1993 contra
1704 1929 1921 1994 hostes
1990 1932 2284 1995 internos
2352 1937 2418 1995 et
2482 1953 2589 1995 ex·
2634 1968 2660 1996 t

280 2032 499 2092 ternos
559 2027 1021 2113 vindicabatur.
1140 2025 1246 2091 Sic
1304 2049 1359 2090 v.
1409 2048 1468 2112 g.
1528 2049 1725 2112 quum
1789 2026 2135 2111 aliquando
2204 2048 2399 2091 naves
2456 2028 2590 2091 An·

278 2126 527 2208 glorum
570 2108 820 2207 aliquot
865 2122 942 2187 ad
989 2145 1131 2187 oras
1163 2121 1424 2187 Africae
1468 2125 1891 2207 appellerent,
1937 2144 2208 2207 quarum
2242 2114 2590 2188 dominium

284 2220 610 2285 Lusitanis
677 2242 715 2284 a
783 2217 1049 2283 Nicolao
1095 2216 1173 2282 V.
1239 2240 1609 2284 concessum
1679 2222 1847 2300 erat,
1917 2217 2205 2283 Joannes
2259 2218 2341 2282 Π.
2408 2219 2590 2284 Lusi-

277 2319 495 2382 taniae
560 2339 671 2381 rex
739 2317 974 2380 litteris
1037 2316 1293 2379 monuit
1357 2314 1721 2380 Eduardum
1774 2314 1892 2380 IV.
1953 2315 2032 2379 de
2094 2315 2332 2381 violato
2396 2316 2592 2380 domi·

277 2414 413 2491 nio,
488 2414 677 2498 idque
737 2413 893 2477 satis
955 2416 1122 2488 erat,
1193 2416 1267 2475 ut
1318 2410 1518 2497 Angli
1583 2433 1621 2474 a
1682 2411 1923 2495 coeptis
1986 2409 2448 2490 desisterent.²)
2514 2450 2587 2458 —

277 2512 509 2577 Merito
564 2533 752 2596 porro
798 2509 1181 2574 Pontificem
1238 2510 1556 2593 principes
1604 2507 1907 2575 Castiliae
1967 2517 2033 2573 et
2091 2506 2467 2574 Lusitaniae
2521 2512 2586 2575 in

277 2610 588 2674 arbitrum
661 2609 1025 2691 elegerant,
1102 2609 1168 2670 et
1236 2605 1387 2670 dum
1458 2605 1630 2671 linea
1701 2606 1895 2670 ducta
1962 2606 2275 2671 terminos
2346 2607 2589 2692 figeret,

277 2707 389 2792 qui
450 2706 785 2789 praecipue
838 2724 1092 2767 cursum
1157 2703 1416 2767 navium
1480 2703 1836 2788 dirigerent
1898 2702 1978 2766 ad
2043 2724 2241 2767 novas
2302 2705 2590 2788 regiones

275 2804 723 2885 inveniendas,
781 2802 1098 2865 rationem
1152 2800 1538 2885 sequebatur
1590 2798 1969 2884 aequitatiS,
2030 2801 2304 2865 attentis
2360 2821 2589 2884 expen-

274 2903 361 2966 sis
420 2922 585 2985 quae
641 2922 678 2963 a
732 2898 1125 2982 principibus
1181 2898 1311 2962 illis
1368 2899 1576 2963 factae
1632 2901 1839 2960 erant.
1933 2895 2183 2959 Titulos
2238 2901 2454 2962 autem
2510 2918 2586 2961 ex

274 2998 503 3083 quibus
567 2996 964 3080 principibus
1032 2995 1252 3059 liceret
1319 3001 1525 3058 terras
1593 2994 1897 3057 inventas
1962 2992 2063 3056 vel
2130 2995 2401 3076 populos
2465 2994 2586 3058 sibi

273 3095 587 3179 subjicere
652 3115 785 3157 non
850 3091 1323 3155 determinabat
1390 3089 1726 3166 Pontifex,
1795 3088 1905 3152 sed
1960 3089 2095 3172 juri
2170 3090 2450 3153 naturali
2523 3094 2589 3154 et

275 3192 528 3275 publico
583 3192 708 3255 ista
757 3188 1050 3271 quaestio
1108 3193 1431 3251 reservata
1489 3189 1650 3250 erat.
1740 3183 1973 3249 Variae
2030 3191 2202 3249 certe
2257 3192 2323 3249 et
2370 3187 2586 3250 multi·

274 3291 466 3373 plices
528 3287 841 3360 rationeS,
911 3285 1007 3347 uti
1068 3282 1311 3366 primae
1373 3282 1838 3366 occupationiS,
1898 3282 2117 3365 justae
2179 3281 2588 3365 defensionis,

273 3386 510 3450 liberae
577 3382 1032 3466 subject-ionia,
1110 3379 1329 3445 adesse
1398 3382 1739 3463 poterant,
1815 3399 1891 3442 ex
1962 3377 2190 3461 quibus
2268 3380 2584 3462 possessio

272 3482 492 3566 aliqua
538 3478 1004 3563 acquirebatur.
1089 3476 1211 3541 Vel
1259 3477 1432 3559 ipsae
1480 3476 1652 3559 leges
1699 3473 2050 3558 Hispaniae
2097 3495 2211 3556 per
2255 3496 2321 3539 se
2370 3474 2584 3539 India·

271 3601 390 3644 nos
435 3578 690 3654 liberOS,
738 3597 867 3639 non
909 3597 1061 3638 vero
1106 3573 1426 3655 subjectos
1472 3594 1608 3636 esse
1648 3576 2041 3654 supponunt,
2089 3593 2356 3655 eamque
2398 3573 2584 3636 liber·

272 3683 477 3741 tatem
537 3673 770 3737 Paulus
827 3671 943 3736 III.
1000 3696 1057 3735 a.
1111 3669 1276 3734 1537
1337 3669 1573 3751 duplici
1618 3666 1812 3731 Brevi
1868 3665 2240 3746 (Pastorale
2296 3666 2582 3749 officium

272 3773 330 3838 d.
379 3772 437 3837 d.
488 3768 602 3834 23⁰
649 3770 802 3852 Maji
858 3778 922 3832 et
983 3765 1233 3830 Veritas
1278 3765 1427 3847 ipsa
1481 3766 1539 3829 d.
1589 3765 1647 3829 d.
1699 3762 1770 3827 2⁰
1813 3763 2018 3841 Junii)
2082 3766 2158 3828 iis
2218 3766 2580 3843 vindicavit,

273 3869 450 3933 nullo
497 3869 681 3931 modo
729 3866 1134 3941 existimans,
1191 3885 1257 3927 se
1301 3861 1530 3927 Bullae
1576 3860 1935 3926 Alexandri
1965 3860 2079 3925 VI.
2130 3862 2578 3928 contradicere.

454 4119 493 4184 ¹)
530 4120 630 4186 Ap.
668 4118 933 4186 Raynald.
974 4135 1020 4170 a.
1068 4120 1201 4173 1497
1239 4135 1289 4171 n.
1332 4119 1417 4170 33.

449 4198 495 4268 2)
530 4199 596 4254 V.
637 4198 841 4253 Civilta
879 4204 1012 4254 catt.
1052 4215 1100 4253 a.
1141 4200 1277 4253 1865
1319 4214 1370 4251 v.
1413 4200 1458 4251 1.
1495 4212 1546 4262 p.
1585 4200 1706 4251 673.

376 4293 639 4345 Jungmann‚
672 4295 1024 4336 Dissertationes.
1052 4293 1172 4335 Tom.
1204 4293 1284 4334 VI.
2299 4286 2367 4336 29
