3281 5014
663 459 764 510 132
1114 457 1313 511 XXXI.
1351 456 1434 512 De
1469 456 1769 511 abolitione
1806 457 2025 511 Ordinis
2064 457 2506 524 Templariorum.

658 619 800 662 mus
865 598 1094 682 Tyrius
1161 600 1414 683 saepius
1478 599 1872 683 Templarios
1940 599 2174 664 acriter
2242 599 2671 683 reprehendit.
2786 598 2968 664 Inter

658 692 788 757 alia
856 694 1085 770 refert,
1153 693 1657 761 Nasireddinum
1722 694 2050 758 sultanum
2121 717 2178 759 a.
2242 694 2409 758 1155
2479 718 2517 759 a
2582 695 2965 779 Templariis

658 795 914 873 captum
970 791 1245 856 voluisse
1298 793 1714 857 christianam
1769 791 2087 874 suscipere
2141 790 2361 868 fidem,
2416 792 2523 856 sed
2580 793 2736 856 istos
2781 793 2965 855 illum

658 887 869 969 pretio
928 888 1262 972 sexaginta
1320 888 1588 953 millium
1649 909 1986 953 aureorum
2033 887 2403 973 AegyptiiS,
2467 911 2609 954 eum
2666 887 2746 951 ad
2803 910 2966 952 mor·

656 987 789 1046 tem
837 984 1327 1067 postulantibus,
1393 985 1785 1062 vendidisse,
1845 984 1957 1068 qui
2005 1006 2147 1049 eum
2203 985 2575 1050 mordicitus
2621 985 2964 1068 decerpen-

656 1084 756 1144 tes
801 1080 866 1143 in
926 1081 1135 1145 frusta
1191 1082 1623 1147 minutissima
1680 1079 2177 1164 conciderunt.¹)
2269 1082 2375 1145 Ab
2428 1105 2602 1147 anno
2663 1082 2830 1146 1170
2885 1081 2963 1145 ad

658 1197 714 1241 a.
770 1176 936 1240 1179
993 1175 1220 1242 Ordini
1280 1179 1563 1261 praefuit
1619 1176 1758 1243 Odo
1815 1177 1892 1241 de
1949 1175 2013 1244 S.
2069 1177 2383 1243 Amando.
2484 1178 2623 1255 Quo
2676 1185 2964 1262 tempore

659 1294 697 1335 a
753 1272 1115 1357 Templario
1172 1272 1482 1339 Gualtero
1553 1274 1865 1339 invidiose
1931 1275 2327 1358 interceptus
2399 1280 2465 1339 et
2530 1276 2769 1340 occisus
2838 1275 2963 1338 fuit

658 1368 927 1433 nuntius
984 1370 1288 1454 principis
1333 1371 1848 1453 Assassinorum‚
1910 1372 2022 1455 qui
2076 1371 2408 1435 dicebatur
2461 1376 2770 1436 tractasse
2821 1393 2964 1435 cum

657 1484 808 1548 rege
865 1465 1452 1549 Hierosolymarum
1500 1467 1852 1543 Almarico,
1908 1474 1981 1531 ut
2038 1467 2330 1551 princeps
2385 1468 2494 1532 ille
2550 1468 2965 1532 christianam

656 1563 1066 1644 profiteretur
1108 1563 1505 1648 religionem.
1582 1563 1659 1628 In
1705 1564 2130 1647 suspicionem
2177 1568 2391 1629 autem
2424 1569 2743 1628 venerunt
2775 1564 2963 1628 Tem-

657 1658 864 1741 plarii,
926 1660 1009 1723 ab
1068 1661 1225 1744 ipsis
1285 1661 1596 1745 ejusmodi
1657 1661 1897 1724 crimen
1955 1664 2286 1744 patratum
2343 1661 2544 1725 fuisse
2607 1665 2681 1726 ut
2731 1659 2797 1725 id
2851 1661 2965 1724 im-

657 1755 982 1838 pedirent,
1046 1778 1129 1821 ne
1186 1756 1640 1821 fraudarentur
1693 1757 1940 1821 tributo
1991 1779 2208 1822 annuo
2263 1758 2359 1822 bis
2412 1758 2587 1822 mille
2634 1780 2965 1822 aureorum

657 1854 735 1917 ab
799 1853 1151 1918 Assassinis
1216 1850 1505 1936 solut0.²)
1622 1855 1818 1917 Anno
1885 1854 2053 1918 1179
2122 1855 2559 1919 infelicissimo
2616 1855 2855 1937 praelio
2927 1876 2965 1917 a

657 1949 1039 2013 Christianis
1115 1964 1258 2015 cum
1336 1949 1643 2014 Saladino
1717 1951 2084 2033 commisso,
2169 1954 2440 2034 „captus
2513 1955 2607 2015 est
2683 1950 2816 2014 Odo
2889 1950 2965 2014 de

658 2042 723 2109 S.
772 2043 1102 2125 Amand0‚
1157 2043 1344 2110 homo
1395 2065 1703 2127 nequam,
1759 2044 2075 2127 superbus
2129 2050 2191 2109 et
2242 2066 2593 2129 arroyans,
2655 2046 2963 2129 spiritum

652 2139 909 2223 furoris
969 2139 1211 2205 habens
1262 2141 1336 2207 in
1392 2142 1671 2208 naribus
1727 2141 1900 2221 suis,
1964 2161 2079 2207 nec
2125 2142 2342 2206 Deum
2397 2142 2658 2223 timens,
2718 2163 2833 2207 nec
2878 2142 2964 2206 ad

654 2235 945 2302 homines
989 2237 1230 2303 habens
1283 2238 1730 2303 reverentiam.
1831 2237 1963 2302 Hic
2002 2237 2206 2320 juxta
2262 2237 2617 2304 multorum
2661 2238 2959 2303 assertio·

518 2401 529 2406 ,
655 2353 802 2398 nem
866 2334 1095 2399 damni
1155 2334 1474 2417 praedicti
1538 2339 1600 2400 et
1644 2334 1951 2417 perennis
1986 2334 2221 2416 probri
2265 2335 2655 2399 occasionem
2718 2334 2962 2400 dieitur

325 2539 430 2583 Gul.
455 2541 634 2595 Tyrius.

655 2429 936 2511 dedisse,·
989 2430 1105 2514 qui
1149 2431 1362 2496 eodem
1406 2452 1581 2497 anno
1629 2453 1754 2514 quo
1800 2436 2028 2514 captus
2073 2436 2167 2495 est
2209 2431 2284 2496 in
2340 2431 2621 2496 vinculis
2665 2436 2727 2496 et
2770 2451 2959 2514 squa-

657 2527 787 2592 lore
833 2528 1113 2594 carceris
1141 2527 1337 2594 milli
1394 2529 1712 2613 lugendus
1768 2527 2014 2595 dicitur
2070 2529 2425 2613 obiisse.“·⁰’)
2515 2530 2675 2595 Erat
2720 2529 2958 2595 Guliel-

654 2647 798 2689 mus
844 2625 1075 2709 Tyrius
1128 2629 1401 2712 scriptor
1446 2649 1749 2702 coaevus;
1803 2628 2014 2691 finivit
2068 2628 2240 2691 enim
2298 2650 2354 2690 a.
2408 2626 2577 2690 1184
2628 2626 2959 2691 historiam

653 2742 853 2786 suam.
956 2723 1438 2799 Institutionem
1504 2723 1764 2789 Ordinis
1825 2723 2333 2806 Templariorum
2397 2745 2670 2788 narrans
2729 2725 2824 2788 ita
2883 2725 2962 2788 de

654 2819 732 2882 iis
780 2819 1063 2901 judicat:
1120 2818 1297 2899 „Qui
1343 2840 1486 2885 cum
1544 2819 1662 2884 diu
1721 2818 1795 2883 in
1852 2818 2113 2883 honesto
2167 2839 2233 2883 se
2283 2824 2765 2884 conservassent
2805 2840 2960 2902 pro·

642 2912 859 2998 posito
909 2915 1303 2997 professioni
1359 2936 1517 2982 suae
1568 2914 1733 2980 satis
1776 2915 2140 2997 prudenter
2192 2915 2697 2998 satisfacientes,
2753 2915 2960 2998 neqle·

652 3015 757 3076 cta
801 3010 1200 3090 humilitate,
1260 3033 1425 3095 quae
1469 3012 1760 3078 omnium
1818 3010 2141 3077 virtutum
2196 3016 2408 3077 custos
2461 3033 2592 3077 esse
2645 3011 2961 3095 diqnosci-

653 3112 768 3174 tur
812 3111 873 3187 et
916 3106 991 3173 in
1037 3107 1168 3173 imo
1214 3113 1438 3191 sponte
1483 3108 1705 3173 sedens
1751 3128 1881 3172 non
1926 3106 2116 3172 habet
2146 3109 2317 3174 unde
2362 3128 2583 3175 casum
2613 3113 2959 3189 mereatur,

582 3248 583 3251 κ
652 3204 912 3269 domino
968 3204 1405 3270 Patriarchae
1456 3204 2081 3286 HierosolymitanO,
2144 3225 2186 3271 a
2242 3225 2365 3287 quo
2420 3210 2482 3270 et
2530 3204 2799 3270 Ordinis
2855 3204 2957 3270 in-

652 3299 1056 3366 stitutionem
1102 3305 1163 3365 et
1206 3300 1435 3383 prima
1491 3299 1793 3381 beneficia
1847 3307 2292 3385 susceperunt,
2349 3322 2415 3366 se
2468 3301 2957 3380 subtraxerunt,

650 3396 1078 3462 obedientiam
1125 3396 1202 3477 ei,
1250 3416 1446 3478 quam
1479 3417 1703 3462 eorum
1737 3397 2258 3479 praedecessores
2295 3397 2498 3463 eidem
2528 3396 2960 3462 exhibuerant

648 3493 1070 3577 deneyantes;
1115 3493 1224 3558 sed
1268 3497 1330 3558 et
1374 3492 1655 3557 ecclesiis
1692 3493 1824 3558 Dei
1868 3493 1961 3558 eis
2005 3494 2283 3559 decimas
2326 3499 2388 3559 et
2422 3493 2766 3577 primitias
2808 3493 2957 3560 sub-

652 3589 1010 3669 trahentes,
1068 3595 1131 3654 et
1174 3610 1396 3656 eorum
1440 3588 1721 3654 indebite
1766 3591 2230 3672 perturbantes
2275 3590 2738 3674 possessiones,
2791 3591 2960 3674 facti

646 3692 807 3751 sunt
865 3686 1049 3751 valde
1108 3686 1430 3770 molesti.⁴)
1521 3687 1701 3752 Haec
1761 3694 1977 3753 tamen
2027 3688 2285 3753 duriora
2342 3688 2511 3753 forte
2567 3694 2745 3766 sunt,
2807 3689 2961 3773 quia

819 3945 871 4055 ζ)
912 3944 985 4035 Θ..
1014 3945 1141 4012 Tyr.
1184 3944 1245 3998 L.
1286 3944 1493 3998 XVIII.
1532 3961 1576 3999 c.
1615 3948 1665 3999 9.

823 4031 871 4162 ιζ
904 4024 1042 4156 Ῑιίξξέῑ
1080 4024 1355 4156 {w

822 4182 873 4248 ⁴)
910 4182 1046 4236 Ibid.
1085 4182 1121 4235 1.
1160 4182 1286 4235 XII.
1325 4198 1369 4236 c.
1410 4185 1459 4234 7.
