3281 5014
1047 412 1132 467 De
1168 411 1330 465 Bulla
1377 411 1555 466 Unam
1590 410 1861 466 Sanctam.
2536 415 2603 469 69

289 550 578 617 Patrum
621 551 964 631 instituta,
1018 556 1080 616 et
1124 551 1470 618 canonicas
1524 556 1585 616 et
1639 551 1963 635 legitimas
2018 551 2383 618 sanctiones
2425 573 2604 635 opem

287 647 455 713 dare
522 652 584 712 et
651 669 913 731 operam
977 647 1279 731 efficaces.
1403 647 1555 714 Non
1629 647 2035 714 intendentes
2101 669 2354 730 quoquo
2420 648 2604 714 modo

280 747 546 828 partem
591 745 666 810 in
711 744 826 809 hoc
875 743 1129 828 ‘neyotio
1169 745 1415 827 facere,
1473 765 1589 809 seu
1643 744 2162 827 quibuscumque
2190 750 2454 828 partem
2504 748 2605 829 fa·

290 840 613 906 cientibus
670 841 1037 907 adhaerere.
1095 879 1174 886 ——
1239 841 1680 908 Nihilominus
1733 848 1808 907 ut
1853 865 1923 907 se
1968 840 2242 929 suasque
2288 846 2605 922 ecclesiam,

293 940 605 1022 parochos
653 944 719 1004 et
763 939 1049 1005 subditos
1096 944 1321 1005 contra
1351 938 1668 1018 Bonifatii
1714 941 2081 1005 molitiones
2125 943 2447 1021 muniant,
2488 964 2605 1026 pro

287 1057 360 1099 se
407 1058 482 1100 ac
525 1036 680 1113 illis,
736 1037 987 1120 sibique
1031 1035 1532 1100 adhaerentibus
1579 1040 1645 1100 et
1691 1036 2038 1101 adhaerere
2080 1037 2473 1116 volentibus,
2516 1036 2607 1102 ‚ad

277 1130 699 1214 praedictum
749 1129 1108 1197 Concilium
1162 1131 1715 1217 οοιιῃνεραηᾱαιη,
1771 1136 1833 1196 et
1886 1131 1971 1198 ad
2023 1132 2335 1214 futurum
2379 1154 2605 1199 verum

290 1232 352 1292 et
401 1227 762 1312 leqitimum
815 1248 1141 1294 summum
1189 1226 1594 1309 Pontificem,
1652 1233 1713 1293 et
1756 1229 1844 1294 ad
1893 1228 2082 1295 illum
2137 1230 2235 1295 vel
2287 1230 2460 1311 illos,
2519 1231 2605 1296 ad

289 1345 480 1406 quem
529 1325 626 1390 vel
671 1324 758 1390 ad
813 1346 972 1407 quos
1016 1325 1092 1389 de
1134 1326 1295 1409 jure
1336 1324 1545 1430 fuerit
1591 1326 2077 1409 appellandum,
2135 1334 2488 1411 provocant
2536 1336 2604 1394 et

290 1424 628 1506 appellant
673 1424 740 1486 in
787 1424 1041 1508 scripte.
1049 1419 1100 1508 ι)

474 1554 575 1618 74.
635 1552 764 1631 Ubi
807 1554 936 1619 ista
989 1556 1292 1639 cognovit
1335 1554 1698 1621 Bonifatius
1749 1556 1957 1640 Papa,
2012 1558 2115 1622 die
2165 1556 2277 1622 15⁰
2321 1559 2788 1645 Augustimtima
2809 1568 2934 1610 Boni·

291 1653 362 1716 in
410 1650 847 1716 cardinalium
910 1649 1286 1716 consistorio
1346 1652 1687 1736 Anagniae
1747 1652 1999 1730 habito,
2062 1655 2333 1719 solemni
2392 1678 2603 1722 sacra·
2651 1629 2747 1670 sam
2733 1632 2910 1681 3²⁶³

294 1753 517 1814 mento
571 1769 639 1811 se
696 1748 777 1811 ab
833 1747 1067 1812 affictis
1106 1747 1242 1811 sibi
1291 1748 1678 1814 criminibus>
1724 1751 2050 1832 purgavit,
2109 1753 2600 1834 appellationem

289 1847 671 1911 conventus
712 1842 1092 1908 Parisiensis
1147 1844 1387 1908 nullius
1442 1865 1583 1910 esse
1642 1845 1878 1909 valoris
1935 1846 2310 1930 declaravit,
2371 1850 2604 1914 varias·

289 1965 417 2028 que
465 1939 665 2005 edidit
711 1939 1260 2018 Constitutiones‚
1322 1948 1399 2006 ut
1452 1946 1681 2007 contra
1738 1943 2007 2026 impium
2061 1965 2278 2029 regem
2323 1945 2606 2030 dignita-

292 2047 423 2106 tem
472 2045 542 2103 et
571 2038 727 2122 jura
771 2035 951 2100 Sedis
997 2037 1409 2120 Apostolicae
1462 2039 1835 2103 vindicaret.
1929 2039 2333 2106 calumniam
2388 2042 2605 2108 haere-

291 2138 384 2203 sis
444 2134 786 2219 praecipue
846 2134 917 2197 in
973 2133 1181 2198 edicto
1233 2131 1463 2216 Nuper
1520 2133 1608 2199 ad
1665 2133 2098 2214 audientiam,
2160 2159 2400 2222 magna
2459 2162 2601 2204 cum

290 2231 746 2318 indignatione
803 2230 1076 2312 repellit.
1184 2228 1312 2294 Sed
1369 2229 1513 2310 ubi,
1575 2233 1819 2316 inquit,
1877 2231 2181 2297 auditum
2240 2252 2282 2297 a
2334 2234 2604 2309 saeculo

294 2328 469 2411 quod
513 2330 836 2397 haeretica
876 2327 1219 2412 fiicrimus
1274 2325 1415 2392 labe
1470 2327 1803 2410 respersi?
1892 2327 2055 2408 Quis
2109 2329 2345 2396 nedum
2386 2330 2463 2395 de
2508 2353 2605 2396 co-

290 2426 606 2511 ynatione
649 2432 895 2505 nostra,
948 2425 1080 2492 imo
1125 2425 1202 2488 de
1249 2428 1386 2490 tota
1435 2423 1801 2506 Campania
1845 2425 2018 2491 unde
2063 2425 2378 2510 oriyinem
2424 2427 2606 2492 duci-

295 2546 471 2604 muS,
528 2529 803 2592 notatur
845 2526 961 2590 hoc
1014 2520 1388 2601 nomineff)
1482 2521 1874 2605 Praeparata
1929 2523 2077 2588 dein
2126 2532 2219 2603 et,
2280 2529 2355 2589 ut
2401 2526 2607 2609 publi·

291 2632 554 2689 caretur
597 2624 698 2689 die
747 2622 817 2688 8⁰
862 2622 1287 2707 Septembris,
1344 2618 1537 2684 Bulla
1582 2617 1800 2700 Super
1844 2617 2029 2683 Petri
2080 2620 2266 2700 solia,
2319 2644 2448 2707 qua
2492 2645 2606 2687 rex

291 2722 745 2786 communione
792 2721 1113 2785 Ecclesiae
1160 2724 1228 2783 et-
1271 2737 1473 2801 regno
1517 2717 1894 2801 privabatur
1935 2725 2001 2782 et
2058 2719 2300 2783 subditi
2358 2743 2396 2784 a
2449 2720 2607 2786 fide·

296 2817 503 2883 litatis
539 2818 920 2901 juramento
977 2809 1473 2887 solvebantur.³)
1561 2812 1687 2877 Sed
1742 2819 1924 2889 ante,
1984 2836 2177 2899 quam
2225 2814 2417 2880 Bulla
2461 2839 2609 2900 pro·

292 2915 718 2997 mulgaretur‚
767 2912 1133 2978 Bonifatius
1179 2912 1245 2976 in
1297 2932 1525 2974 manus
1572 2909 1853 2975 hostium
1898 2910 2142 2975 incidit.

477 3045 581 3111 75
639 3044 778 3109 Rex
837 3044 1006 3109 enim
1058 3045 1207 3128 jamss
1242 3064 1468 3106 iriense
1508 3041 1717 3125 Aprili
1744 3038 2607 3127 -Gulielmum-Nogaretum
2671 3085 2706 3133 χ

293 3164 440 3207 cum
499 3140 754 3206 Sciarra
796 3140 1112 3206 Columna
1164 3140 1234 3203 in
1289 3137 1544 3203 Italiam
1599 3138 1891 3215 miserat,
1953 3143 2030 3202 ut
2086 3136 2401 3205 Bonifatii
2456 3162 2603 3205 con·

290 3238 440 3301 silia
505 3238 690 3302 irrita
756 3237 1113 3330 redderent.
1212 3235 1317 3299 Illi
1386 3234 1654 3300 collecta
1721 3234 2260 3300 conductitiorum
2331 3236 2608 3302 militum

297 3356 515 3412 manu,
553 3314 666 3399 die
670 3318 770 3397 '7⁰
801 3327 1196 3417 Septembris
1225 3333 1590 3416 Anagniam
1631 3332 1926 3415 ingressi,
1976 3331 2041 3396 in
2092 3333 2405 3415 palatium
2436 3332 2607 3398 Pon·

290 3432 485 3496 tificis
551 3432 926 3515 irruperunt
993 3433 1060 3494 et
1120 3427 1517 3493 Bonifatium
1588 3429 1657 3492 in
1719 3450 1793 3492 eo
1858 3429 2181 3526 captivum
2250 3434 2606 3495 tenuerunt

295 3528 685 3620 multisque
715 3528 979 3610 affecere
1044 3526 1367 3591 conviciis.
1482 3521 1758 3609 Insigni
1802 3517 2054 3590 ratione
2119 3547 2192 3590 ac
2259 3525 2607 3591 fortissimo

293 3609 533 3689 31ιῖἶᾶ
561 3607 866 3689 Pontifex
912 3626 980 3687 in
1037 3625 1178 3687 istis
1225 3622 1543 3706 angustiis
1599 3644 1781 3686 suam
1827 3621 2209 3705 dignitatem
2268 3627 2334 3688 et
2387 3626 2607 3689 aucto·

295 3722 555 3786 ritatem
608 3722 813 3786 tuitus
868 3727 984 3787 est.
1042 3756 1124 3765 —
1189 3715 1428 3784 Triduo
1485 3722 1631 3808 post
1682 3723 1900 3783 tamen
1950 3716 2313 3814 Bonifatius
2346 3719 2527 3786 VIII.
2570 3744 2606 3786 a

291 3818 540 3883 civibus
608 3818 943 3916 Anagniae
1008 3839 1084 3881 ex
1145 3817 1399 3882 illorum
1464 3816 1763 3880 manibus
1825 3816 2136 3911 liberatus
2198 3811 2274 3881 ac
2337 3816 2604 3883 Romam

477 3992 519 4059 ¹)
556 3990 624 4043 V.
663 3990 848 4045 Natal.
886 3991 1043 4044 Alex.
1078 3989 1225 4044 Diae.
1264 3988 1357 4044 cit.
1395 3996 1504 4045 art.
1541 3992 1592 4043 4.

475 4070 521 4138 ²)
558 4069 625 4124 V.
662 4070 930 4137 Raynald.
969 4070 1038 4123 ad
1076 4086 1124 4124 a.
1169 4071 1319 4123 1303.
1356 4085 1446 4124 ιιιι.
1484 4070 1553 4130 36
1590 4085 1706 4138 sqq.
1749 4074 1808 4125 et
1842 4071 1913 4123 ad
1949 4087 1999 4125 a.
2041 4072 2189 4124 1311.
2227 4088 2280 4125 ιι.
2316 4073 2403 4125 40.

476 4149 522 4215 ⁸)
550 4150 661 4218 Ap.
702 4148 975 4216 Raynald.
1013 4150 1083 4203 ad
1118 4165 1167 4203 a.
1209 4151 1341 4202 1311
1383 4164 1435 4202 n.
1473 4152 1558 4202 44.
