3281 5014
1353 467 1612 523 Nicolaus
1640 468 1707 522 V.
2579 472 2684 524 407

375 609 457 673 ad
517 616 789 675 mortem
853 609 1275 689 ducerentur,
1353 610 1450 675 uti
1515 609 1773 675 Romae·
1825 611 1891 674 in
1958 633 2075 676 usu
2145 617 2320 695 erat,
2399 611 2506 675 sed
2563 633 2698 676 non

376 707 647 771 servatis
691 707 899 771 solitis
946 709 1363 772 caeremoniis
1408 708 1721 791 supplicio
1751 708 2184 786 afficerentur,
2235 730 2318 773 ne
2357 730 2524 773 nova
2570 709 2696 771 ori-

376 810 606 868 rentur
667 803 974 886 pericula3
1045 803 1320 887 indeque
1373 805 1584 888 potuit
1643 806 1994 870 malevolus
2055 825 2273 868 rumor
2333 805 2519 879 oriri,
2579 827 2696 870 nec

378 900 798 964 sacramentis
861 907 1014 964 ante
1078 906 1347 966 mortem
1413 923 1519 966 eos
1584 903 1866 966 munitos
1932 923 2084 967 esse.
2200 900 2299 964 Ex
2369 902 2697 965 malevolis

378 998 548 1061 enim
611 996 974 1061 rumoribus
1037 997 1505 1075 multitudiniS,
1578 999 1679 1062 vel
1742 997 2249 1062 adversariorum
2308 995 2694 1062 Pontificum

377 1099 670 1159 auctores
717 1092 923 1157 Diarii
970 1103 1290 1160 venenato
1336 1096 1506 1178 stylo
1552 1095 1757 1159 multa
1804 1095 2163 1179 scripsisse,
2204 1097 2340 1178 jam
2387 1095 2506 1158 viri
2554 1115 2695 1179 gra-

378 1213 488 1254 ves
541 1192 968 1273 conveniunt,
1036 1213 1107 1255 ac
1158 1191 1344 1256 facile
1404 1191 1466 1255 id
1524 1191 1768 1256 videbit
1823 1192 1931 1274 qui
1986 1191 2275 1256 libellum
2333 1192 2528 1257 istum
2583 1192 2693 1255 ali·

378 1292 629 1370 quanto
671 1288 1183 1370 perlustraverit.

557 1437 615 1499 9.
683 1434 891 1510 Quum
956 1435 1024 1497 in
1088 1434 1352 1518 reliquis
1416 1436 1569 1501 felix
1636 1442 1701 1501 et
1764 1441 2031 1519 pacatus
2094 1443 2260 1501 esset
2325 1435 2579 1501 Nicolai
2618 1435 2690 1499 V.
2717 1458 3019 1500 Constantino-

380 1533 825 1616 pontificatus,
886 1531 1060 1596 illam
1116 1531 1280 1596 vidit
1337 1534 1678 1597 maximam
1730 1534 2162 1597 calamitatem
2221 1538 2297 1596 ut
2341 1532 2690 1617 Imperium
2737 1519 2852 1572 ¹³⁰¹⁵⁸
2880 1522 3021 1571 ΜΨ·

381 1629 696 1694 Graecum
744 1650 781 1692 a
827 1627 1070 1707 TurciS‚
1119 1635 1508 1725 expugnata
1513 1628 2127 1724 Constantinopoli,
2174 1629 2466 1693 funditus
2513 1652 2692 1694 ever-

379 1732 648 1791 teretur.
737 1723 1049 1790 Pontifex
1094 1730 1313 1790 tamen
1362 1727 1585 1790 statim
1633 1726 1946 1790 sollicitus
1992 1725 2139 1802 fuit,
2194 1732 2266 1790 ut
2312 1726 2695 1791 christianos

379 1823 694 1907 principes
748 1826 814 1886 et
866 1823 1129 1906 populos
1186 1828 1409 1887 contra
1456 1821 1697 1886 'Furcas
1744 1830 2064 1898 evocaret,
2125 1823 2234 1886 sed
2291 1823 2503 1888 fervor
2549 1823 2696 1887 fidei

380 1921 449 1983 in
497 1920 732 1999 ,multis
795 1920 1159 2001 languerat.
1265 1918 1403 1994 Qua
1465 1919 1542 1982 de
1603 1941 1672 1983 re
1735 1918 2163 1984 Trithemius:
2235 1923 2474 1998 „Anno
2528 1921 2699 1983 1454

380 2016 687 2081 Nicolaus
752 2015 930 2099 Papa
975 2014 1055 2079 V.
1123 2017 1301 2080 misit
1362 2015 1833 2099 praedicatores
1898 2020 1964 2081 et
2022 2017 2290 2082 nuntios
2350 2018 2423 2081 in
2476 2038 2697 2080 omnes

380 2113 716 2178 christiani
778 2112 954 2177 orbis
1009 2114 1337 2188 nationeS,
1395 2114 1507 2196 qui
1568 2113 1921 2195 cruciatum
1983 2119 2048 2178 et
2104 2113 2468 2198 passagium
2523 2136 2699 2196 prae-

380 2211 671 2274 dicarent
739 2210 810 2272 in
876 2207 1141 2273 Turcas.
1245 2198 1618 2273 Venerunt
1655 2210 1830 2273 missi
1895 2210 2169 2293 quilibet
2232 2211 2304 2273 in
2373 2211 2698 2294 regionem

382 2306 506 2371 sibi
566 2329 604 2368 a
675 2305 859 2370 Pont.
924 2305 1098 2372 Max.
1166 2305 1560 2389 delegatam,
1629 2307 2166 2389 praedicaverunt
2237 2328 2520 2383 crucem,
2587 2307 2697 2370 sed

382 2405 629 2488 paucis,
697 2408 772 2466 ut
834 2406 1060 2467 contra
1131 2398 1417 2466 infideles
1477 2408 1848 2488 pugnarent
1911 2409 2027 2467 aut
2091 2404 2396 2486 pecunias
2463 2404 2696 2467 contri·

381 2502 680 2577 buerent,
746 2504 1228 2584 persuaserunt.
1331 2497 1569 2564 Omnes
1633 2501 1807 2564 enim
1868 2521 2035 2584 qnae
2093 2523 2208 2566 sua
2267 2504 2455 2566 erant
2506 2500 2696 2564 nimis

379 2599 563 2663 avide
610 2602 1014 2681 quaerenteS,
1060 2598 1421 2661 communia
1453 2598 1898 2681 neglexerunt.
1978 2599 2219 2664 Eodem
2257 2621 2432 2664 anno
2478 2619 2698 2662 mense

382 2695 649 2760 Octobri
703 2696 880 2759 venit
939 2694 1019 2758 ad
1076 2693 1510 2778 Herbipolim,
1572 2694 1902 2759 civitatem
1961 2695 2354 2760 Francorum
2412 2696 2696 2759 orienta-

380 2793 572 2867 lium,
630 2791 735 2856 Fr.
797 2791 1089 2856 Joannes
1145 2791 1222 2855 de
1284 2790 1693 2874 capistrano,
1753 2792 1993 2869 Italus,
2058 2792 2314 2858 Ordinis
2372 2791 2697 2856 Minorum

381 2889 458 2953 de
508 2887 968 2968 Observantia,
1036 2887 1277 2951 Doctor
1317 2895 1582 2952 sanctae
1626 2889 2022 2973 theologiae,
2094 2889 2412 2974 generalis
2472 2888 2701 2972 Inqui-

379 2987 541 3051 sitor
596 2985 955 3049 haereticae
1011 2984 1348 3065 pravitatis
1405 2989 1471 3047 et
1529 2986 1938 3067 Apostolicae
1995 2985 2176 3051 Sedis
2226 2984 2542 3062 NuntiuS,
2604 2985 2702 3047 vir

380 3083 607 3146 doctus
654 3086 719 3145 et
763 3088 1025 3144 sanctae
1074 3081 1613 3158 conversationiS,
1664 3082 1772 3165 qui
1820 3083 2043 3146 multis
2087 3083 2309 3146 diebus
2357 3083 2426 3145 in
2478 3080 2696 3145 eadem

379 3180 641 3245 civitate
687 3200 801 3261 per
854 3178 1277 3260 interpretem
1329 3178 1742 3259 praedicavit.
1833 3179 1940 3241 Ab
1985 3178 2321 3263 Herbipoli
2366 3177 2698 3242 descendit

380 3278 449 3340 in
500 3274 881 3348 Frankfurt,
931 3273 1079 3337 inde
1126 3273 1206 3337 ad
1253 3274 1412 3338 alias
1458 3275 1754 3338 civitates
1807 3281 1871 3339 et
1919 3275 2150 3358 oppida
2188 3275 2404 3360 regni,
2452 3279 2517 3337 et
2564 3275 2698 3337 ubi·

380 3394 504 3457 que
549 3394 794 3436 summa
824 3393 965 3435 cum
1014 3370 1353 3454 diligentia
1383 3376 1448 3434 et
1492 3371 1742 3435 fervore
1774 3393 2023 3435 crucem
2052 3372 2462 3455 praedicavit.
2474 3373 2504 3403 ‘⁴
2531 3369 2696 3451 ¹)——

382 3468 692 3533 Nicolaus
740 3489 961 3551 porro,
1025 3489 1170 3530 cum
1226 3466 1549 3531 doloribus
1606 3467 1956 3532 arthriticis
2017 3490 2127 3578 per
2183 3490 2438 3533 omnem
2496 3467 2698 3531 ferme

382 3566 831 3649 pontificatum
895 3586 1082 3628 suum
1147 3548 1563 3628 vehementer
1624 3565 1952 3650 laboranS,
2018 3567 2086 3629 in
2161 3565 2294 3629 dies
2354 3565 2557 3648 magis
2625 3585 2699 3628 ac

383 3663 590 3747 magis
637 3662 1130 3745 opprimeretur,
1191 3683 1308 3725 nec
1358 3662 1495 3745 jam
1543 3662 1819 3743 amplius
1865 3664 2202 3726 mortalem
2248 3662 2698 3745 pollutumque

385 3760 758 3824 comitatum
805 3758 1136 3822 candidior
1182 3759 1398 3821 anima
1444 3758 1842 3841 dignaretur,
1892 3782 1924 3823 e
1973 3760 2110 3823 vita
2154 3759 2283 3839 (die
2330 3754 2445 3821 25⁰
2475 3757 2695 3821 Martii

383 3880 440 3920 a.
492 3854 688 3938 1455)
733 3851 1084 3937 decessit.²)

567 4126 608 4188 ¹)
648 4126 841 4179 Chron.
883 4125 1179 4192 Hirsaaug.
1217 4127 1287 4180 ad
1324 4142 1369 4179 a.
1413 4127 1565 4179 1454.

562 4205 605 4273 2)
644 4206 860 4260 Aeneas
903 4205 1119 4272 Sylvius
1155 4206 1190 4258 l.
1231 4222 1273 4259 c.
