3281 5014
621 431 726 483 266
1120 428 1381 483 XXXIII.
1418 429 1501 484 De
1542 445 1745 497 magno
1784 429 2098 484 Occidentis
2137 429 2449 484 schismate.

623 569 767 634 dam
826 570 977 642 viris
1037 571 1403 636 scientificis
1464 573 1718 655 copiose
1772 571 2156 648 floruerant,
2218 594 2334 655 per
2394 594 2552 657 quos
2607 573 2952 656 hucusque

622 687 898 751 regnum
929 672 1355 733 consueverat
1385 668 1757 753 gubernari,
1805 668 2319 732 annullabantur
2364 670 2642 752 penitus.
2717 667 2942 733 Omni-

623 785 732 826 um
779 763 1138 829 liberalium
1187 766 1425 829 artium
1470 764 1853 829 Parisiensis
1895 762 2301 828 Universitas
2348 766 2544 829 altrix
2568 815 2583 842 ,
2639 764 2950 828 dulciflua

621 860 788 924 lacte
835 861 1144 927 scientiae
1192 861 1628 927 enutritorum
1676 861 1954 925 filiorum
2001 859 2294 925 orbatam
2342 882 2410 925 se
2455 860 2736 944 dolebat,
2787 882 2948 945 quo»

623 955 799 1021 niam
852 958 1003 1022 sinu
1056 964 1348 1023 materno
1400 959 1655 1034 relicto,
1714 956 1794 1021 ad
1842 961 2098 1021 exteros
2152 957 2736 1041 transmigrabant,
2796 979 2948 1021 cum,

621 1058 807 1135 pater
849 1055 1205 1138 spiritualis
1250 1055 1500 1119 deesset
1545 1055 1656 1140 qui
1702 1053 1991 1137 penuriis
2038 1075 2258 1118 eorum
2304 1054 2733 1120 subveniret.“
2754 1051 2802 1133 1)

802 1167 904 1229 32.
964 1165 1266 1231 Urbanus
1298 1166 1411 1231 Vl.
1467 1168 1740 1233 sollicite
1796 1166 2055 1251 quidem
2101 1166 2381 1230 officium
2430 1167 2663 1231 summi
2708 1166 2948 1231 Pasto—

623 1263 712 1327 ris
757 1261 825 1325 in
873 1284 1012 1327 eam
1032 1257 1448 1329 ‘christianae
1495 1253 1822 1329 societatis
1867 1267 2113 1346 partem
2132 1311 2147 1340 ,
2207 1285 2370 1348 quae
2415 1264 2537 1348 ipsi
2583 1263 2950 1340 obediebat,

317 1364 585 1437 Urbani-VI·
624 1356 874 1423 studuit
919 1381 1233 1438 exercere,
1278 1360 1390 1425 sed
1437 1363 1505 1425 in
1551 1361 1754 1426 Italia
1798 1361 2038 1424 multas
2079 1363 2147 1424 et
2191 1381 2460 1443 magnas
2506 1360 2735 1425 habuit
2779 1358 2949 1423 affli-

318 1426 599 1588 gubermuz
625 1456 888 1532 ctiones,
936 1456 1169 1540 quibus
1218 1457 1673 1541 imprudentia,
1727 1456 2223 1540 praedilectione
2269 1457 2340 1521 in
2385 1461 2688 1540 nepotem
2740 1454 2938 1520 Fran·

624 1552 883 1629 ciscum,
930 1558 998 1616 et
1043 1554 1255 1636 rigore
1301 1575 1437 1632 suo,
1487 1553 1570 1635 (si
1617 1575 1771 1617 vera
1816 1557 1915 1617 est
1958 1552 2189 1617 relatio
2233 1549 2655 1636 Theoderici,)
2701 1551 2943 1636 passim

623 1649 759 1731 ipse
819 1648 998 1713 dedit
1055 1650 1469 1717 occasionem.
1573 1650 1873 1733 Regnum
1932 1648 2434 1733 Neapolitanum
2491 1648 2755 1714 Carolus
2802 1646 2944 1711 Du-

623 1745 827 1810 ratius
894 1752 1191 1812 evocatus
1256 1748 1338 1811 ab
1403 1746 1672 1811 Urbano
1736 1746 1859 1811 sibi
1931 1746 2236 1830 subjecit3
2306 1768 2456 1810 mox
2522 1751 2743 1810 tamen
2803 1745 2951 1829 ipse

623 1840 929 1907 Pontifex
975 1842 1316 1926 Neapolim
1375 1845 1698 1928 profectus
1759 1843 1982 1908 vasalli
2040 1844 2141 1907 sui
2197 1842 2465 1908 insidias
2516 1846 2583 1906 et
2635 1841 2940 1905 hostilem

624 1938 907 2003 animum
957 1945 1054 2003 est
1102 1945 1432 2024 expertuS,
1492 1963 1566 2005 ac
1610 1941 1746 2005 fere
1802 1944 1876 2004 ut
1919 1940 2121 2004 hostis
2178 1961 2320 2005 cum
2366 1940 2667 2023 despectu
2724 1938 2947 2020 digni·—

625 2036 780 2099 tatis
827 2037 1197 2119 pontificiae
1255 2037 1339 2101 ab
1397 2038 1539 2121 ipso
1599 2041 1935 2102 tractatus.
2026 2036 2482 2119 Imprudenter
2524 2037 2606 2102 ad
2650 2036 2948 2101 cardina·

624 2132 828 2196 latum
876 2134 1196 2215 promovit
1237 2133 1541 2199 Urbanus
1580 2133 1849 2217 Neapoli
1896 2134 2110 2216 plures
2154 2134 2512 2199 sacerdotes
2555 2135 2727 2198 vitae
2772 2132 2943 2196 haud

623 2227 947 2313 integrae,
1021 2237 1085 2293 et
1149 2231 1475 2313 episcopos
1539 2229 1848 2315 quosdam
1914 2228 2300 2305 GermanOS,
2374 2231 2485 2315 qui
2549 2230 2940 2314 dignitatem

623 2330 1097 2390 recusaverunt.
1210 2326 1549 2410 Quumque
1617 2348 1730 2391 sex
1796 2325 2170 2391 Cardinales
2235 2327 2629 2411 incepissent
2692 2327 2939 2408 conspi-

623 2422 872 2486 ratione
909 2422 1075 2487 inita
1121 2445 1263 2487 eam
1309 2444 1499 2509 agere
1545 2423 2008 2507 quaestionem,
2057 2444 2141 2486 an
2190 2445 2324 2487 non
2369 2423 2714 2506 expediret,
2764 2420 2943 2485 Pon-

620 2520 858 2584 tificem
905 2521 1025 2584 sub
1083 2522 1368 2586 curatela
1424 2543 1660 2605 ponere
1719 2520 1937 2585 addito
1992 2520 2119 2604 ipsi
2168 2521 2459 2596 consilio,
2518 2518 2823 2584 Urbanus
2868 2539 2946 2582 re

621 2616 877 2681 detecta
933 2638 1169 2700 magno
1229 2622 1297 2682 et
1357 2617 1812 2700 intempestivo
1873 2618 2086 2699 rigore
2147 2638 2255 2680 eos
2315 2616 2599 2700 punivit;
2660 2615 2943 2698 indeque

621 2713 867 2777 factum
936 2720 1069 2790 est,
1148 2721 1222 2778 ut
1290 2714 1397 2777 alii
1471 2714 1597 2778 duo
1668 2713 2038 2778 Cardinales
2106 2712 2426 2778 Clementi
2492 2712 2937 2777 adhaererent.

624 2808 805 2874 Obiit
852 2815 1064 2875 autem
1114 2821 1258 2893 post
1315 2811 1763 2893 pontificatum
1831 2810 2049 2874 multis
2106 2810 2598 2875 difficultatibus
2654 2809 2939 2893 exagita-

620 2912 759 2972 tum
817 2907 1059 2973 Romae
1116 2909 1218 2973 die
1282 2904 1394 2971 150
1442 2907 1738 2973 Octobris
1795 2930 1850 2972 a.
1899 2907 2066 2973 1389
2114 2906 2417 2972 Urbanus
2452 2905 2599 2981 V1.;
2658 2907 2769 2988 qui
2825 2905 2939 2970 ba-

621 3005 764 3068 buit
810 3004 1065 3089 quidem
1115 3027 1223 3069 eos
1271 3027 1432 3089 quos
1480 3003 1759 3068 diximus
1804 3003 2120 3082 defectus,
2171 3027 2245 3069 ex
2297 3009 2570 3069 naturae
2616 3002 2752 3067 fere
2798 3003 2944 3086 ejus

619 3101 834 3166 indole
879 3102 1361 3185 provenienteS,
1418 3104 1740 3166 caeterum
1787 3123 1937 3166 vero
1983 3102 2202 3167 multis
2245 3100 2595 3165 virtutibus
2652 3103 2792 3163 erat
2837 3099 2942 3163 in-

621 3199 846 3282 signis·

799 3313 900 3378 33.
941 3311 1345 3377 Universitas
1387 3311 1773 3377 Parisiensis
1820 3314 2069 3376 interea
2113 3311 2183 3376 in
2214 3309 2425 3375 Gallia
2471 3311 2710 3392 pluries
2756 3309 2937 3393 prin-

621 3409 789 3492 cipes
856 3409 1136 3473 excitare
1198 3408 1478 3485 studuit,
1545 3414 1621 3473 ut
1686 3408 1765 3472 ad
1820 3407 2166 3473 sedandum
2229 3407 2508 3471 schisma
2571 3411 2945 3490 opportuna

618 3506 1035 3588 exquirerent
1097 3504 1338 3588 media3
1402 3504 1512 3569 sed
1576 3505 1716 3569 sine
1780 3505 2017 3571 fructu.
2127 3502 2349 3587 quue
2411 3504 2685 3587 majores
2750 3509 2946 3567 erant

620 3601 1061 3676 difficultatem
1129 3601 1298 3685 quod
1366 3600 1593 3666 Carolo
1625 3600 1704 3666 V.
1764 3602 1899 3685 jam
1970 3624 2025 3667 a.
2096 3601 2261 3667 1389
2322 3605 2577 3665 mortuo
2636 3601 2944 3665 successit

623 3698 883 3763 Carolus
914 3697 1029 3764 VI.
1075 3697 1459 3776 duodennis,
1514 3699 1608 3762 ita
1655 3702 1728 3762 ut
1774 3699 2007 3763 fratres
2062 3699 2230 3782 regis
2287 3697 2575 3761 defuncti
2621 3697 2945 3782 gubernia

618 3801 943 3859 tenerent.
1058 3794 1149 3858 Hi
1217 3817 1366 3860 vero
1424 3795 1598 3859 inter
1664 3816 1731 3858 se
1799 3795 2117 3860 discordes
2185 3799 2252 3859 et
2313 3793 2630 3858 Clementi
2699 3793 2938 3858 addicti

621 3895 831 3956 erant.
925 3890 1280 3955 Clementis
1337 3895 1556 3955 autem
1612 3891 1964 3955 auctoritas
2020 3891 2400 3975 quibusdam
2450 3892 2785 3955 eventibus
2831 3912 2935 3956 ro-

765 4080 806 4143 1)
856 4079 1166 4147 Chronique
1218 4082 1290 4134 du
1326 4080 1625 4149 Religieux
1676 4082 1743 4135 de
1789 4081 1868 4135 st.
1906 4081 2107 4144 Denis,
2159 4082 2312 4135 Tom.
2358 4082 2404 4135 Ι.
2454 4081 2517 4134 L.
2555 4082 2627 4134 H.
2676 4097 2719 4133 c.
2763 4083 2813 4133 2.
2851 4080 2943 4134 Of.

618 4159 680 4212 L.
708 4158 802 4212 VI.
844 4175 888 4212 c.
930 4161 1011 4212 12.
1049 4189 1117 4197 —
1155 4160 1490 4214 Documents
1528 4160 1734 4214 inedits
1773 4166 1877 4213 etc.
1918 4177 1964 4213 a.
2006 4163 2158 4213 1839.
