3281 5014
602 359 705 409 332
1200 352 1453 406 XXXIV.
1492 352 1575 406 Dc
1613 352 1855 406 Concilio
1892 351 2314 406 Constantiensi.

316 511 540 553 Sententia
781 500 885 561 58.
932 496 1176 560 Contra
1220 493 1614 558 sententiam
1653 493 1919 557 Concilii
1953 493 2254 558 Hussium
2303 515 2416 577 per
2460 494 2709 557 salvum
2755 514 2910 556 con-

296 585 566 615 ⁰⁰²²⁸V⁰r¹¹¹¹¹’
602 595 866 659 ductum
922 591 1314 676 Sigismundi
1377 591 1572 654 etiam
1634 588 1919 674 protegi,
1982 612 2171 655 nemo
2223 591 2335 655 illo
2398 598 2686 672 tempore
2745 589 2909 653 serio

602 688 1084 775 praetendebat.
1190 686 1296 752 Sic
1354 687 1758 770 Arragoniae
1817 709 1930 751 rex
1994 688 2095 752 die
2157 686 2272 752 28⁰
2325 687 2563 770 Aprilis
2624 709 2680 750 a.
2743 687 2908 750 1415

602 787 921 852 scribebat
990 781 1437 869 Sigismundo,
1512 784 1837 849 neminem
1915 806 2027 867 per
2094 786 2344 849 salvum
2418 783 2802 848 conductum
2873 804 2910 845 a

602 905 809 967 poena
854 904 1043 965 quam
1091 881 1456 945 merebatur
1486 880 1746 945 liberari
1794 903 1997 964 posse,
2045 886 2111 945 et
2146 880 2537 964 postulabat,
2582 885 2657 944 ut
2696 901 2910 944 severe

602 1001 792 1044 causa
847 977 1066 1042 Hussii
1132 981 1445 1062 ageretur.
1561 976 2042 1061 Sigismundum
2110 978 2351 1061 pariter
2412 978 2503 1041 ita
2568 979 2911 1052 censuisse,

601 1076 753 1140 inde
801 1076 1035 1154 elucet,
1083 1074 1250 1157 quod
1296 1073 1396 1136 die
1442 1071 1511 1135 7⁰
1557 1073 1739 1138 Junii
1786 1096 1841 1139 a.
1894 1075 2061 1138 1415
2106 1074 2411 1138 Hussium
2459 1075 2710 1158 publice
2758 1073 2911 1138 allo-

604 1193 809 1257 quens
855 1171 1131 1247 dicebat,
1193 1193 1259 1235 se
1306 1171 1548 1234 salvum
1600 1170 1983 1236 conductum
2035 1172 2094 1235 ei
2143 1172 2555 1249 concessisse»,
2612 1177 2685 1235 ut
2730 1193 2911 1235 secu-

603 1292 712 1333 rus
744 1268 1189 1332 Constantiam
1237 1267 1602 1351 perveniret
1647 1273 1840 1350 atque
1885 1267 1952 1331 in
1997 1268 2252 1350 publica
2297 1267 2626 1332 audientia
2666 1268 2743 1331 de
2789 1264 2913 1330 fide

604 1388 721 1431 sua
765 1367 1078 1429 rationem
1129 1362 1391 1428 reddere
1439 1370 1681 1446 posset3
1731 1365 1836 1428 sed
1885 1383 1953 1428 sc
2000 1364 2354 1429 declarasse
2399 1365 2699 1428 membris
2745 1386 2909 1428 com-

608 1462 959 1538 missioniS,
1022 1482 1090 1525 se
1147 1461 1518 1525 nullatenus
1576 1459 1970 1526 haereticum
2026 1460 2616 1538 velle-defendere,
2681 1468 2751 1525 at
2814 1463 2912 1525 vel

605 1561 809 1624 solnm
859 1558 1022 1622 velle
1078 1558 1445 1622 comburere
1492 1557 1721 1635 talem,
1778 1558 1890 1641 qui
1947 1557 2318 1622 obstinatus
2373 1560 2440 1623 in
2488 1557 2734 1622 haeresi
2776 1580 2913 1640 per·

605 1653 1067 1736 severaverit.¹)
1176 1653 1449 1717 Hussius
1514 1659 1742 1718 contra
1799 1654 1956 1718 haec
2024 1655 2205 1719 nullo
2272 1655 2456 1720 modo
2525 1659 2913 1738 protestatus

608 1761 727 1819 est.
773 1790 862 1798 —
903 1753 1126 1817 Mense
1155 1752 1363 1834 Aprili
1408 1773 1462 1814 a.
1505 1751 1670 1814 1415
1709 1749 2176 1835 SigismunduS,
2223 1773 2348 1836 quo
2397 1773 2615 1817 omnes
2661 1757 2916 1836 cogeret

611 1858 683 1914 ut
734 1850 1152 1916 Constantiae
1198 1853 1642 1926 remanerent,
1690 1849 1952 1912 nemine
1999 1847 2477 1912 contradicente
2524 1869 2744 1912 omnes
2789 1848 2915 1912 sal-

610 1969 720 2011 vos
749 1946 1100 2011 conductus
1132 1946 1549 2020 annihilavit3
1597 1967 1676 2008 ex
1722 1967 1849 2028 quo
1878 1948 2081 2027 patet,
2122 1945 2287 2008 nihil
2323 1945 2497 2009 aliud
2543 1944 2688 2008 illos
2720 1943 2915 2008 fuisse

609 2045 737 2109 nisi
792 2045 1044 2108 litteras
1097 2042 1457 2107 securitatis
1512 2064 1627 2126 pro
1685 2043 1937 2106 itinere.
1999 2077 2086 2087 —
2144 2040 2243 2104 Ad
2297 2041 2543 2105 nobiles
2602 2040 2915 2106 Bohemos

611 2141 1028 2206 Constantiae
1084 2146 1455 2222 praesentes
1510 2140 1682 2223 quod
1741 2140 2007 2216 attinet,
2070 2161 2145 2202 ex
2204 2139 2490 2221 pluribus
2547 2139 2731 2202 factis
2783 2139 2912 2202 col-

612 2238 864 2321 ligitur,
925 2238 1117 2300 etiam
1175 2237 1341 2319 ipsos
1387 2237 1635 2299 salvum
1693 2235 2080 2300 conductum
2129 2235 2346 2299 eodem
2397 2234 2582 2299 modo
2628 2233 2915 2299 conside·

610 2357 801 2400 rasse.
881 2333 985 2398 Sic
1031 2355 1218 2417 aegre
1264 2333 1566 2415 ferentes,
1613 2333 1784 2417 quod
1832 2331 2102 2396 Hussius
2149 2331 2471 2396 custodiae
2516 2331 2915 2413 mancipatus

612 2440 798 2509 esset,
847 2431 1118 2515 epistola
1163 2452 1379 2493 mense
1426 2429 1775 2494 Februario
1822 2453 1876 2493 a.
1915 2429 2082 2493 1415
2132 2428 2211 2492 ad
2241 2427 2717 2513 Sigismundum
2764 2427 2917 2490 scri-

613 2536 725 2613 pta
786 2529 1227 2613 postularunt,
1292 2531 1364 2590 ut
1426 2527 1644 2590 statim
1711 2527 2078 2591 dimittatur
2139 2532 2204 2590 et
2271 2527 2469 2590 libera
2537 2548 2608 2589 ac
2665 2525 2918 2607 publica

612 2626 942 2690 audientia
986 2627 1039 2687 ei
1090 2624 1505 2696 concedatur3
1552 2624 1660 2688 sed
1695 2623 1966 2688 addunt:
2018 2622 2203 2703 Quod
2246 2622 2305 2688 si
2337 2622 2497 2705 jure
2525 2626 2586 2685 et
2632 2620 2918 2703 leyitima

604 2721 990 2803 probatione
1036 2739 1189 2784 reus
1227 2718 1628 2798 inveniatur,
1672 2719 1794 2800 fiat
1839 2740 1981 2786 cum
2028 2720 2169 2801 ipso
2216 2719 2386 2801 quod
2430 2718 2738 2784 convenit.
2819 2717 2918 2783 Si·

611 2820 852 2882 militer
897 2839 1113 2882 mense
1160 2817 1335 2900 Majo
1381 2819 1908 2899 protestationem
1957 2818 2033 2881 de
2083 2818 2589 2882 incarceratione
2637 2817 2921 2881 Concilio

612 2915 1047 2986 tradiderunt,
1114 2913 1218 2977 sed
1276 2912 1613 2996 adjiciunt:
1684 2912 1761 2977 Si
1816 2912 2143 2978 convictus
2197 2912 2431 2996 fuerit,
2493 2911 2923 2996 pertinaciter

613 3009 867 3091 aliquid
911 3013 1137 3074 contra
1177 3006 1593 3090 Scripturani
1627 3028 1885 3074 sacra-m
1930 3014 1991 3073 et
2021 3010 2358 3075 veritatem
2406 3028 2706 3089 asserere,
2756 3007 2923 3091 quod

613 3106 683 3171 id
729 3106 935 3188 juxta
993 3104 1374 3170 decisionem
1432 3110 1491 3170 et
1550 3105 2049 3171 instructionem
2107 3104 2381 3171 Concilii
2439 3105 2659 3170 debeat
2716 3126 2920 3169 emen-

612 3202 786 3267 dare.
878 3202 972 3267 Eo
1021 3204 1159 3285 ipso
1214 3203 1385 3288 quod
1434 3226 1580 3268 eum
1625 3202 1847 3267 debere
1891 3205 1955 3267 id
2001 3205 2335 3269 emendare
2382 3206 2631 3281 dicunt,
2693 3204 2924 3267 admit-

614 3305 791 3378 tunt,
845 3300 1086 3383 ipsum,
1145 3301 1197 3364 si
1240 3300 1305 3363 id
1349 3302 1665 3385 noluerit,
1721 3300 2174 3365 obstinationis
2231 3322 2505 3385 poenam
2564 3301 2772 3366 subire
2818 3299 2923 3363 de·

615 3398 785 3462 bere.
886 3396 1102 3461 Etiam
1164 3402 1387 3480 postea
1449 3405 1602 3462 ante
1664 3401 1934 3461 mortem
1995 3397 2217 3461 Hussii
2285 3398 2352 3461 in
2410 3398 2724 3481 colloquio
2782 3419 2921 3461 cum

616 3494 755 3576 ipso
812 3494 1035 3558 habito
1095 3493 1263 3557 haud
1323 3498 1810 3577 conqueruntur
1863 3494 1939 3557 de
1996 3494 2166 3557 laeso
2221 3495 2400 3558 salvo
2458 3492 2796 3574 conducto,
2857 3501 2924 3556 et

618 3597 759 3673 post
802 3590 1178 3673 supplicium
1224 3591 1449 3672 ipsiuS,
1508 3613 1708 3674 quum
1755 3612 2043 3673 proceres
2089 3588 2361 3654 Bohemi
2407 3589 2643 3655 Hussio
2689 3589 2923 3654 addicti

743 3807 750 3814 ·
796 3780 837 3846 ²)
883 3780 1109 3834 Fabella
1153 3785 1344 3848 postea
1380 3780 1488 3835 fuit
1525 3798 1740 3849 sparsa,
1788 3783 2074 3849 Hussium,
2122 3798 2283 3849 quum
2330 3782 2419 3836 die
2465 3784 2524 3833 60
2557 3781 2694 3835 Julii
2730 3782 2924 3835 conde-

615 3863 922 3925 mnaretur,
978 3860 1298 3926 adspexisse
1353 3859 1473 3915 fixis
1524 3860 1696 3915 oculis
1745 3861 2176 3929 sigismundum,
2231 3867 2289 3915 et
2332 3862 2476 3915 hunc
2523 3861 2819 3915 erubuisse.
2856 3889 2925 3897 —

616 3939 723 3993 Sed
767 3938 930 3992 testis
979 3939 1231 3992 oculatus
1272 3938 1474 3992 Hussio
1523 3940 1801 4004 addictus,
1850 3940 2049 3993 Petrus
2097 3941 2162 3993 de
2202 3940 2594 3994 Mladenowicz
2641 3940 2699 3993 in
2745 3939 2926 4007 ampla

618 4033 718 4071 sua
754 4017 1004 4071 Historia
1042 4019 1102 4073 de
1138 4018 1277 4087 fatis
1314 4022 1366 4071 et
1399 4018 1534 4072 actis
1570 4018 1650 4071 M.
1688 4018 1850 4072 Joan.
1890 4019 2016 4071 Has
2053 4018 2191 4072 nihil
2229 4020 2331 4071 hac
2371 4020 2437 4073 de
2475 4034 2534 4072 re
2572 4019 2722 4072 dicit.
2811 4017 2926 4072 Nec

617 4113 716 4165 per
752 4112 809 4151 se
848 4103 1228 4165 argumentum
1265 4097 1392 4151 inde
1429 4098 1545 4164 peti
1581 4104 1781 4165 potest.
