3281 5014
607 441 713 493 268
1109 438 1369 491 XXXIII.
1407 437 1490 491 De
1525 452 1728 506 magno
1767 437 2078 493 Occidentis
2118 441 2427 494 schismate.

608 581 970 664 assumpsit.
1104 579 1264 643 Erat
1330 585 1547 643 autem
1605 578 1973 645 Bonifatius
2034 583 2264 645 aetatis
2327 582 2578 646 circiter
2640 576 2922 661 quadra-

562 677 795 760 .ginta
859 676 1144 759 quinque
1206 697 1552 751 annorum,
1625 696 1895 759 magnae
1958 685 2070 742 seu
2131 699 2432 762 procerae
2500 680 2787 741 staturae
2852 679 2925 736 et

609 773 883 837 decorus
914 772 1107 850 facie,
1154 771 1440 835 moribus
1485 772 1962 856 integerrimus,
2008 774 2313 854 affabilis,
2369 772 2678 857 prudens,
2723 770 2923 835 diser-

609 876 739 953 tu‘s3
788 869 999 933 minus
1030 872 1252 933 tamen
1298 868 1543 951 peritus
1577 869 1649 933 in
1695 868 2021 954 theologia
2054 875 2118 935 et
2156 872 2304 955 jure
2352 871 2679 951 canonicO‚
2723 889 2917 953 quam

607 966 677 1030 in
733 964 1258 1030 administrandis
1319 963 1674 1050 negotiis.¹)
1775 965 2073 1031 Clemens
2127 968 2389 1050 cognita
2432 965 2745 1031 Bonifatii
2799 965 2927 1029 ele-

610 1064 826 1127 ctione
874 1061 1598 1127 excommunicationem
1658 1064 1726 1126 in
1782 1063 1988 1145 ipsum
2035 1063 2496 1148 promulgavit3
2549 1061 2919 1127 Bonifatius

611 1181 760 1223 vero
808 1157 1203 1222 Clementem
1250 1158 1329 1222 ad
1374 1158 1821 1243 deponendum
1881 1160 2325 1242 pontificatum
2371 1159 2753 1224 adhortatus
2801 1161 2917 1232 est,

611 1257 667 1320 ei
716 1256 1128 1339 apostolicam
1174 1255 1565 1340 legationem
1612 1256 1681 1319 in
1731 1254 1942 1319 Gallia
1987 1260 2053 1321 et
2100 1255 2443 1339 Hispania,
2487 1255 2741 1338 totique
2786 1255 2929 1337 ejus

614 1352 1037 1426 Obedientiae
1078 1352 1332 1416 veniam
1389 1353 1687 1416 offerens·
1784 1351 2081 1417 Clemens
2139 1353 2298 1417 haec
2351 1353 2620 1417 consilia
2672 1350 2925 1434 rejecit;

612 1453 1006 1533 quapropter
1050 1447 1416 1513 Bonifatius
1473 1471 1773 1513 censuras
1824 1449 2322 1533 praedecessoris
2376 1448 2476 1514 sui
2519 1449 2587 1512 in
2637 1470 2782 1512 eum
2827 1469 2925 1511 re·

611 1547 897 1611 novavit.
981 1544 1211 1609 Pacem
1258 1545 1581 1610 Ecclesiae
1627 1544 1996 1611 Bonifatius
2042 1546 2457 1611 vehementer
2501 1544 2928 1627 desiderabat,

613 1649 905 1708 attamen
957 1640 1130 1713 haud
1193 1642 1537 1706 convenire
1581 1638 2001 1706 ’existimavit
2059 1665 2192 1707 rem
2251 1642 2671 1707 dirimendam
2727 1641 2920 1705 relin—

614 1761 809 1824 quere
871 1738 1156 1803 Concilio
1219 1739 1541 1822 generali‚
1607 1761 1803 1822 quum
1867 1739 1945 1804 de
2007 1741 2221 1804 valore
2285 1740 2612 1805 electionis
2675 1737 2924 1803 Urbani

614 1842 789 1900 certo
846 1840 1204 1913 constaret,
1260 1841 1328 1898 et
1384 1835 1644 1900 nonnisi
1699 1835 1892 1918 impie
1951 1859 1988 1900 a
2033 1835 2480 1901 Cardinalibus
2531 1840 2758 1919 postea
2801 1833 2936 1899 Ur-

617 1932 824 1997 banus
876 1933 1154 2016 rejectus
1216 1934 1416 2005 esset;
1470 1934 1667 2015 atque
1725 1932 1894 1996 hanc
1953 1934 2344 1997 sententiam
2405 1955 2586 1997 suam
2644 1954 2698 1995 a.
2757 1932 2918 1997 1391

293 2023 568 2126 „ffssg‘gfflss’
620 2031 689 2093 in
733 2028 969 2093 litteris
1015 2028 1350 2111 encyclicis
1396 2037 1615 2111 aperte
1659 2028 1982 2112 professus
2029 2025 2209 2112 θεώ)
2294 2029 2505 2105 Quum
2551 2050 2704 2093 vero
2753 2029 2933 2093 inter

569 2115 580 2129 ’
616 2125 938 2209 principes
985 2125 1429 2189 Clementinae
1480 2123 1903 2189 Obedientiae
1971 2126 2460 2209 potentissimus
2518 2132 2688 2190 esset
2735 2125 2926 2190 Caro·

614 2223 714 2287 lus
748 2221 860 2288 VI.
916 2243 1029 2286 rex
1088 2220 1365 2298 Galliae,
1416 2220 1784 2285 Bonifatius
1831 2221 1960 2291 IX...
2002 2245 2057 2287 a.
2108 2223 2276 2287 1392
2337 2222 2416 2286 ad
2472 2243 2617 2285 eum
2675 2222 2930 2305 legatos

616 2342 756 2383 cum
812 2319 1047 2383 litteris
1094 2318 1472 2393 destinavit,
1531 2318 1765 2403 quibus
1820 2340 2037 2403 regem
2087 2318 2502 2400 hortabatur,
2558 2322 2634 2382 ut
2685 2319 2932 2382 exstin-

616 2416 874 2500 guendo
937 2415 1265 2480 schismati
1329 2421 1396 2479 et
1467 2416 1903 2499 procurandae
1966 2416 2193 2480 unioni
2262 2437 2514 2499 operam
2583 2407 2929 2480 conferret.

617 2513 755 2579 Rex
821 2513 1210 2585 sententiam
1275 2513 1604 2577 doctorum
1674 2512 2132 2578 Universitatis
2195 2513 2575 2578 Parisiensis
2639 2514 2930 2595 postula-

616 2611 738 2687 vit,
805 2612 914 2694 qui
978 2613 1035 2675 ei
1098 2613 1594 2693 proposuerunt,
1662 2615 1738 2674 ut
1799 2633 1930 2674 una
1994 2632 2072 2673 ex
2133 2610 2246 2681 his,
2285 2609 2494 2674 tribus
2555 2609 2933 2674 efficiendae

620 2708 876 2771 unionis
921 2707 1041 2770 viis
1088 2707 1451 2790 eligeretur,
1497 2706 1802 2772 nimirum
1842 2709 2179 2790 utriusque
2224 2706 2658 2790 competitoris
2704 2706 2932 2784 cessim

617 2805 719 2868 vel
764 2802 1100 2887 utriusque
1144 2803 1616 2886 compromissio
1671 2805 1740 2868 in
1788 2803 2036 2887 aliquot
2073 2802 2351 2887 judiceS‚
2409 2805 2521 2885 qui
2566 2823 2814 2866 summa
2859 2808 2932 2865 et

618 2901 849 2965 ultima
914 2899 1298 2964 auctoritate
1360 2921 1494 2963 rem
1565 2900 1939 2977 definirent,
2010 2901 2109 2964 vel
2179 2898 2534 2964 Concilium
2604 2899 2928 2982 generale.

621 2998 719 3062 De
760 2998 968 3062 tribus
1023 2997 1164 3061 istis
1221 2996 1340 3060 viis
1395 3019 1508 3080 per
1554 2995 1889 3061 Nicolaum
1950 2997 2026 3061 de
2073 2995 2464 3080 ClemangiS‚
2524 2993 2929 3059 Universita·

620 3097 705 3160 tis
772 3099 1114 3173 rectorem,
1185 3094 1412 3158 relatio
1481 3098 1747 3158 exarata
1810 3095 2072 3177 regique
2140 3092 2378 3156 tradita
2446 3087 2666 3172 suin&⁹
2751 3090 2935 3175 Rege

480 657 558 712 υ

801 3375 844 3441 ¹)
882 3373 961 3428 Cf.
1000 3372 1214 3438 Hefele,
1254 3372 1310 3426 C.
1350 3372 1430 3437 G„
1468 3371 1565 3425 VI.
1603 3370 1652 3439 ξ.
1691 3372 1811 3424 715.

797 3454 841 3521 ²)
883 3453 1018 3521 „Sed
1067 3452 1257 3506 dicunt
1294 3451 1444 3518 impii
1492 3465 1841 3517 perversores
1889 3448 1947 3502 in
1993 3449 2201 3502 carnali
2250 3448 2474 3502 brachio
2513 3452 2703 3502 contra
2741 3458 2937 3515 poten-

618 3536 754 3589 tiam
779 3531 1001 3587 Domini
1037 3531 1395 3585 confidentes:
1438 3529 1564 3583 Fiat
1592 3529 1892 3583 Concilium
1932 3535 1993 3582 ut
2031 3529 2267 3582 schisma
2304 3528 2542 3581 sedetur.
2600 3527 2644 3581 O
2670 3528 2930 3581 damnosa

621 3619 677 3670 et
713 3612 1020 3667 damnanda
1052 3609 1330 3676 impietas!
1406 3608 1449 3661 O
1486 3608 1797 3663 vanitatum
1831 3608 2109 3663 hominum
2147 3606 2368 3661 vanitas
2406 3612 2464 3660 et
2499 3606 2735 3661 nefanda
2770 3622 2933 3673 prae-

621 3692 869 3747 sumtio.“
946 3691 1046 3757 Ap.
1087 3688 1344 3743 d'Acheri
1378 3689 1414 3742 l.
1455 3705 1498 3742 c.

798 3768 839 3838 ³)
878 3769 1137 3823 Nicolaus
1175 3768 1265 3822 hic
1290 3767 1604 3835 Clemangis
1640 3767 1699 3819 in
1727 3765 2024 3834 Campania
2050 3764 2265 3819 Gallica
2292 3765 2568 3819 mediante
2605 3779 2746 3817 saec.
2775 3763 2933 3818 XIV.

620 3858 803 3913 natuS,
844 3849 1211 3917 peritissimus
1248 3847 1356 3901 fuit
1393 3847 1446 3900 in
1485 3852 1606 3900 arte
1645 3846 1859 3901 dicendi
1897 3845 2034 3899 etin
2072 3843 2336 3898 doctrinis
2361 3842 2705 3911 theologicis.
2755 3842 2935 3895 Varia

623 3929 847 3998 scripsit
885 3944 1023 3994 quae
1061 3927 1129 3980 ad
1169 3933 1374 3981 statum
1413 3926 1693 3980 Ecclesiae
1729 3931 1971 3991 tempore
2010 3923 2324 3977 schismatis
2368 3922 2673 3990 pertinent,
2721 3921 2929 3987 praeci-

621 4026 725 4078 pue
765 4008 1081 4076 opusculum
1117 4006 1207 4061 De
1242 4010 1391 4060 statu
1411 4008 1660 4073 corrupto
1685 4001 1963 4057 Ecclesiae.
2028 4001 2279 4056 Oratorio
2307 4009 2493 4056 tamen
2531 4001 2676 4068 stylo
2715 4001 2769 4053 in
2808 3999 2932 4068 ejus

624 4088 845 4156 scriptis
883 4088 1056 4140 multa
1104 4091 1230 4140 sunt
1277 4086 1440 4153 plane
1479 4088 1851 4152 exaggerata,
1903 4087 1959 4136 et
1998 4081 2277 4137 doctrinae
2324 4082 2441 4150 ejus
2481 4081 2546 4135 de
2583 4079 2834 4134 Ecclesia
2871 4084 2934 4133 et

619 4167 889 4222 Pontifice
925 4168 1071 4220 haud
1108 4165 1495 4220 admittendae.
