3281 5014
334 546 572 590 Concorda-

340 613 431 651 tum
459 609 565 651 Leo-

373 674 441 715 nis
468 674 521 715 X.

628 393 733 444 366
901 389 1125 444 XXXV.
1164 390 1246 444 De
1286 389 1487 444 Concil.
1527 389 1832 445 Basileensi
1872 406 1935 443 ac
1972 391 2038 446 de
2075 390 2290 459 Synodo
2329 391 2666 447 Florentina.

807 533 910 598 32.
990 532 1284 615 Denique
1355 554 1526 596 anno
1608 533 1774 596 1515
1849 533 2020 597 inter
2091 531 2504 598 Franciscum
2573 533 2666 612 I.,.
2732 533 2940 597 Ludo·

629 629 750 692 vici
796 628 947 693 XII.
1004 630 1071 691 in
1126 648 1328 712 regno
1386 627 1634 693 Galliae
1698 649 2152 705 successorem,
2213 636 2280 692 et
2339 629 2623 694 Leonem
2675 631 2759 696 X.
2817 630 2942 694 col-

627 727 915 809 loquium
982 725 1355 789 institutum
1429 729 1527 788 est
1596 724 1959 806 Bononiae,
2023 727 2090 790 in
2161 748 2288 810 quo
2359 727 2545 810 plura
2610 727 2687 791 de
2758 726 2941 792 abro-

524 896 533 905 ,
623 822 838 906 ganda
895 821 1244 886 Sanctione
1307 824 1705 906 pragmatica
1774 827 1841 887 et
1906 822 1983 886 de
2052 821 2424 889 ordinandis
2490 824 2679 888 rebus
2747 826 2941 888 eccle·

561 1860 597 1919 >d

316 3201 385 3242 An
429 3201 576 3244 Conci-

315 3264 420 3305 lium
450 3275 572 3305 oecu-

327 3325 551 3367 monicum.

620 919 893 983 siasticis
937 919 1009 982 in
1056 917 1271 983 Gallia
1314 922 1712 1001 pertractata
1758 922 1824 983 et
1870 920 2231 984 constituta
2276 926 2448 985 sunt.
2540 920 2733 985 Anno
2771 922 2939 985 1516

619 1016 722 1081 die
771 1012 884 1081 19⁰
933 1015 1302 1080 Decembris
1349 1016 1418 1079 in
1466 1015 1755 1080 Concilio
1803 1016 2227 1080 Lateranensi
2259 1016 2360 1094 V„
2413 1019 2692 1082 sessione
2736 1018 2937 1081 unde-

619 1114 813 1191 cima,
888 1112 1020 1178 Leo
1081 1111 1192 1187 Χ..
1260 1112 1659 1196 approbante
1720 1111 2036 1195 Concilio,
2106 1111 2520 1178 Sanctionem
2587 1115 2940 1198 pragmati-

620 1233 757 1275 cam
816 1209 1116 1274 abolevit.
1219 1208 1300 1272 In
1356 1209 1577 1274 eadem
1634 1211 1917 1274 sessione
1975 1210 2451 1293 promulgatum
2502 1222 2570 1274 et
2626 1211 2938 1294 approba-

618 1312 760 1370 tum
822 1314 921 1370 est
981 1305 1450 1371 Concordatum
1505 1305 1841 1371 Bononiae
1897 1307 2068 1371 inter
2129 1306 2414 1371 Leonem
2462 1306 2541 1372 X.
2607 1311 2674 1371 et
2734 1307 2935 1372 Fran-

621 1405 857 1469 ciscum
904 1402 954 1466 Ι.
999 1403 1382 1468 confectum.
1474 1401 1849 1468 Franciscus
1894 1425 2007 1466 rex
2057 1404 2415 1487 praefatum
2466 1403 2950 1482 (LO-RQ

619 1523 764 1565 cum
825 1500 1232 1585 patentibuS,
1305 1504 1379 1563 ut
1440 1500 1701 1580 dicitur,
1767 1501 2008 1564 litteris
2072 1501 2249 1564 misit
2314 1501 2393 1565 ad
2458 1506 2754 1565 senatum
2819 1501 2936 1566 Pa-

618 1600 978 1673 risiensem,
1044 1597 1157 1681 qui
1215 1596 1374 1661 illud
1433 1596 1534 1660 die
1596 1593 1714 1659 22⁰
1768 1596 1988 1661 Martii
2051 1619 2106 1661 a.
2178 1598 2341 1661 1518
2397 1599 2668 1662 solemni
2730 1598 2939 1662 forma

618 1696 687 1759 in
734 1695 914 1776 Acta,
944 1716 1061 1758 sua
1106 1693 1352 1758 retulit.
1401 1730 1482 1737 —
1538 1692 1616 1757 In
1669 1694 1789 1758 hoc
1836 1692 2237 1758 Concordato
2293 1698 2551 1777 praeter
2604 1695 2733 1758 alia
2779 1694 2936 1760 haec

617 1782 942 1874 utrimque
995 1794 1251 1872 recepta
1308 1794 1488 1854 sunt:
1551 1795 1626 1853 ut
1683 1812 1795 1854 rex
1851 1790 2028 1854 intra
2082 1812 2193 1855 sex
2248 1813 2500 1855 menses
2560 1813 2621 1854 a·
2651 1789 2752 1855 die
2805 1815 2934 1876 qua

620 1889 885 1953 ecclesia
961 1892 1218 1951 vacaret
1289 1886 1790 1970 archiepiscopos
1872 1892 1937 1951 et
2004 1888 2329 1971 episcopos
2405 1889 2775 1952 nominaret
2853 1910 2933 1953 ex

621 1985 844 2049 ordine
889 1983 1216 2048 doctorum
1274 1987 1389 2047 aut
1446 1983 1925 2048 licentiatorum
1988 1985 2057 2048 in
2102 1984 2431 2069 theologia
2488 1989 2602 2048 aut
2657 1985 2722 2048 in
2765 1987 2932 2069 jure,

621 2102 826 2145 annos
898 2081 1124 2144 saltem
1192 2081 1427 2164 viginti
1494 2085 1741 2165 septem
1812 2085 2000 2146 natos
2069 2087 2135 2145 et
2201 2083 2359 2146 alias
2422 2082 2714 2157 idoneoS,
2784 2084 2932 2165 jure

620 2199 727 2241 eos
786 2177 1208 2243 confirmandi
1268 2185 1593 2242 reservato
1651 2177 1980 2253 Pontifici;
2041 2200 2152 2242 rex
2213 2178 2387 2242 intra
2448 2178 2614 2242 idem
2678 2184 2930 2262 tempus

618 2277 988 2339 nominaret
1062 2275 1217 2363 alios
1291 2276 1616 2359 praelatos
1693 2275 2030 2353 electivos,
2104 2275 2371 2338 abbates
2444 2282 2511 2338 et
2586 2277 2824 2358 priores
2895 2298 2934 2337 a

620 2371 933 2437 Pontifice
989 2372 1481 2437 confirmandos.
1575 2371 1649 2437 Si
1697 2371 2001 2437 Pontifex
2062 2393 2095 2434 e
2152 2373 2359 2436 causis
2415 2372 2737 2436 canonicis
2782 2393 2937 2437 con-

621 2470 1048 2534 firmationem
1106 2474 1406 2554 negaret,
1469 2490 1583 2533 rex
1649 2470 1826 2534 intra
1886 2474 2015 2534 tres
2076 2490 2328 2533 menses
2386 2469 2585 2534 alium
2644 2469 2936 2554 designa·

617 2572 751 2648 ret,
831 2572 897 2631 et
962 2568 1014 2630 si
1086 2588 1203 2631 nec
1269 2567 1375 2631 hic
1443 2567 1715 2631 idoneus
1785 2572 1955 2631 esset
2023 2570 2347 2648 repertuS,
2427 2566 2731 2630 Pontifex
2799 2567 2934 2649 ipse

619 2663 916 2728 ecclesiae
949 2664 1201 2727 vacanti
1250 2662 1583 2746 providere
1629 2667 1872 2747 posset3
1924 2662 2220 2727 Pontifici
2266 2667 2754 2727 reservarentur
2800 2664 2934 2746 epi-

618 2765 916 2843 scopatus
966 2763 1031 2823 et
1079 2760 1395 2836 abbatiae,
1444 2782 1715 2843 quorum
1763 2780 2156 2843 possessores
2188 2765 2594 2824 morerentur
2639 2760 2708 2823 in
2758 2760 2939 2824 curia

621 2855 940 2930 Romana3
999 2856 1301 2920 Pontifici
1346 2862 1884 2921 conservarentur
1938 2864 2222 2920 annatae
2269 2861 2336 2919 et
2383 2877 2611 2921 causae
2660 2857 2936 2940 majores

618 2954 689 3016 in
727 2954 875 3037 jure
923 2974 1291 3036 expressae3
1342 2955 1816 3038 exspectativae
1861 2956 1927 3016 et
1973 2954 2437 3018 reservationes
2486 2952 2931 3017 beneficiorum

623 3055 836 3114 essent
883 3050 1177 3114 abolitae.

802 3197 901 3261 33.
980 3197 1209 3261 Restat
1281 3198 1613 3280 tangenda
1682 3198 1868 3261 nobis
1932 3219 2007 3260 ea
2063 3196 2390 3281 quaesti0,
2473 3193 2702 3260 Utrum
2773 3192 2935 3260 Gon-

622 3293 845 3359 cilium
899 3292 1276 3357 Basileense
1334 3291 1807 3368 oecumenicum
1852 3291 2078 3374 fuerit.
2173 3293 2311 3357 Hac
2367 3293 2443 3356 de
2501 3315 2569 3357 re
2618 3293 2934 3377 judicium

621 3397 720 3456 est
764 3391 948 3455 valde
996 3390 1338 3454 diversum.
1383 3427 1468 3435 —
1522 3388 1588 3453 1⁰
1628 3389 1944 3455 Gallicani
1990 3390 2324 3475 riffi'diores
2373 3412 2516 3454 cum
2566 3388 2868 3454 Richerio
2886 3387 2936 3470 1)

617 3487 1051 3566 contendunt,
1113 3488 1232 3551 hoc
1294 3487 1651 3554 Concilium
1717 3487 1865 3551 inde
1932 3487 2011 3551 ab
2076 3488 2264 3551 initio
2330 3509 2530 3572 usque
2593 3486 2672 3551 ad
2738 3487 2935 3550 finem

615 3587 962 3673 inglorium
996 3584 1387 3649 Lausannae
1436 3586 1494 3649 ei
1538 3585 1909 3668 impositum
1943 3584 2417 3649 oecumenicum
2464 3579 2677 3648 fuisse.
2752 3576 2936 3648 Haec

616 3684 945 3748 sententia
1005 3682 1349 3747 manifeste
1409 3681 1573 3746 falsa
1634 3689 1760 3759 est,
1825 3687 1890 3745 et
1954 3681 2250 3745 omnibus
2314 3701 2512 3745 sanae
2567 3680 2935 3764 theologiae

617 3781 950 3863 principiis
1012 3780 1405 3843 adversatur.
1465 3815 1552 3822 —
1609 3775 1681 3839 2⁰
1727 3777 2040 3868 Gallicani
2099 3778 2554 3861 moderatiores
2614 3780 2934 3854 statuunt,

619 3876 970 3941 Concilium
1033 3876 1512 3980 oecumenicum
1572 3875 1767 3939 fuisse
1826 3897 2026 3958 usque
2087 3873 2164 3937 ad
2228 3876 2362 3958 ejus
2417 3872 2934 3950 translationem,

798 4123 841 4187 ¹)
878 4123 1024 4177 Hist.
1064 4122 1223 4175 Cone.
1264 4137 1387 4189 gen.
1425 4122 1487 4175 L.
1526 4120 1626 4174 ΠΙ.
1667 4138 1710 4174 c.
1751 4126 1799 4176 7.
