3281 5014
339 1975 525 2018 Comitia
551 1989 622 2030 ge·

390 2040 568 2082 nel-alia.

654 431 723 482 42
1237 429 1408 482 XXX.
1447 429 1529 483 De
1566 427 1900 482 Pontificatu
1937 427 2204 482 Bonifatii
2229 426 2384 482 VIII.

654 568 886 652 timess1)
984 569 1343 656 Utrumque
1399 571 1517 636 hoc
1560 570 1793 634 falsum
1849 568 2299 633 documentum
2355 571 2782 653 composuisse
2828 571 2962 634 exi-

653 665 1500 755 stimaturquWFlom
1544 666 1715 751 regis
1763 666 2206 743 cancellarius,
2262 687 2450 750 quem
2501 667 2602 731 vel
2648 667 2783 750 ipse
2829 665 2961 731 Na-

653 762 801 826 talis
861 763 1232 827 Alexander
1288 764 1579 828 nominat
1637 762 1963 826 hominem
2026 761 2439 839 diabolicum,
2502 762 2961 827 caecutientem

657 880 939 942 corpore,
986 881 1242 924 caecum
1279 864 1516 934 mente,
1564 863 1912 940 acetosum,
1944 858 2241 935 fellitum,
2276 858 2689 936 haereticum,
2735 857 2962 924 discor·

652 956 793 1020 diae
852 977 1066 1040 regem
1134 956 1307 1021 inter
1368 961 1434 1021 et
1490 955 1815 1020 ecclesiam
1863 953 2222 1018 Romanam
2281 955 2698 1022 incentorem.
2801 953 2963 1019 Pro-

653 1057 888 1136 pagata
941 1057 1155 1117 autem
1215 1052 1345 1118 fuit
1399 1053 1593 1117 etiam
1653 1052 1811 1117 haec
1863 1051 2136 1134 epistola
2188 1053 2258 1116 in
2312 1051 2572 1136 vulgus,
2635 1057 2707 1116 ut
2763 1053 2963 1116 animi

653 1154 1207 1214 commoverentur
1256 1149 1618 1227 Gallorum,
1679 1147 1827 1211 dum
1878 1147 2247 1226 crederent,
2301 1169 2518 1232 regem
2574 1153 2764 1213 tanto
2817 1170 2960 1213 cum

654 1246 873 1329 vigore
936 1244 1251 1311 Bonifatii
1318 1245 1636 1310 mandatis
1700 1245 2125 1328 respondisse.
2246 1244 2458 1309 Etiam
2524 1244 2768 1309 Romae
2832 1245 2962 1328 epi-

653 1343 819 1406 stola
859 1342 971 1406 illa
1001 1342 1170 1408 haud
1201 1344 1426 1428 ignota
1471 1342 1668 1407 fuisse
1700 1340 1983 1416 videtum
2026 1364 2179 1406 nam
2222 1343 2291 1406 in
2336 1341 2735 1406 documentis
2767 1362 2962 1426 quae·

653 1438 797 1502 dam
844 1439 1040 1503 verba
1083 1439 1529 1515 inveniuntur,
1576 1455 1741 1523 quae
1789 1437 1868 1502 ad
1911 1438 2087 1501 illam
2135 1437 2452 1503 alludunt.
2510 1474 2596 1483 —
2654 1437 2960 1504 Jacobum

655 1534 986 1599 Pontificis
1049 1537 1334 1620 legatum
1399 1535 1573 1599 illico
1642 1557 1675 1599 e
1734 1556 1934 1619 regno
1993 1534 2280 1599 secedere
2340 1536 2535 1617 jussit
2596 1534 2963 1618 Philippusz

655 1631 856 1695 eidem
917 1636 1135 1696 tamen
1197 1632 1495 1711 tradidit,
1555 1638 1629 1696 ut
1690 1633 1932 1716 pariter
1979 1631 2252 1696 Galliam
2310 1632 2737 1715 relinqueret,
2805 1630 2963 1695 Ber-

654 1727 922 1792 nardum
971 1729 1428 1812 Apamiensem
1488 1729 1884 1812 episcopum,
1939 1730 2119 1812 cujus
2174 1728 2541 1792 libertatem
2586 1724 2965 1793 'Bonifatius

655 1824 775 1888 sub
822 1825 1326 1890 comminatione
1375 1826 2051 1889 excommunicationis
2096 1826 2553 1907 postulaverat.

833 1973 937 2037 44.
1003 1972 1144 2037 Rex
1210 1973 1439 2038 deinde
1503 1973 1836 2065 generalia
1871 1971 2701 2061 ,1152313.{„„Q9QQ2P31158358
2756 1974 2966 2058 coegit

655 2069 757 2134 die
796 2067 908 2134 10⁰
929 2070 1172 2153 Aprilis
1213 2092 1268 2135 a.
1311 2070 1503 2134 1302.
1580 2058 1680 2134 11?
1703 2062 1818 2133 his
1856 2069 2132 2135 comitiis
2173 2068 2401 2135 Petrus
2442 2069 2660 2135 Flotta
2704 2071 2962 2134 nomine

654 2164 934 2251 Philippi
994 2168 1200 2232 multa
1248 2167 1408 2232 falsa
1455 2180 1519 2232 et
1565 2167 1879 2250 injuriosa
1935 2165 2011 2229 de
2064 2164 2398 2230 Bonifatio
2442 2166 2622 2249 Papa
2673 2165 2963 2249 protulit,

651 2285 725 2329 ac
768 2265 823 2328 si
869 2264 923 2328 is
973 2265 1256 2348 epistolis
1314 2264 1446 2328 suis
1493 2265 1646 2348 jura
1704 2264 1881 2348 regia
1926 2263 2199 2327 violaret
2245 2269 2311 2328 et
2355 2263 2803 2346 contenderet,
2863 2285 2962 2329 re·

650 2380 850 2443 gnum
897 2359 1277 2425 Francicum
1336 2382 1471 2424 esse
1521 2358 1855 2424 Romanae
1914 2360 2215 2424 ecclesiae
2272 2359 2564 2437 feudum,
2625 2365 2820 2445 atque
2867 2382 2962 2425 re·

649 2477 791 2540 gem
843 2463 910 2521 et
953 2478 1228 2542 regnum
1274 2458 1344 2522 in
1390 2456 1704 2536 omnibus,
1751 2457 1944 2521 etiam
1992 2456 2057 2520 in
2108 2456 2585 2539 temporalibus,
2631 2457 2960 2541 subjacere

647 2554 952 2619 Pontifici
1017 2554 1334 2620 Romano,
1444 2554 1850 2619 Documenta
1917 2554 2055 2638 ipsa
2122 2559 2333 2617 autem
2401 2554 2534 2617 sive
2600 2576 2752 2618 vera
2820 2556 2957 2619 sive

651 2651 922 2719 conficta
979 2652 1392 2716 cancellarius
1447 2655 1704 2715 astutus
1760 2672 1893 2715 non
1949 2650 2200 2714 videtur
2253 2646 2683 2729 ostendisse.²)
2774 2651 2961 2716 Tunc

651 2748 931 2812 omnium
988 2747 1098 2832 qni
1146 2748 1416 2812 aderant
1472 2747 1802 2812 sententia
1857 2746 2063 2831 petita
2106 2746 2254 2811 fuit.
2345 2746 2659 2823 BatoneS,
2714 2746 2961 2831 syndici

651 2867 724 2908 ac
770 2851 1214 2928 procuratores
1261 2845 1519 2908 urbium
1565 2850 1632 2908 et
1663 2843 2198 2908 communitatum
2243 2844 2382 2925 regi
2426 2844 2738 2927 gratulati
2783 2849 2960 2922 sunt,

650 2940 820 3025 quod
878 2943 1028 3025 jura
1093 2940 1275 3025 regia
1352 2946 1417 3004 et
1488 2961 1761 3025 regnum
1829 2946 2054 3004 contra
2118 2938 2497 3014 Pontificem
2566 2939 2958 3019 defenderet,

651 3038 835 3121 eique
883 3058 1067 3120 opem
1119 3042 1186 3102 et
1239 3037 1546 3101 auxilium
1602 3038 2058 3121 promiserunt.
2150 3035 2433 3104 Praelati
2484 3034 2722 3120 aliique
2765 3037 2959 3102 eccle-

648 3133 887 3198 siastici
944 3134 1063 3197 viri
1124 3132 1414 3197 inducias
1478 3133 1558 3197 ad
1616 3132 2101 3197 deliberandum
2160 3133 2512 3216 petierunt,
2578 3132 2958 3198 Pontificem

649 3228 817 3312 apud
863 3250 1077 3313 regem
1127 3233 1191 3293 et
1237 3230 1482 3294 nobiles
1515 3234 1925 3304 excusarunt,
1976 3233 2043 3293 et
2087 3228 2481 3295 concordiam
2525 3230 2695 3294 inter
2738 3250 2959 3313 regem

589 3324 593 3327 ’
650 3332 716 3390 et
769 3325 1207 3410 Apostolicam
1256 3324 1484 3391 Sedem
1542 3325 2043 3393 conservandam
2098 3331 2461 3390 suaserunt.
2563 3325 2688 3390 Sed
2743 3327 2824 3391 ad
2869 3326 2958 3390 di·

648 3423 911 3487 cendam
976 3423 1115 3487 sine
1176 3444 1356 3488 mora
1416 3425 1808 3488 sententiam
1868 3422 2099 3501 coacti,
2164 3422 2335 3505 regis
2397 3424 2689 3505 potentia
2744 3422 2960 3488 territi

649 3541 813 3603 quae
855 3542 972 3584 sua
1016 3525 1173 3585 sunt
1219 3542 1350 3585 non
1412 3542 1576 3604 quae
1623 3519 1782 3585 Jesu
1829 3518 2066 3584 Christi
2121 3519 2558 3603 quaesierunt,
2622 3524 2688 3584 et
2736 3518 2958 3603 pavidi

648 3616 1104 3699 promiserunt,
1154 3638 1223 3681 se
1255 3618 1391 3701 regi
1438 3617 1507 3681 in
1555 3638 1866 3700 personae
1914 3617 2073 3700 ejus,
2117 3614 2393 3696 honoriS,
2432 3615 2805 3699 juriumque
2852 3614 2959 3679 de·

829 3840 870 3909 ²)
907 3842 972 3895 Id
1011 3842 1218 3897 evincit
1243 3842 1457 3909 Hefele,
1493 3843 1558 3897 B.
1584 3842 1681 3897 VI.
1721 3841 1769 3910 ἓ.
1800 3845 1932 3910 688;
1970 3840 2164 3896 merito
2202 3840 2345 3896 idem
2380 3846 2536 3895 tenet
2574 3840 2749 3906 Tosti,
2788 3840 2848 3893 Τ.
2880 3840 2957 3895 Π.

648 3937 701 3989 p·
743 3923 869 4067 139ιὼ’.)
914 3999 980 4053 Id
1026 4000 1151 4055 inde
1200 3972 1501 4068 colligit-ur,
1549 3999 1691 4066 quod
1737 3998 1975 4067 episcopi
2013 3997 2225 4053 Galliae
2271 3999 2330 4052 in
2377 4014 2476 4052 sua
2512 4000 2582 4052 ad
2618 3998 2956 4053 Bonifatium

648 4077 880 4146 epistola
928 4084 1144 4132 tantum
1189 4078 1485 4145 loquuntur
1533 4080 1599 4133 de
1649 4077 1748 4143 iia,
1796 4093 1933 4146 quae
1976 4078 2178 4132 Petrus
2216 4078 2405 4131 Flotta
2440 4077 2779 4131 Bonifatium
2825 4077 2957 4131 scri-

647 4159 823 4225 psisse
861 4158 1175 4223 asseruerit,
1212 4158 1333 4225 ipsa
1370 4163 1553 4212 autem
1591 4158 1917 4211 documenta
1954 4173 2063 4210 non
2101 4163 2535 4211 commemorant.
