3281 5014
860 427 1157 482 Conflictus
1196 443 1315 481 cum
1354 425 1608 496 Philippo
1646 429 1709 482 P.
1748 435 2058 486 renovatus.
2554 432 2622 485 41

484 570 589 633 43.
672 569 851 634 Haec
919 568 1111 634 Bulla
1179 572 1518 652 postquam
1591 570 1661 633 in
1726 572 2105 638 consistorio
2176 572 2622 640 Cardinalibus

303 667 633 751 proposita
695 673 761 731 et
828 666 1290 731 deliberatione
1354 665 1587 748 pluries
1651 667 1875 732 habita
1894 666 1946 751 ¹)
2016 672 2371 753 approbata
2434 676 2624 748 esset,

303 763 499 828 initio
553 763 709 826 anni
758 762 928 826 1302
986 784 1098 845 per
1147 761 1459 827 Jacobum
1513 762 2028 830 archidiaconum
2083 765 2147 829 N
2151 767 2624 832 arbonnensem

305 859 445 944 regi
489 861 871 924 transmissa
919 864 1037 923 est.
1127 858 1338 935 Quum
1396 858 1499 923 die
1560 857 1672 922 10⁰
1718 859 2052 925 Februarii
2109 885 2147 926 a
2191 885 2343 949 rege
2391 865 2625 929 admis-

303 979 412 1022 sus
457 978 597 1021 eam
644 958 862 1041 paucis
907 955 1354 1040 praesentibus
1401 955 1701 1039 Philippo
1746 957 2019 1041 legeret,
2073 981 2282 1026 comes
2328 959 2623 1026 Artesius

303 1054 476 1138 regis
522 1053 942 1117 consobrinus
989 1074 1129 1116 eam
1178 1073 1253 1115 ex
1305 1073 1499 1116 manu
1531 1051 1757 1117 Jacobi
1805 1055 2060 1145 eripuit,
2110 1056 2177 1119 in
2216 1055 2432 1141 ignem
2481 1058 2624 1149 pro·

295 1151 462 1236 jecit
506 1155 701 1233 atque
760 1148 1129 1213 combussit.
1221 1147 1390 1211 Dein
1443 1159 1510 1212 et
1556 1138 1764 1227 aliud
1779 1144 1978 1233 liujus
2022 1146 2253 1218 Bullae
2301 1140 2624 1238 exemplar

303 1241 495 1311 clero
506 1244 937 1311 ‘destinatum
1007 1249 1336 1309 retentum
1408 1249 1474 1308 et
1543 1267 1955 1330 suppressum
2032 1255 2147 1312 est.
2257 1249 2409 1314 Alia
2471 1273 2622 1315 vero

302 1344 433 1408 fuit
476 1343 655 1407 bulla
699 1342 1032 1425 supposita
1079 1346 1143 1406 et
1183 1342 1255 1405 in
1303 1342 1530 1426 vulgus
1575 1363 1815 1426 sparsa,
1861 1349 2189 1428 tamquam
2239 1368 2277 1410 a
2307 1345 2621 1413 Pontifice

303 1441 520 1520 missa,
564 1445 637 1504 ut
683 1438 1014 1504 Gallorum
1062 1438 1261 1503 animi
1311 1439 1380 1502 in
1429 1437 1809 1503 Pontificem
1858 1442 2356 1508 concitarentur.
2445 1443 2622 1508 Haec

302 1536 484 1601 bulla
531 1537 854 1619 supposita
909 1534 1119 1599 brevis
1175 1539 1303 1610 est,
1363 1540 1430 1603 et
1485 1535 1576 1599 sic
1632 1558 1702 1600 se
1756 1537 1980 1603 habet:
2042 1536 2432 1620 Bonifatius
2485 1540 2617 1622 epi-

301 1652 552 1715 scopus,
632 1651 858 1697 servus
934 1650 1268 1695 servorum
1335 1630 1495 1710 Dei,
1580 1631 1894 1714 Philippo
1961 1632 2376 1701 Francorum
2461 1637 2616 1718 reqi.

304 1729 526 1794 Deum
593 1728 773 1809 time,
842 1733 904 1792 et
965 1729 1278 1794 mandata
1342 1726 1483 1809 ejus
1547 1727 1826 1793 observa.
1936 1728 2119 1794 Scire
2182 1734 2241 1795 te
2301 1731 2615 1818 volumus,

302 1825 478 1909 quod
516 1825 590 1890 in
633 1825 1093 1908 spiritualibus
1140 1828 1200 1889 et
1246 1823 1710 1906 temporalibus
1752 1824 1937 1890 nobis
1977 1825 2176 1892 subeS.
2263 1827 2617 1908 Beneficio-

301 1944 458 1988 rum
505 1928 565 1988 et
605 1922 1125 2005 praebendarum
1181 1921 1268 1985 ad
1322 1925 1380 1984 te
1427 1920 1682 1986 collatio
1726 1921 1912 1987 nulla
1957 1927 2227 2004 spectat,
2289 1929 2350 1988 et
2394 1925 2452 1989 si
2498 1925 2619 1990 ali-

303 2040 584 2102 quorum
630 2018 1008 2084 vacantium
1054 2017 1411 2083 custodiam
1457 2017 1723 2095 habeas,
1779 2019 2040 2101 fructus
2097 2041 2319 2086 eorum
2378 2043 2618 2087 succes·

303 2115 566 2181 scribas
610 2134 926 2195 reserves;
973 2120 1034 2180 et
1077 2114 1137 2179 si
1182 2135 1346 2196 quae
1391 2115 1744 2193 contulisti,
1792 2115 2193 2182 collationem
2242 2115 2620 2201 hujusmodi

303 2212 574 2278 irritam
619 2211 1042 2290 decrevimus,
1098 2215 1159 2275 et
1203 2215 1524 2293 quantum
1580 2211 1657 2275 de
1711 2211 1887 2293 facto
1934 2214 2320 2296 processerit
2364 2235 2615 2280 revoca·

301 2329 465 2376 mus.
560 2308 765 2374 Aliud
818 2313 1036 2374 autem
1080 2307 1404 2373 credentes
1458 2306 1814 2374 haereticos
1869 2314 2267 2392 reputamus.
2361 2310 2616 2376 Datum

300 2405 390 2470 ad
445 2405 855 2471 Lateranum
916 2404 1128 2469 Nonis
1186 2404 1340 2470 Dec.
1404 2411 1524 2470 etc.
1631 2404 1758 2470 Sed
1821 2407 2015 2471 etiam
2083 2408 2209 2471 alia
2270 2410 2619 2492 composita

301 2503 431 2569 fuit
476 2511 542 2568 et
587 2503 656 2568 in
700 2504 931 2588 vulgus
990 2525 1208 2587 sparsa
1263 2503 1565 2587 epistola,
1629 2498 1912 2587 Philippi
1962 2502 2290 2579 videlicet,
2346 2528 2471 2589 qua
2516 2505 2615 2569 di-

299 2601 571 2665 cebatur
617 2599 915 2664 Pontifici
963 2600 1382 2682 respondisse.
1476 2599 1657 2665 Haec
1712 2601 1985 2683 epistola
2030 2602 2123 2665 ita
2170 2601 2395 2666 habet:
2456 2600 2617 2665 Phi·

301 2695 547 2780 lippus,
605 2694 738 2760 Dei
776 2694 1002 2777 ‘qratia
1049 2694 1460 2761 Francorum
1507 2715 1645 2774 rex,
1695 2695 2041 2778 Bonifatio
2100 2717 2166 2760 se
2198 2696 2454 2778 yerenti
2488 2719 2615 2781 pro

298 2812 552 2858 summo
579 2791 892 2872 Pontifice
929 2791 1203 2856 salutem
1236 2790 1555 2857 modicam
1602 2813 1717 2857 seu
1762 2792 2031 2858 nullam.
2112 2792 2293 2859 Sciat
2323 2793 2615 2859 maxima

299 2894 421 2954 tua
461 2888 774 2970 fatuitas,
828 2888 903 2954 in
958 2887 1422 2970 temporalibus
1474 2909 1594 2954 nos
1646 2887 1849 2954 alicui
1904 2910 2035 2954 non
2090 2889 2369 2970 subesse,
2435 2890 2616 2956 eccle·

296 2985 557 3051 siarum
593 2990 672 3054 ,εἰ
715 2984 1242 3068 praebendarum
1296 2983 1676 3050 vacantium
1732 2985 2102 3052 collationes
2158 2986 2245 3050 ad
2295 3008 2412 3051 nos
2456 2987 2616 3070 jure

295 3081 479 3164 reqio
527 3081 884 3163 pertinere,
943 3082 1205 3161 fructus
1258 3102 1480 3147 eorum
1535 3086 1791 3146 nostros
1841 3081 2092 3163 facere,
2157 3082 2528 3148 collationes
2574 3104 2616 3147 a

294 3177 486 3243 nobis
548 3177 858 3243 hactenus
918 3178 1134 3260 factas
1195 3182 1255 3242 et
1319 3177 1394 3243 in
1452 3181 1784 3259 posterum
1853 3177 2192 3260 faciendas
2251 3179 2394 3261 fore
2454 3180 2613 3244 vali·

294 3274 419 3340 das
491 3278 552 3339 et
623 3276 698 3339 in
755 3274 1190 3357 praeteritum
1263 3279 1323 3339 et
1388 3274 1729 3356 futurum,
1808 3278 1869 3339 et
1937 3294 2164 3339 earum
2223 3296 2614 3358 possessores

295 3375 528 3436 contra
594 3392 812 3437 omnes
873 3371 1158 3436 viriliter
1227 3392 1346 3437 nos
1420 3369 1609 3435 tueri.
1732 3370 1928 3436 Secus
2004 3374 2222 3437 autem
2290 3371 2613 3437 credentes

275 3468 520 3551 fatuos
583 3471 644 3531 et
709 3467 1025 3533 dementes
1091 3472 1492 3550 reputamus.
1603 3469 1796 3533 Hanc
1860 3478 2193 3553 tamquam
2260 3472 2611 3554 genuinam

296 3566 639 3650 epistolam
712 3564 1041 3630 Bonifatio
1087 3587 1125 3629 a
1171 3564 1473 3649 Philippo
1528 3566 1786 3629 missam
1844 3566 2058 3649 plures
2107 3565 2351 3630 habent
2395 3574 2611 3631 aucto·

295 3660 478 3746 res,²)
550 3661 661 3726 sed
730 3662 952 3726 eadem
1023 3660 1360 3726 manifeste
1431 3662 1704 3727 conficta
1772 3660 2088 3745 quaedam
2161 3667 2260 3726 est
2333 3667 2398 3726 et
2465 3684 2609 3746 sup-

294 3760 510 3842 posita
569 3759 899 3840 responsio
962 3758 1130 3842 regis
1194 3756 1272 3821 ad
1329 3758 1721 3841 suppositam
1783 3758 2027 3841 pariter
2087 3757 2326 3822 bullam
2392 3757 2607 3824 Deum

479 4002 524 4062 ¹)
566 4001 672 4055 Cfr.
713 4001 923 4066 Hefele‚
960 4002 1024 4054 B.
1052 3999 1148 4053 VI.
1187 3998 1236 4068 ξ.
1277 4003 1398 4054 688.
1437 4002 1557 4053 689.

472 4080 518 4148 ²)
556 4079 713 4135 Inter
749 4080 1081 4135 recentiores
1119 4080 1199 4134 ita
1224 4080 1506 4135 existimat
1534 4079 1906 4143 Rohrbacher‚
1946 4090 1986 4134 t.
2014 4079 2164 4133 XIX.
2201 4080 2239 4133 l.
2279 4082 2361 4133 77.
2400 4097 2451 4148 p.
2479 4082 2608 4142 4243

299 4157 495 4228 Alzog,
531 4158 597 4212 Τ.
635 4159 712 4213 Π.
747 4158 796 4229 ξ.
835 4162 954 4214 226.

2652 3555 2702 3601 >s
