3281 5014
797 424 879 478 De
915 423 1423 491 ReservationibuS‚
1460 424 1722 491 AnnatiS,
1760 423 2120 478 Commendis.
2510 424 2615 476 213

1808 639 2033 648 ,,--.-α-κ-υι--’-ν
2118 635 2171 649 Q—

294 659 880 756 rgfflsssgbemiae.
975 662 1202 727 Altero
1249 684 1420 727 anno
1475 661 1671 743 1347,
1729 684 1927 747 quum
1972 661 2210 725 bellum
2256 660 2440 725 civile
2476 662 2616 744 jam
2643 656 2932 761 Μῡῐζίξῗᾶθ·

295 751 695 836 immineret,
758 753 860 822 dle
922 759 1031 822 11⁰
1080 757 1377 823 Octobris
1436 765 1643 824 morte
1697 762 1793 823 est
1852 766 2181 841 correptus
2238 756 2616 836 Ludovicus,
2660 770 2733 824 N!

291 859 364 919 et
408 854 676 920 Carolus
737 856 997 938 pacifice
1057 877 1329 939 regnum
1393 859 1459 920 et
1503 855 1845 940 Imperium
1905 854 2210 919 obtinuit.
2275 889 2357 898 —
2420 851 2615 917 Caro-

296 948 398 1016 lus
445 950 561 1015 IV.
623 953 923 1036 regnavit
984 973 1185 1035 usque
1243 951 1323 1015 ad
1384 975 1442 1016 a.
1511 953 1700 1017 1378.
1809 952 2102 1036 Regnum
2164 971 2349 1014 suum
2410 948 2614 1014 Bohe—

295 1048 462 1113 miae
524 1051 711 1111 tanta
774 1048 1256 1114 administravit
1312 1048 1746 1113 sollicitudine
1802 1055 1869 1113 et
1921 1047 2001 1112 ad
2063 1047 2256 1111 talem
2315 1046 2616 1130 perduxit

296 1144 818 1228 prosperitatem,
887 1149 963 1210 ut
1032 1168 1070 1208 a
1133 1143 1434 1209 Boheinis
1496 1165 1721 1229 regum
1784 1166 2044 1210 suorum
2107 1143 2272 1208 forte
2330 1164 2615 1206 summus

295 1241 630 1307 habeatur.
725 1237 852 1306 Sed
896 1240 1248 1325 Imperium
1302 1241 1496 1326 longe
1539 1242 1753 1306 abfuit
1810 1242 1892 1305 ab
1939 1242 2208 1324 antiquo
2256 1239 2614 1323 splendore,

291 1337 577 1401 influxus
625 1339 762 1422 ejus
818 1339 885 1401 in
933 1338 1126 1403 Italia
1173 1339 1307 1402 fere
1354 1339 1571 1403 nullus
1618 1342 1794 1413 erat,
1857 1341 2051 1421 atque
2100 1337 2295 1401 etiam
2339 1337 2408 1401 in
2456 1335 2615 1401 Ger·

297 1434 515 1498 mania
571 1434 652 1498 ad
709 1435 1044 1499 arbitrium
1106 1435 1508 1519 singulorum
1573 1434 1934 1518 principum
1994 1455 2067 1498 ac
2127 1432 2463 1498 civitatum
2510 1455 2612 1497 res

291 1530 838 1613 disponebantur,
894 1534 961 1594 et
1009 1531 1253 1594 multae
1298 1530 1367 1593 in
1410 1530 1605 1595 variis
1662 1531 2036 1616 regionibus
2083 1530 2308 1595 turbae
2354 1535 2615 1596 exortae

295 1632 475 1691 sunt.
580 1625 925 1692 Praeterea
987 1628 1239 1711 magnis
1300 1626 1775 1691 calamitatibus
1841 1626 1998 1691 haec
2057 1631 2346 1711 tempora
2410 1628 2612 1692 abun-

295 586 422 649 que
486 564 869 630 electoribus
930 588 1044 630 rex
1107 569 1360 630 creatus
1423 567 1547 631 fuit
1607 566 1874 632 Carolus
1932 563 2047 631 IV.
2107 564 2616 650 filiustoss—anpjs

298 1723 565 1801 darunt,
635 1723 810 1788 inter
875 1746 1035 1807 quas
1100 1723 1437 1807 praecipue
1506 1727 1879 1788 recensetur
1940 1723 2174 1808 ingens
2237 1723 2350 1787 illa
2415 1726 2614 1806 pesti-

294 1820 531 1897 lentia,
585 1841 750 1904 quae
800 1820 972 1884 ultra
1017 1820 1397 1884 decennium
1452 1822 1661 1884 totum
1708 1819 1843 1884 fere
1886 1819 2105 1883 orbem
2150 1825 2467 1883 terrarum
2515 1843 2616 1884 va·

297 1918 518 1981 stavit.
627 1916 685 1979 A
751 1916 971 1981 multis
1034 1915 1430 1995 auctoribuS,
1499 1918 1881 1999 praesertim
1945 1914 2356 1997 Germaniae,
2426 1916 2618 1982 Caro-

297 2014 397 2077 lus
445 2011 558 2078 IV.
620 2016 987 2092 accusatur,
1059 2012 1230 2097 quod
1291 2012 1583 2097 ignavia,
1657 2013 2090 2097 negligentia,
2159 2013 2444 2078 socordia
2502 2037 2616 2079 sua

293 2109 493 2173 dilabi
561 2109 914 2193 Imperium
983 2110 1187 2194 magis
1257 2109 1587 2193 magisque
1660 2108 1902 2174 fecerit.
2015 2107 2143 2175 Sed
2209 2110 2318 2174 alii
2385 2112 2615 2176 merito

299 2228 445 2270 eum
503 2210 848 2281 excusant3
913 2205 1069 2269 adeo
1127 2206 1300 2270 enim
1354 2206 1477 2270 sub
1530 2203 1857 2271 Ludovico
1905 2207 2043 2290 jam
2102 2206 2420 2271 diminuta
2476 2212 2616 2272 erat

287 2301 709 2385 Imperatoris
755 2306 1073 2387 potestaS,
1121 2324 1194 2366 ac
1240 2323 1341 2366 res
1388 2301 1544 2366 adeo
1588 2301 2038 2385 perturbatae,
2085 2308 2159 2368 ut
2204 2302 2615 2369 difficultates

296 2420 579 2463 summae
639 2420 718 2463 ex
763 2403 949 2481 parte
1007 2398 1365 2481 principum
1413 2403 1480 2461 et
1537 2399 1919 2481 populorum
1968 2399 2198 2464 Carolo
2253 2399 2611 2467 obstarent.

294 2494 633 2560 Caeterum
697 2517 849 2560 vero
911 2499 1051 2560 erat
1107 2494 1243 2579 ipse
1298 2493 1617 2560 Ecclesiae
1681 2517 1755 2559 ac
1809 2495 2113 2580 religioni
2169 2494 2484 2578 addictus,
2549 2502 2614 2562 et

294 2593 525 2656 saltem
593 2593 1079 2674 magnificentia
1151 2592 1427 2676 quadam
1498 2594 1771 2655 externa
1831 2590 2241 2676 Imperatoris
2310 2596 2612 2679 majesta·

293 2694 425 2752 tem
484 2688 652 2753 tueri
704 2688 1030 2753 studebat.
1134 2688 1261 2753 Res
1317 2693 1533 2753 tamen
1593 2688 2083 2769 ecclesiasticae,
2145 2712 2342 2774 quum
2390 2691 2612 2757 Ponti·

292 2784 442 2848 fices
499 2784 840 2850 Avenione
904 2785 1356 2849 auctoritatem
1414 2805 1595 2847 suam
1656 2788 1722 2849 et
1779 2784 2099 2852 influxum
2159 2788 2409 2852 minore
2470 2811 2611 2872 pos·

289 2886 440 2945 sent
488 2872 704 2966 vigore
749 2881 1070 2965 explicare
1090 2930 1106 2958 ,
1164 2881 1475 2966 malisque
1524 2886 1589 2945 et
1634 2903 1887 2945 morum
1933 2885 2328 2968 corruptioni
2372 2886 2611 2950 mederi

292 2978 506 3042 minus
562 2979 882 3055 valerent,
941 2978 1145 3063 magis
1207 2978 1536 3062 magisque
1596 2977 1895 3043 turbatae
1952 2985 2138 3058 sunt,
2200 3003 2273 3046 ac
2330 2980 2609 3067 discipli·

291 3096 448 3152 nae,
523 3075 926 3139 reverentiae
995 3079 1061 3138 et
1128 3074 1532 3139 obedientiae
1596 3094 1750 3158 erga
1811 3081 2106 3141 sanctam
2169 3075 2400 3143 Sedem
2463 3081 2608 3144 vin-

287 3171 434 3234 cula
479 3172 785 3241 resoluta.

1400 3489 1524 3558 IV.

407 3621 537 3686 De
585 3619 1345 3697 Reservavtonibus,
1393 3618 1763 3684 Annatv's
1809 3623 1888 3682 et
1933 3616 2489 3681 Commendet-9.

471 3775 573 3838 68.
631 3773 816 3839 Inter
870 3775 1335 3851 accusationeS,
1394 3795 1555 3857 quae
1611 3773 1682 3836 in
1734 3771 2074 3837 Pontifices
2121 3770 2605 3837 Avenionenses

288 3873 619 3954 feruntur,
683 3871 1258 3937 considerationem
1316 3870 1701 3953 peculiarem
1758 3873 2092 3933 merentur
2146 3868 2440 3953 querelae
2496 3891 2606 3932 va·

287 4080 508 4149 quando
546 4076 996 4134 excommunicati
1043 4077 1293 4132 absoluta
1329 4076 1703 4131 obstinatione
1741 4073 2229 4146 (incandescentia)
2275 4076 2605 4144 perversita-

287 4165 405 4214 tem
446 4174 597 4213 suam
635 4157 938 4212 reddebant
974 4156 1340 4211 manifestam.
