3281 5014
1049 468 1348 523 Processus
1381 474 1580 522 centra
1616 467 1971 536 Templarios.
2586 472 2663 524 89

343 611 712 695 dulgentia,
788 611 885 674 in.
920 632 994 676 eo
1055 632 1292 675 morem
1355 611 1556 701 gessit
1603 608 1933 693 Philippo,
2003 609 2173 694 quod
2236 612 2303 676 in
2366 611 2663 694 pluribus

345 708 637 791 epistolis
691 706 1037 783 Bonifatii,
1098 729 1173 771 ac
1232 708 1610 790 praesertim
1669 707 1738 770 in
1799 706 1911 770 illa
1959 705 2281 771 Ausculta
2332 705 2460 785 fili,
2523 707 2658 771 radi

345 804 503 869 fecit
567 806 637 868 in
717 804 1190 887 exemplaribus
1261 803 1650 868 authenticis
1727 807 2126 887 regestorum
2213 805 2498 869 Archivii
2563 826 2663 880 ea,

344 922 512 983 quae
565 895 782 984 regem
837 901 1183 983 superbum
1242 901 1446 984 magis
1501 898 1965 984 pungebant.¹)
2054 899 2396 967 Restitisse
2441 907 2660 967 autem

346 997 728 1061 Pontificem
784 998 954 1081 regi,
1015 1018 1213 1081 quum
1273 998 1628 1080 postularet
1673 996 1985 1061 Bonifatii
2044 998 2664 1075 condemnationem,

347 1092 640 1179 superius
686 1092 984 1158 vidimus.

1461 1290 1559 1359 11.

533 1419 665 1485 De
699 1431 1100 1499 processu
1143 1427 1438 1485 conon-a
1489 1420 2016 1499 femmam-&os
2058 1422 2469 1486 instituto.

525 1576 630 1639 13.
671 1574 819 1640 Jam
868 1576 1199 1641 veniamus
1244 1576 1324 1639 ad
1375 1575 1720 1639 maximum
1767 1575 1927 1639 illud
1975 1577 2311 1660 negotium
2358 1577 2475 1641 sub
2520 1577 2661 1641 cle-

344 1672 585 1736 mentis
655 1673 1035 1756 pontificatu
1105 1677 1464 1756 peractum,
1532 1672 1830 1738 videlicet
1894 1672 1975 1737 ad
2043 1694 2300 1737 causam
2370 1674 2659 1758 equitum

346 1768 877 1852 Templariorum.
973 1768 1067 1833 Ut
1122 1790 1273 1833 vero
1305 1768 1446 1833 liae
1492 1769 1561 1833 in
1617 1789 1689 1831 re
1748 1790 1824 1831 ex
1880 1768 2105 1833 ordine
2161 1770 2663 1854 progrediamur,

344 1865 696 1930 referemus
766 1867 1034 1949 primum
1108 1866 1439 1944 historice,
1515 1887 1646 1950 qua
1711 1865 1964 1929 ratione
2030 1867 2371 1949 inquisitio
2435 1871 2663 1931 contra
2719 1859 2727 1865 ’

346 1960 745 2046 Templarios
809 1963 1115 2027 instituta
1178 1970 1244 2026 et
1305 1962 1510 2038 facta,
1574 1967 1770 2045 atque
1834 1963 1904 2026 in
1969 1961 2256 2028 Concilio
2306 1962 2661 2028 Viennensi

343 2058 503 2124 ordo
557 2060 679 2123 iste
734 2060 1012 2123 abolitus
1069 2060 1186 2132 sit;
1220 2059 1396 2122 dein
1443 2080 1594 2123 vero
1651 2060 2159 2124 examinabimus
2216 2052 2663 2144 quaestionem

343 2155 424 2219 de
472 2157 703 2220 reitate
750 2157 849 2221 vel
896 2155 1271 2221 innocentia
1312 2155 1851 2238 Templariorum.

532 2286 631 2350 14.
689 2283 862 2350 Ordo
909 2285 1413 2369 Templariorum
1473 2310 1529 2350 a.
1585 2288 1753 2351 1118
1812 2286 1890 2349 ad
1946 2286 2381 2350 defensionem
2425 2285 2662 2350 Terrae
2698 2283 2982 2326 0¹‘10T0‘m

350 2381 628 2447 Sanctae
672 2382 1014 2446 institutus
1059 2388 1218 2459 erat,
1264 2391 1459 2466 atque
1506 2404 1584 2446 ex
1633 2383 1977 2467 equitibus,
2022 2383 2330 2448 fratribus
2376 2382 2659 2447 servien·
2715 2347 2810 2399 pm
2813 2345 2972 2388 mm

348 2480 526 2545 tibus
584 2485 646 2543 et
701 2479 1134 2546 sacerdotibus
1189 2481 1538 2565 capellanis
1597 2480 1971 2561 constabat3
2034 2480 2284 2563 equites
2340 2485 2403 2543 et
2458 2500 2661 2545 sacer·

351 2576 531 2640 dotes
588 2597 666 2640 ex
721 2577 1045 2642 nobilibus
1101 2588 1290 2642 erant
1349 2577 1613 2641 familiis
1676 2578 1821 2641 orti.
1915 2576 2160 2640 Versus
2212 2577 2472 2640 initium
2525 2599 2660 2642 sae·

352 2673 476 2738 culi
539 2671 723 2737 XIV.
789 2663 892 2737 hic
961 2672 1133 2739 Ordo
1198 2673 1277 2737 ad
1341 2673 1679 2757 'fastigium
1753 2668 2135 2756 pervenerat
2205 2674 2666 2756 prosperitatis,

354 2773 678 2853 quatenus
747 2779 884 2833 tum
956 2792 1309 2853 permagna
1375 2774 1515 2834 erat
1580 2771 1720 2853 ejus
1784 2767 2107 2852 potentia,
2177 2775 2315 2833 tum
2380 2791 2667 2834 summae

352 2866 558 2950 ipsius
615 2865 878 2930 divitiae
930 2872 1000 2932 et
1054 2867 1540 2932 latifundiorum
1595 2867 2045 2950 possessiones.
2139 2865 2429 2930 Membra
2478 2864 2667 2931 Ordi-

354 2964 456 3027 nis
528 2984 602 3047 eo
677 2968 964 3047 tempore
1031 2964 1283 3028 circiter
1355 2962 1723 3046 quindecim
1803 2964 2003 3028 millia
2071 2963 2269 3028 fuisse
2349 2959 2665 3039 videntur,

352 3043 697 3143 pluresque
759 3065 945 3124 erant
1001 3061 1391 3143 provinciae,
1457 3061 1521 3123 in
1581 3081 1744 3143 quas
1801 3059 2018 3123 eadem
2081 3059 2667 3142 distribuebantur3

357 3176 511 3287 prae
570 3160 800 3221 celeris
865 3157 1207 3259 provinciis
1269 3162 1485 3221 autem
1547 3155 1797 3221 Gallica
1851 3163 1991 3219 tum
2051 3178 2317 3221 numero
2376 3156 2668 3241 equitum

362 3330 673 3386 vocationst‘
726 3362 791 3368 κ
839 3331 975 3392 Imo,
1014 3330 1314 3385 Clementis
1361 3330 1661 3385 declaratio
1707 3329 1986 3398 principia
2032 3329 2089 3382 in
2124 3329 2288 3383 Bulla
2333 3327 2511 3384 Unam
2544 3346 2671 3383 san-

356 3414 499 3467 ctam
535 3410 829 3467 enunciata
871 3424 971 3464 nec
1017 3411 1195 3479 quoad
1231 3409 1467 3464 Galliam
1514 3409 1789 3474 mutabat,
1838 3409 1935 3464 sed
1973 3415 2188 3463 tantum
2226 3410 2533 3472 statuebat,
2578 3424 2673 3463 no-

356 3505 487 3542 vam
519 3504 699 3542 rerum
725 3488 1092 3553 conditionem
1130 3488 1257 3544 inde
1295 3489 1753 3551 nondimanasse.
1815 3488 1901 3541 Ad
1939 3503 2053 3542 rem
2088 3488 2333 3556 apprime
2370 3488 2437 3542 cl.
2465 3488 2670 3541 Balau:

364 3567 677 3632 „Clemente
714 3584 822 3620 non
859 3567 1033 3633 aboli‚
1068 3584 1177 3622 non
1214 3567 1378 3632 tolse,
1432 3583 1582 3621 come
1621 3564 2103 3634 ignorantemente
2140 3583 2173 3621 o
2208 3566 2676 3620 maliziosamente

361 3646 406 3699 si
445 3644 643 3700 scrisse
681 3645 751 3699 da
788 3646 980 3700 alcuno
1017 3646 1074 3699 la
1106 3646 1270 3700 Bolla
1315 3645 1493 3700 Unam
1533 3648 1790 3700 Sanctam
1827 3645 1881 3698 di
1918 3644 2234 3709 Bonifazio,
2272 3644 2417 3699 bolla
2453 3644 2674 3712 dogma-

359 3725 474 3778 tica
509 3724 610 3779 che
647 3724 899 3780 contione
935 3726 1195 3780 dottrina
1215 3717 1644 3792 perfettamente
1690 3724 2024 3783 confermata
2069 3724 2216 3778 dalla
2252 3724 2472 3791 Chiesa3
2516 3740 2606 3781 ma
2636 3740 2678 3777 a

363 3803 650 3871 pacificare
686 3804 729 3858 il
763 3804 949 3870 Bello,
987 3805 1204 3860 decreto
1243 3805 1344 3859 che
1380 3804 1433 3859 le
1466 3803 1743 3858 relazioni
1790 3804 1875 3857 fra
1910 3804 2108 3858 Chiesa
2144 3822 2174 3860 e
2211 3804 2371 3859 Stato
2407 3805 2466 3858 in
2504 3805 2678 3858 Fran·

304 3944 307 3949 .
363 3882 449 3939 cia
500 3883 882 3938 resterebbero
939 3884 1087 3950 quali
1142 3900 1308 3937 erano
1364 3883 1539 3952 prima
1586 3883 1644 3938 di
1693 3883 1875 3950 quella
1926 3883 2040 3938 cioe
2091 3883 2146 3937 ai
2193 3883 2363 3952 tempi
2412 3883 2467 3937 di
2510 3885 2675 3938 Inno-

363 3979 529 4018 cenzo
567 3961 701 4029 111„
752 3962 795 4016 il
830 3962 919 4016 che
952 3980 1048 4017 era
1082 3980 1221 4018 come
1256 3980 1335 4017 un
1370 3961 1602 4031 ripetere
1637 3967 1839 4029 quanto
1888 3963 2071 4017 voleva
2106 3962 2158 4015 la
2196 3961 2332 4017 bolla
2365 3962 2550 4018 odv‘ata
2586 3962 2679 4016 dal

362 4042 575 4097 Bellof‘
644 4005 826 4095 Storia
862 4038 1087 4096 d'Italia
1120 4043 1181 4096 L.
1219 4041 1421 4095 XXIX.
1461 4057 1511 4095 n.
1552 4041 1648 4094 IV.

541 4122 586 4185 ²)
623 4120 764 4175 Vide
802 4122 1180 4177 documentum
1228 4120 1427 4175 notarii
1468 4120 1709 4173 Oddonis
1748 4121 1814 4217 de
1858 4118 2125 4174 Sermieto
2174 4120 2276 4172 hac
2323 4119 2390 4174 de
2434 4134 2494 4173 re
2532 4118 2680 4184 apud

363 4201 535 4259 'Posti
562 4201 681 4259 Vol.
723 4201 795 4255 11.
818 4202 1232 4257 Documentum
1271 4201 1539 4255 ultimum.
1587 4231 1592 4235 -
1692 4244 1698 4252 .
