3281 5014
715 370 785 422 96
1161 368 1362 422 XXXI.
1400 368 1483 424 De
1520 369 1817 426 abolitione
1855 368 2076 425 Ordinis
2116 371 2568 439 Templariorum.

715 530 870 574 esse.
991 509 1237 575 Iterum
1305 510 1739 594 commendat,
1802 515 1877 575 ut
1939 533 2073 576 rem
2141 533 2287 577 cum
2357 512 2807 581 cardinalibus
2877 523 3025 599 apte

713 604 1048 691 ordinet.¹)
1140 604 1572 691 Suspenderat
1617 607 1912 673 Clemens
1970 614 2301 692 praeterea
2357 631 2504 675 mox
2563 634 2783 678 omnes
2828 612 3024 678 facul-

712 704 885 767 tates
929 703 1382 788 inquisitorum
1431 708 1497 769 et
1542 704 2001 788 episcoporum,
2049 727 2133 769 ne
2180 707 2448 784 ulterius
2496 707 2565 771 in
2611 730 2804 774 causa
2839 709 3023 774 Tem·

713 798 1059 883 plariorum
1102 800 1397 885 progredi
1453 807 1741 883 possent,
1803 805 1868 864 et
1923 800 2047 865 sibi
2101 803 2433 885 negotium
2491 802 2610 869 hoc
2655 806 3024 869 reservavit.

891 896 994 961 17.
1054 896 1326 982 Interim
1387 903 1612 962 tamen
1679 896 1983 961 Pontifex
2039 897 2277 962 certior
2331 898 2543 964 factus
2603 905 2727 978 est,
2786 902 3024 966 multos

711 991 1105 1076 Templarios
1163 992 1432 1058 crimina
1492 993 1815 1070 confiteri,
1886 992 2137 1077 ipsique
2192 993 2427 1059 nobilis
2486 994 2886 1080 Templarius
2941 999 3023 1064 sie·

376 1099 580 1176 Epistola
613 1106 690 1144 Ρα-
709 1088 925 1152 milem
981 1090 1449 1157 confessionem
1514 1089 1689 1155 fecit.
1798 1090 1871 1154 Id
1938 1094 2119 1175 patet
2183 1111 2261 1155 ex
2326 1092 2597 1175 epistola
2655 1091 3023 1158 Pastoralis

374 1167 691 1267 Ἤηᾊρᾟε·
698 1183 1283 1267 praeeminentiae,
1339 1209 1532 1269 quam
1580 1185 1877 1251 Clemens
1932 1186 1993 1251 d.
2041 1186 2101 1251 d.
2160 1184 2276 1250 22⁰
2320 1186 2701 1272 Novembris
2746 1212 2801 1257 a.
2853 1191 3019 1256 1307

707 1281 790 1347 ad
846 1281 1212 1370 Edu-ardum
1273 1282 1565 1368 Anglum
1629 1283 1918 1368 aliosque
1974 1284 2292 1367 principes
2351 1286 2555 1364 misit,
2629 1292 2884 1371 petens,
2950 1294 3022 1351 ut

706 1379 777 1444 in
836 1401 1058 1447 eorum
1122 1380 1337 1464 regnis
1400 1379 1483 1444 ab
1546 1380 1701 1463 ipsis
1765 1379 2112 1464 Templarii
2173 1381 2437 1446 nomine
2503 1379 2683 1447 Sedis
2745 1385 3024 1467 Aposto-

708 1475 864 1538 licae
908 1475 1383 1558 detinerentur,
1437 1481 1505 1542 et
1548 1475 1778 1541 horum
1825 1476 1995 1542 bona
2040 1476 2301 1542 mobilia
2348 1482 2414 1543 et
2466 1478 2819 1543 immobilia
2864 1479 3020 1543 fide-

708 1570 872 1637 libus
933 1573 1225 1656 personis
1282 1572 1546 1638 nomine
1597 1594 1815 1646 sacrae
1877 1572 2060 1638 Sedis
2119 1574 2538 1640 custodienda
2585 1564 3015 1641 traderentur.

702 1667 807 1732 Ad
866 1669 1023 1734 haec
1067 1676 1280 1733 motus
1329 1674 1426 1734 est
1475 1669 1802 1747 Clemens,
1871 1675 1945 1735 ut
2002 1670 2363 1754 provideret
2420 1672 2791 1737 auctoritati
2844 1694 3016 1737 suae.

703 1764 852 1829 Jam
896 1765 1067 1831 enim
1112 1765 1400 1841 videbat,
1459 1788 1730 1832 examen
1790 1767 1860 1830 in
1906 1767 2085 1831 illum
2135 1765 2441 1832 Ordinem
2486 1757 2622 1854 esse
2667 1770 3016 1834 instituen-

703 1860 887 1937 dum;
952 1862 1305 1927 cavendum
1365 1885 1516 1927 vero
1577 1866 1749 1941 erat,
1811 1885 1894 1927 ne
1955 1864 2063 1928 alii
2121 1864 2469 1948 principes,
2530 1864 2624 1930 uti
2680 1864 3016 1950 Philippus

701 1959 961 2036 fecerat,
1011 1965 1266 2043 praeter
1310 1959 1686 2025 mandatum
1719 1960 2044 2026 Ecclesiae
2088 1958 2209 2024 hac
2253 1961 2326 2024 in
2368 1982 2438 2024 re
2484 1961 2907 2045 procederent
2952 1967 3020 2026 et

701 2054 872 2119 bona
933 2053 1193 2121 Ordinis
1248 2061 1660 2139 occuparent.
1765 2057 2068 2121 Advertit
2128 2057 2198 2122 in
2260 2057 2380 2122 hac
2440 2057 2737 2150 epistola,
2803 2057 3015 2142 Magi-

700 2157 908 2225 strum
957 2151 1216 2217 Ordinis
1276 2158 1342 2217 et
1389 2174 1578 2237 quam
1640 2152 1948 2237 plurimos
1995 2153 2232 2222 fratres
2279 2175 2358 2218 ex
2409 2154 2678 2218 diversis
2723 2154 3016 2238 partibus

701 2249 904 2333 regni.
930 2248 1243 2314 Franciae
1301 2251 1538 2314 scelera
1593 2272 1728 2315 esse
1778 2252 2131 2323 confessos.
2186 2269 2408 2314 veram
2463 2253 2524 2314 et
2567 2268 2698 2314 non
2744 2248 3013 2314 simula·

702 2349 836 2411 tam
895 2348 1154 2428 aqentes
1206 2344 1678 2427 poenitentiam
1742 2345 1819 2409 de
1885 2345 2265 2428 commissis,
2320 2350 2523 2429 prout
2584 2344 2738 2411 haee
2800 2344 3016 2410 dictus

698 2463 819 2507 rex
864 2442 1254 2528 (Philippus)
1302 2441 1489 2507 nobis
1537 2462 1663 2526 per
1707 2461 1865 2507 suas
1921 2442 2175 2509 litteras
2226 2442 2593 2522 intimavit,
2650 2444 2711 2507 et
2766 2442 2853 2507 ad
2896 2462 3016 2509 nos

700 2539 897 2606 etiam
932 2539 1345 2628 postmodum
1393 2543 1861 2623 pervenerunt,
1914 2541 2103 2622 fama
2145 2539 2407 2622 publiea
2447 2539 2786 2622 deferente.
2875 2539 3014 2605 Nos

698 2656 948 2719 quoque
993 2657 1200 2704 unum
1246 2636 1520 2703 militem
1565 2635 1727 2701 dieti
1777 2635 2074 2715 Ordinis,
2134 2656 2411 2721 magnae
2448 2636 2907 2721 qenerositatis
2952 2641 3013 2701 et

698 2733 1114 2799 auctoritatis
1183 2733 1403 2800 virum
1472 2753 1669 2817 super
1733 2731 2068 2816 pravitate
2119 2731 2271 2815 jam
2340 2733 2514 2799 dicta
2577 2732 3013 2816 personaliter

697 2829 1239 2911 examinavimus,
1287 2829 1402 2912 qui
1446 2828 1690 2894 dietum
1735 2827 2002 2911 facinus
2047 2828 2499 2913 abneqationis
2542 2829 2706 2895 Jesu
2753 2827 3013 2894 Christi

695 2927 771 2993 in
825 2926 1128 3010 ingressu
1184 2925 1343 2992 dicti
1392 2925 1663 2992 Ordinis
1718 2946 1761 2991 a
1815 2946 1881 2991 se
1943 2925 2350 2992 commissum
2404 2930 2627 3009 sponte
2682 2926 3010 3007 confessus

691 3022 830 3106 fuit
873 3024 1167 3105 plenarie
1211 3044 1428 3090 eoram
1472 3021 1674 3088 nobis.
1764 3023 1859 3087 Et
1899 3022 2165 3105 adjecit,
2220 3043 2287 3087 se
2331 3022 2592 3103 vidisse,
2655 3023 2826 3105 quod
2871 3022 3008 3105 qui·

693 3122 845 3188 dam
900 3121 1139 3187 nobilis
1198 3120 1272 3186 in
1317 3119 1698 3204 praesentia
1743 3119 2166 3184 ducentorum
2216 3119 2514 3201 fratrum
2568 3119 2665 3183 vel
2702 3118 3009 3201 plurium

693 3218 854 3284 dicti
887 3217 1174 3298 Ordinis,
1222 3216 1397 3283 inter
1443 3237 1602 3298 quos
1640 3220 1833 3281 erant
1879 3219 2135 3281 centum
2166 3214 2405 3280 milites
2449 3216 2547 3280 vel
2591 3216 2782 3296 eirca,
2824 3215 3009 3280 ultra

691 3336 875 3382 mare
939 3314 1230 3380 videlicet
1295 3313 1371 3379 in
1437 3333 1637 3396 reqno
1709 3310 1913 3395 quri
1970 3333 2097 3395 per
2153 3311 2539 3395 praefatum
2601 3311 3007 3396 Maqistrum

690 3412 849 3479 dicti
916 3411 1185 3477 Ordinis
1245 3410 1317 3476 in
1385 3409 1670 3493 capitulo
1730 3430 1848 3474 suo
1910 3409 1984 3474 in
2045 3410 2324 3492 fratrem
2402 3407 2650 3491 Templi
2714 3413 3007 3492 receptus

685 3510 825 3593 fuit
836 3529 862 3590 ;
932 3514 995 3574 et
1059 3506 1154 3573 ibi
1186 3528 1189 3533 ⁴
1219 3507 1293 3572 in
1361 3505 1680 3572 dictorum
1743 3505 2060 3590 Magistri
2127 3510 2189 3570 et
2253 3506 2551 3588 fratrum
2604 3505 3003 3588 praesentia,

688 3607 858 3673 idem
915 3605 1153 3673 nobilis
1197 3603 1285 3668 ad
1335 3603 1723 3668 mandatum
1778 3602 1991 3685 ipsius
2035 3601 2379 3684 Magistri,
2436 3602 2678 3668 dictum
2738 3601 3005 3684 facinus

690 3705 764 3770 in
827 3724 950 3769 sua
1014 3700 1370 3784 receptione
1433 3696 1822 3784 commisit.²)
1928 3700 2193 3764 Talibus
2254 3700 2460 3785 igitur
2514 3700 2772 3765 motivis
2825 3697 3002 3764 Pon-

870 3871 912 3938 1)
949 3869 1109 3936 Apud
1144 3868 1329 3921 Balut.
1368 3867 1433 3921 Τ.
1470 3866 1544 3920 H.
1583 3883 1636 3935 p.
1679 3868 1796 3920 112.

866 3949 908 4019 ²)
963 3948 1148 4015 Epist.
1203 3947 1508 4002 Pastoralis
1551 3944 2013 4017 praeeminentiae
2066 3960 2154 4012 ap.
2208 3944 2538 4010 Benavides,
2592 3943 2880 3999 memorias
2933 3944 3003 3998 de

686 4030 754 4083 D.
791 4029 1076 4084 Fernando
1114 4025 1222 4093 IV,
1258 4025 1473 4080 Madrid
1512 4028 1675 4094 1860;
1713 4025 1777 4079 T.
1814 4025 1889 4079 Π.
1928 4041 1979 4093 p.
2017 4026 2144 4099 619.
2195 4023 2396 4078 Exstat
2434 4024 2603 4078 etiam
2638 4038 2723 4092 ap.
2763 4023 3001 4088 Wilcke,

685 4108 722 4161 l.
760 4124 805 4162 c.
845 4108 908 4162 T.
945 4107 1018 4161 H.
1060 4122 1111 4173 p.
1149 4108 1256 4159 434
1291 4104 1523 4174 Beilage
1559 4109 1610 4159 7.
1684 4102 1846 4158 Miles
1881 4102 2006 4170 ille,
2051 4100 2209 4171 quem
2246 4102 2495 4158 Clemens
2534 4103 2671 4157 dicit
2706 4119 2741 4156 a
2777 4117 2837 4157 se
2880 4118 3000 4171 per-
