3281 5014
1147 424 1577 491 Templariorum
1613 430 1815 479 reatus,
2536 428 2636 480 143

319 567 441 632 tali
468 567 747 645 -Aratione
800 589 917 651 pro
971 565 1243 631 faciliori
1301 566 1837 650 pronuntiatione
1893 589 2297 651 corrumpere
2349 566 2636 647 soleat,¹)

322 662 610 728 rudiores
677 662 1029 748 Templarii
1094 663 1446 727 servientes
1518 661 2138 729 Muhamedanorum
2205 664 2637 747 pseudo-pro·

323 759 605 843 phetam,
655 782 845 845 quem
890 761 959 825 in
1007 781 1258 824 summa
1303 759 1720 824 veneratione
1766 759 1934 843 apud
1980 761 2150 842 ipsos
2195 760 2635 842 inveniebant,

318 878 543 922 eorum
588 856 1065 939 Baphometum
1123 856 1541 940 probabiliter
1593 855 2016 939 appellavere.
2110 857 2273 920 Dein
2325 878 2475 921 vero
2521 878 2639 940 po-

319 953 453 1017 tuit
496 953 654 1018 illud
698 976 936 1018 nomen
982 953 1343 1038 generatim
1397 953 1652 1037 objecto
1698 953 1910 1016 cultus
1964 953 2392 1036 superstitiosi
2437 953 2637 1037 appli-

318 1049 472 1125 cari,
518 1051 613 1114 ita
658 1056 734 1115 ut
776 1049 1048 1131 idolum,
1093 1049 1442 1114 amuletum
1489 1048 1592 1113 vel
1639 1049 2024 1132 symbolum,
2070 1049 2243 1133 quod
2289 1050 2635 1134 Templarii

317 1145 523 1231 aliqui
569 1150 1057 1226 venerarentur,
1104 1167 1323 1211 eorum
1369 1145 1809 1229 Baphometus
1854 1146 2188 1211 diceretur.

500 1279 602 1344 57.
665 1279 987 1356 Quomodo
1048 1284 1267 1344 autem
1332 1277 1771 1364 ingredientes
1831 1277 1911 1341 ad
1965 1269 2196 1361 it‘npios
2253 1277 2414 1341 ritus
2469 1275 2634 1354 dolo,

320 1376 410 1459 vi,
455 1377 869 1459 persuasione
917 1375 1410 1453 adducerentur,
1475 1397 1552 1440 ex
1611 1396 1910 1459 processu
1967 1375 2124 1439 satis
2180 1373 2501 1450 clarescit,
2565 1395 2638 1438 ac

318 1472 748 1556 depositiones
808 1471 928 1537 hac
989 1473 1060 1537 in
1122 1495 1192 1537 re
1252 1471 1683 1537 characterem
1749 1492 1903 1555 prae
1957 1492 2024 1534 se
2086 1470 2311 1534 ferunt
2370 1469 2637 1535 sinceri-

315 1569 495 1633 tatis.
601 1566 668 1634 Si
726 1568 1248 1652 praevidebatur,
1313 1569 1592 1653 aliquem
1649 1567 1879 1631 adduci
1932 1566 2013 1630 ad
2070 1563 2381 1650 ejusmodi
2440 1565 2632 1630 ritum

318 1685 455 1729 non
502 1686 718 1749 posse,
774 1665 1197 1749 probabiliter
1244 1686 1386 1728 eum
1435 1664 1845 1729 omittebant.
1937 1661 2082 1726 Jam
2136 1663 2451 1726 maximus
2497 1666 2635 1725 erat

313 1759 552 1825 abusus
602 1761 764 1845 apud
814 1760 1237 1845 Templari08‚
1293 1762 1463 1845 quod
1518 1761 1660 1826 sine
1706 1761 1838 1825 ullo
1881 1759 2203 1823 novitiatu
2250 1758 2473 1850 statim
2519 1780 2634 1842 pro

317 1857 617 1941 professis
679 1856 1106 1923 habebantur.
1209 1857 1549 1922 Caeterum
1608 1879 1742 1922 non
1805 1855 2044 1920 debent
2109 1854 2461 1938 comparari
2518 1855 2633 1930 illi,

314 1953 430 2036 qui
476 1957 700 2018 nostro
749 1962 1034 2038 tempore
1083 1977 1158 2018 ex
1209 1954 1544 2020 vocatione
1590 1957 1655 2017 et
1712 1952 1953 2037 pietate
1999 1952 2375 2037 religionem
2425 1953 2636 2036 ingre·

314 2049 604 2126 diuntur,
653 2072 796 2116 cum
843 2051 939 2128 iis,
988 2053 1096 2136 qui
1146 2052 1258 2116 illo
1300 2057 1589 2134 tempore
1636 2050 1942 2115 Ordinem
1977 2049 2227 2133 Templi
2274 2048 2631 2114 intrabant.

317 2147 607 2213 Maxima
652 2169 730 2210 ex
779 2153 960 2230 parte
1009 2153 1197 2212 erant
1250 2147 1542 2211 illiterati
1589 2152 1656 2211 et
1700 2145 1887 2210 rudes
1934 2147 2244 2220 moribus3
2304 2167 2631 2230 quumque

315 2245 390 2309 in
435 2243 572 2326 ipso
619 2243 862 2308 Ordine
919 2249 1178 2308 tantum
1240 2244 1339 2307 bis
1392 2245 1491 2308 vel
1555 2248 1658 2308 ter
1702 2266 1816 2327 per
1883 2265 2127 2307 annum
2189 2242 2630 2326 poenitentiae

312 2345 383 2404 et
450 2338 874 2404 eucharistiae
944 2348 1349 2405 sacramenta
1425 2341 1935 2424 susciperentur,
2012 2337 2185 2402 haud
2254 2338 2632 2422 frequenter

315 2440 514 2501 antea
559 2457 665 2500 eos
697 2434 1113 2500 Sacramenta
1145 2437 1397 2513 adiisse,
1446 2437 1676 2502 merito
1708 2436 2101 2521 conjicimus.
2175 2433 2365 2499 Tales
2411 2438 2624 2499 autem

312 2532 567 2597 facilius
613 2532 692 2597 ad
740 2534 902 2598 ritus
944 2534 1171 2618 impios
1218 2532 1612 2618 peragendos
1663 2533 1887 2598 adduci
1933 2537 2255 2617 poterant.

495 2665 600 2731 58.
650 2664 986 2749 Superest,
1046 2673 1119 2730 ut
1165 2689 1365 2750 pauca
1409 2668 1693 2731 dicamus
1747 2666 1825 2729 de
1870 2666 2244 2729 narratione
2289 2665 2445 2729 satis
2489 2663 2629 2728 vul·
2687 2690 2727 2732 J.
2756 2690 2916 2732 Monoi

312 2765 502 2846 gata,
550 2784 678 2846 qua
725 2762 1033 2842 refertur,
1081 2763 1124 2828 J
1127 2764 1395 2828 acobum
1444 2762 1761 2828 Molaeum
1811 2762 2071 2828 Ordinis
2118 2760 2629 2846 Templariorum
2726 2764 2867 2803 'mm‘

315 2856 737 2943 Magistrum,
797 2880 995 2942 quum
1055 2860 1287 2924 ultimo
1347 2861 1489 2944 rogi
1549 2859 1863 2943 supplicio
1924 2857 2315 2935 afficeretur,
2389 2858 2628 2922 allocu-

314 2954 495 3019 tione
538 2955 618 3018 ad
665 2956 967 3039 populum
1016 2956 1241 3022 habita
1285 2961 1719 3021 contestatum
1760 2978 1914 3035 esse,
1966 2977 2034 3020 se
2084 2962 2282 3020 antea
2325 2975 2454 3018 non
2504 2953 2628 3021 nisi

313 3053 655 3117 tormentis
698 3058 987 3116 coactum
1032 3053 1221 3118 variis
1265 3053 1638 3117 criminibus
1673 3051 1980 3118 Ordinem
2026 3053 2393 3132 infamasse,
2440 3050 2628 3114 modo

314 3168 467 3212 vero
526 3147 754 3212 testari
813 3149 954 3232 ejus
1008 3149 1444 3214 innocentiam
1504 3152 1570 3214 et
1629 3150 2097 3231 integritatem.
2192 3148 2359 3212 Dein
2414 3147 2627 3230 ipsum

313 3244 546 3309 citasse
593 3242 991 3308 Clementem
1025 3245 1104 3309 V.
1159 3245 1536 3310 Pontificem
1596 3251 1667 3310 et
1709 3245 2079 3330 Philippum
2125 3264 2342 3329 regem
2391 3240 2471 3307 ad
2516 3241 2629 3308 tri—

314 3339 517 3404 bunal
563 3338 854 3403 divinum
901 3340 1170 3419 Christi,
1228 3342 1409 3405 illum
1457 3341 1716 3425 quidem
1766 3343 1940 3406 intra
1987 3340 2121 3406 dies
2176 3340 2626 3425 quadraginta,

315 3435 491 3500 hunc
535 3456 685 3501 vero
732 3436 908 3501 intra
952 3460 1218 3505 annum.
1310 3438 1520 3515 Quum
1569 3459 1720 3503 vero
1771 3438 2075 3503 Pontifex
2134 3442 2202 3502 et
2245 3459 2355 3501 rex
2408 3457 2630 3500 revera

315 3531 492 3595 brevi
538 3539 688 3615 post
728 3540 934 3598 morte
982 3535 1451 3619 abriperentur,
1498 3535 1849 3600 vindictam
1895 3535 2177 3598 divinam
2222 3534 2293 3598 in
2340 3533 2630 3598 testimo-

315 3628 496 3692 nium
520 3629 931 3694 innocentiae
955 3631 1463 3715 Templariorum
1497 3653 1576 3696 ex
1601 3630 1943 3696 eventibus
1976 3631 2262 3715 agnitam
2289 3630 2508 3694 fuisse.
2543 3664 2629 3674 —

315 3723 648 3810 Ejusmodi
695 3728 955 3814 relatio·
972 3728 1143 3811 apud
1184 3734 1476 3794 auctores
1522 3750 1788 3794 coaevos
1846 3750 1981 3793 non
2027 3728 2377 3792 invenitur.
2470 3724 2632 3809 Sup-

313 3822 503 3906 plicio
546 3821 846 3907 Magistri
891 3823 1398 3909 Templariorum
1457 3823 1944 3889 multitudinem
1992 3824 2296 3900 adfuisse,
2355 3845 2628 3908 eumque

492 3996 533 4063 1)
573 3996 663 4050 Ita
700 3996 843 4064 apud
878 3997 1052 4052 Italos
1102 3998 1286 4053 audies
1334 4014 1530 4054 nomen
1571 3997 1888 4065 „Rafaello“
1938 4003 2248 4065 corruptum
2289 4012 2322 4050 a
2358 3997 2531 4066 vulgu
2570 3997 2628 4050 in

315 4073 732 4144 „Waffabello“.
778 4106 848 4113 —
896 4076 1150 4132 Litterae
1200 4082 1382 4132 autem
1420 4077 1489 4131 M
1522 4077 1578 4130 in
1617 4077 1697 4141 B,
1736 4088 1793 4132 et
1829 4076 2051 4132 litterae
2086 4076 2157 4129 H
2185 4076 2239 4130 in
2279 4076 2337 4131 F
2366 4091 2627 4144 persaepe

312 4154 378 4208 fit
412 4154 558 4222 apud
595 4154 759 4208 rudes
796 4155 1045 4210 mutatio.
1119 4155 1224 4209 Cfr.
1265 4156 1486 4221 Giraud‚
1525 4155 1763 4225 Ophitae
1802 4171 1888 4224 pp.
1926 4156 2027 4208 281
2068 4171 2182 4222 sqq.

416 4249 682 4303 Jungmann,
719 4251 1076 4293 Dissertationes.
1104 4252 1227 4294 Tem.
1248 4253 1329 4294 VI.
2352 4244 2417 4294 10
