3281 5014
1196 430 1527 487 Benedictus
1563 432 1692 488 XII.
2499 436 2594 487 161

291 571 541 635 nerium
576 569 979 637 cardinalem
1009 570 1268 637 Ordinis
1302 572 1756 639 CistertiensiS.
1832 572 1894 636 Is
1938 574 2141 657 igitur
2185 574 2286 637 die
2331 572 2449 637 20⁰
2474 572 2597 638 De·

291 662 575 732 cembris
608 665 780 732 1334
835 669 1102 747 electus,
1161 690 1397 734 nomen
1454 672 1725 754 sumpsit
1773 668 2170 764 Benedictus
2212 668 2376 736 XII.
2474 669 2599 734 Hic

290 761 597 828 Pontifex
667 763 1071 862 doctissimus
1130 768 1272 829 8101
1328 766 1668 860 theologus
1731 772 1797 831 81
1855 755 2094 850 pietate
2151 753 2455 852 insignis,
2526 789 2601 832 ac

291 861 568 925 multum
627 845 973 926 sollicitus
1008 861 1079 925 in
1143 861 1336 927 variis
1397 862 1822 927 reformandis
1886 864 2189 927 abusibus
2258 868 2324 928 et
2379 864 2444 926 in
2500 863 2598 927 di-

292 957 560 1041 sciplina
630 958 1056 1023 8001881081100
1128 979 1348 1023 severe
1416 959 1852 1025 custodienda.
1966 959 2139 1026 Hinc
2195 960 2403 1024 varias
2468 960 2597 1023 edi·

292 1052 388 1117 dit
443 1053 985 1131 Constitutiones,
1043 1076 1316 1137 quarum
1375 1055 1539 1120 aliae
1601 1056 1681 1120 ad
1737 1057 2177 1142 religiosorum
2236 1054 2600 1123 Benedicti·

294 1172 554 1228 norum,
631 1150 1173 1229 Cistertiensium,
1242 1150 1758 1217 Mendicantium
1832 1157 1899 1217 et
1962 1152 2428 1219 Canonicorum
2498 1174 2602 1218 re·

293 1247 613 1331 gularium
681 1247 1234 1324 reformationem,
1309 1248 1474 1313 aliae
1545 1249 1626 1313 ad
1694 1251 2130 1334 episcoporum
2200 1251 2599 1335 aliorumque

294 1344 724 1427 praelatorum
803 1343 1109 1425 officium,
1186 1344 1632 1424 residentiam,
1715 1347 2179 1429 visitationem,
2256 1351 2453 1434 atque
2522 1347 2601 1412 ad

296 1439 743 1505 beneficiorum
811 1441 1238 1525 provisionem
1304 1443 1651 1526 pertinent.
1765 1443 2217 1520 Quaestionem
2294 1444 2415 1507 sub
2488 1442 2601 1508 Jo-

295 1557 466 1600 anne
510 1534 716 1603 XXII.
774 1537 1086 1621 agitatam
1135 1538 1212 1602 de
1257 1538 1506 1603 visione
1553 1540 1870 1605 beatifica
1906 1540 2159 1603 diremit
2210 1562 2379 1604 anno
2434 1541 2599 1605 1336

294 1654 407 1717 per
448 1631 703 1698 Bullam
751 1631 1144 1699 Benedictus
1187 1632 1375 1699 Deus
1385 1682 1402 1712 ,
1459 1657 1586 1719 qua
1644 1635 1981 1712 definitur,
2038 1636 2346 1699 visionem
2396 1636 2601 1701 beati-

295 1732 479 1794 ficam
539 1732 867 1814 justorum
936 1731 1274 1795 animabus
1351 1732 1432 1795 ab
1508 1733 1685 1796 omni
1761 1732 1905 1797 labe
1980 1731 2328 1815 purificatis
2398 1735 2465 1795 et
2529 1733 2597 1796 in

295 1825 540 1891 coelum
608 1828 954 1911 assumptis
1017 1827 1189 1892 haud
1258 1826 1515 1893 differri.
1605 1828 1757 1893 Paci
1828 1828 2002 1892 inter
2061 1827 2379 1911 principes
2449 1849 2601 1895 con·
2691 1820 2700 1826 ²

295 1924 690 2003 stituendae,
759 1928 834 1988 111
900 1924 1139 1988 bellum
1209 1945 1453 1990 sacrum
1522 1925 1756 2008 suscipi
1821 1928 2036 2009 posset
2092 1923 2369 1989 maxime
2434 1926 2600 1991 adla-

296 2020 577 2099 boravit,
640 2041 793 2105 erga
859 2020 1256 2086 Ludovicum
1317 2020 1639 2087 Bavarum
1705 2022 1921 2087 mitius
1987 2021 2150 2106 egit,
2208 2043 2400 2104 quam
2464 2024 2601 2107 ejus

297 2116 764 2202 praedecessor,
825 2118 1207 2203 saepiusque
1262 2118 1340 2183 de
1394 2119 1918 2185 reconciliatione
1977 2140 2122 2183 cum
2177 2120 2314 2203 ipso
2365 2124 2603 2186 tracta-

297 2215 416 2297 vit3
471 2214 541 2278 in
586 2214 778 2279 Italia
832 2216 1028 2279 etiam
1074 2216 1294 2280 turbas
1348 2215 1571 2280 sedare
1624 2214 1903 2293 studuit,
1958 2216 2323 2299 proceribus
2372 2239 2445 2281 ac
2491 2239 2601 2282 no·

298 2311 533 2377 bilibus
589 2312 792 2376 multa
847 2312 1217 2378 concedens.
1280 2348 1367 2357 —
1429 2312 1726 2377 Tradunt
1788 2316 2007 2376 tamen
2070 2314 2605 2392 00010188,111110

302 2407 597 2474 Pontifici
656 2409 933 2474 defuisse
989 2410 1399 2494 negotiorum
1456 2408 1875 2473 saecularium
1934 2409 2428 2491 experientiam,
2483 2432 2604 2477 nec

298 2527 444 2570 eum
502 2505 860 2589 praeditum
930 2504 1124 2572 fuisse
1190 2506 1303 2570 illa
1369 2506 1617 2589 ingenii
1683 2505 1775 2585 vi,
1844 2504 2356 2589 characterisque
2422 2506 2608 2571 forti·

299 2603 552 2682 tudine,
614 2609 685 2667 ut
741 2624 905 2687 quae
966 2603 1232 2686 optabat
1277 2602 1356 2666 ad
1410 2603 1664 2668 felicem
1719 2602 2087 2684 perduceret
2141 2602 2417 2684 exitum,
2481 2603 2605 2669 Ec-

299 2700 655 2783 clesiaeque
722 2699 917 2764 saluti
984 2699 1200 2764 stabili
1262 2701 1448 2764 modo
1517 2697 1897 2783 provideret.
2006 2697 2276 2763 Romam
2348 2699 2606 2784 quidem

300 2794 506 2860 redire
561 2796 995 2879 desiderabat,
1047 2796 1153 2860 sed
1211 2796 1488 2879 primum
1547 2817 1721 2860 anno
1785 2796 1949 2859 1335
2010 2796 2409 2879 oppositione
2452 2796 2605 2862 Car·

300 2892 611 2957 dinalium
677 2893 975 2958 detentus
1036 2892 1180 2958 fuit.
1285 2891 1456 2957 Dein
1518 2916 1714 2976 quum
1769 2893 1844 2957 «111
1906 2892 2197 2958 morbum
2262 2893 2607 2970 incidisset,

299 2989 566 3054 sanitati
632 2990 972 3059 restitutus
1030 2989 1263 3054 iterum
1328 2992 1665 3074 negotium
1724 2990 1843 3055 hoc
1899 2991 2202 3073 suscepit,
2265 3012 2337 3055 00
2398 2989 2607 3055 Bono·

301 3087 474 3151 niam
535 3086 792 3159 Curiam
845 3086 1197 3151 transferre
1257 3087 1520 3170 statuit3
1591 3087 1701 3152 sed
1759 3088 2037 3171 ipsorum
2097 3085 2606 3151 Bononiensium

300 3182 706 3247 turbulentia
763 3203 834 3247 ac
889 3183 1379 3264 rebellionibus,
1436 3206 1511 3249 00
1567 3183 1730 3249 forte
1778 3184 1970 3247 etiam
2027 3183 2276 3247 influxu
2323 3182 2607 3266 Philippi

302 3280 472 3364 regis
543 3277 828 3359 Galliae,
901 3278 1208 3344 Pontifex
1286 3280 1630 3364 impeditus
1707 3280 1852 3345 fuit.
1973 3279 2155 3344 Tunc
2222 3277 2607 3342 Benedictus

304 3376 637 3441 Avenione
674 3376 984 3460 palatium
1034 3397 1340 3461 magnum
1387 3378 1611 3461 papale
1659 3381 2030 3441 construere
2074 3375 2303 3458 coepit,
2348 3379 2414 3439 et
2453 3374 2607 3438 Car-

303 3473 549 3537 dinales
612 3474 856 3556 pariter
917 3474 1160 3556 palatia
1222 3473 1341 3539 sibi
1409 3473 1839 3540 aedificavere.
1950 3471 2413 3536 Reconciliatio
2473 3470 2606 3535 Lu-

304 3569 505 3633 dovici
564 3568 798 3633 Bavari
858 3571 1102 3635 influxu
1155 3570 1439 3654 Philippi
1496 3571 1669 3654 regis
1730 3569 2107 3633 difficillima
2167 3567 2415 3632 reddita
2477 3573 2606 3651 est3

303 3666 360 3729 is
407 3665 580 3729 enim
621 3667 975 3731 obsistebat
1036 3668 1379 3750 quominus
1435 3669 1729 3750 princeps
1775 3666 1882 3730 ille
1925 3670 2025 3729 tot
2078 3665 2416 3729 criminum
2463 3686 2608 3729 reus

304 3760 383 3826 ad
427 3762 776 3846 Imperium
842 3763 1318 3846 admitteretur,
1379 3767 1579 3848 utque
1624 3763 2003 3828 Pontificem
2059 3766 2364 3839 terreret,
2411 3762 2607 3846 ipsius

306 3863 370 3923 et
442 3858 877 3923 Cardinalium
948 3881 1026 3924 ex
1097 3858 1308 3923 Gallia
1374 3866 1725 3944 proventus
1793 3860 2073 3925 retinere
2140 3860 2425 3923 minatus
2493 3862 2609 3926 est.

304 3954 380 4019 In
430 3954 642 4036 Italia,
689 3977 886 4039 quum
933 3957 1374 4041 benigniorem
1421 3978 1573 4041 erga
1616 3979 1907 4040 proceres
1953 3978 2019 4021 se
2066 3956 2437 4022 ostenderet
2483 3953 2609 4018 Be-

305 4051 626 4128 nedictus,
683 4053 964 4117 influxus
1014 4053 1343 4118 Pontificis
1400 4054 1611 4137 quoad
1654 4055 1952 4138 ,regimen
2011 4054 2362 4138 temporale
2419 4050 2607 4115 vehe-

304 4152 559 4213 menter
630 4148 985 4215 diminutus
1054 4151 1196 4215 fuit.
1270 4188 1357 4196 -
1424 4150 1814 4216 Benedictus
1881 4149 2024 4216 XII.
2092 4152 2266 4215 inter
2334 4148 2622 4245 optimos·

2299 4249 2396 4304 11*
