3281 5014
971 380 1326 436 Interventus
1363 379 1420 434 in
1455 397 1543 436 res
1580 381 2039 437 Florentinorum.
2590 385 2656 437 37

340 516 602 583 Italiam
684 520 936 585 veniret
1015 521 1340 586 invitavit.
1468 521 1785 606 Sperabat
1855 522 2195 602 Pontifex,
2275 546 2393 607 ope
2459 525 2658 608 ipsius

337 637 531 699 posse
597 638 817 700 pacem
880 618 1168 696 restitui,
1239 617 1562 683 Ecclesiae
1622 621 1951 685 territoria
2015 620 2301 697 defendi,
2373 619 2658 686 Siciliam

337 713 735 796 recuperari,
783 714 1022 777 belluni
1068 736 1318 779 sacrum
1359 718 1746 799 promoveri,
1800 716 2148 800 Imperium
2197 717 2659 782 Constantino-

344 809 710 892 politanum
773 812 1050 875 restitui.
1144 810 1344 876 Venit
1406 813 1607 896 igitur
1654 812 1919 878 Carolus
1977 812 2220 878 modico
2283 835 2426 877 cum
2478 836 2659 878 exer·

331 906 477 970 citu
523 907 593 969 in
642 905 928 984 Italiam,
987 913 1183 991 atque
1236 930 1274 971 a
1313 906 1640 974 Bonifatio
1691 908 2035 993 Anagniae
2081 909 2427 974 honorifice
2474 931 2657 975 exce-

342 1007 492 1085 ptus
539 1008 654 1068 est.
746 1002 1003 1068 Creavit'
1046 1004 1227 1067 illum
1286 1004 1600 1087 imprimis
1649 1007 1973 1088 copiarum
2021 1006 2494 1089 pontificiarum
2542 1007 2659 1071 du-

329 1120 508 1180 cem,
567 1105 642 1165 ut
688 1124 822 1167 non
871 1101 1059 1165 modo
1104 1100 1461 1183 perduelles
1508 1101 1831 1168 Ecclesiae
1885 1103 1956 1166 in
2005 1103 2433 1167 ecclesiastico
2480 1105 2661 1188 prin-

330 1196 556 1278 cipatu
621 1199 1001 1275 debellaret,
1071 1219 1291 1260 verum
1353 1219 1460 1262 eos
1509 1199 1620 1282 qui
1677 1199 1878 1282 ipsius
1936 1199 2262 1277 Ecclesiae
2323 1199 2659 1266 fidissimos

324 1300 791 1378 oppugnarent
840 1299 1177 1360 everteret.
1275 1294 1480 1359 Auxit
1526 1296 1721 1360 etiam
1773 1295 2073 1361 Carolum
2122 1318 2199 1359 ex
2242 1298 2405 1360 sacri
2455 1296 2657 1363 Sena·

328 1392 445 1452 tus
492 1392 762 1457 consilio
806 1393 875 1456 in
923 1413 998 1455 ea
1044 1390 1344 1456 Etruriae
1392 1397 1572 1475 parte
1624 1415 1790 1475 quae
1837 1393 2117 1477 Imperio
2175 1390 2451 1458 obnoxia
2499 1399 2657 1474 erat,

332 1483 642 1551 Paciarii
678 1489 812 1572 jam
861 1493 1014 1552 ante
1056 1510 1094 1551 a
1127 1487 1457 1553 Clemente
1491 1487 1604 1554 IV.
1655 1489 1961 1554 instituta
2008 1488 2349 1574 dignitate,
2400 1495 2471 1555 ut
2516 1513 2658 1555 eam

330 1583 732 1667 provinciam
800 1583 1112 1648 Alborum
1173 1587 1238 1647 et
1292 1581 1673 1667 Nigrorum,
1734 1586 1847 1669 qui
1902 1584 2245 1649 Gibellinis
2309 1591 2375 1649 et
2415 1585 2657 1651 Guelfis

333 1680 644 1762 permixti
691 1687 899 1755 erant,
947 1679 1338 1744 factionibus
1386 1681 1727 1746 laceratam
1775 1686 2055 1765 pacaret.

516 1829 619 1894 39.
678 1827 938 1892 Carolus
997 1826 1197 1911 igitur
1254 1848 1382 1911 qua
1435 1825 1765 1892 Paciarius
1822 1850 1995 1893 anno
2057 1830 2219 1892 1301
2278 1827 2655 1895 Florentiae

328 1930 628 1990 versatus
660 1931 778 2002 est,
825 1924 938 1989 sed
979 1943 1154 2007 spem
1188 1922 1501 1989 Bonifatii
1547 1923 1812 1988 omnino
1859 1923 2112 1989 fefellit.
2197 1923 2435 1990 Omnia
2481 1929 2656 1992 enim

332 2021 494 2086 fecit
540 2021 901 2097 arbitraria,
948 2020 1407 2103 imprudenter,
1453 2020 1791 2098 violenter,
1840 2021 1933 2085 ita
1965 2027 2040 2085 ut
2071 2024 2471 2088 concordiam
2519 2047 2652 2090 non

328 2122 760 2195 restauraret,
816 2117 924 2182 sed
974 2116 1478 2181 dominationem
1523 2116 1824 2181 factionis
1870 2115 2218 2201 Nigrorum
2269 2120 2457 2184 unice
2504 2142 2654 2204 pro·

332 2219 641 2279 moveret.
711 2214 802 2278 Hi
846 2213 1047 2297 igitur
1078 2211 1278 2276 Albos
1323 2233 1438 2276 seu
1470 2211 1828 2277 Gibellinos
1861 2212 2417 2279 vehementissime
2466 2238 2653 2282 vexa-

326 2313 592 2388 verunt,
640 2332 714 2375 ac
758 2313 1080 2393 postremo
1127 2313 1469 2373 sexcentos
1513 2309 1763 2373 nobiles
1810 2309 2223 2375 Florentinos
2270 2331 2349 2374 ex
2386 2312 2652 2377 civitate

324 2409 684 2491 ejecerunt.
777 2406 895 2471 Isti
950 2406 1021 2468 in
1069 2405 1279 2468 varias
1334 2405 1567 2469 Italiae
1622 2405 1922 2489 regiones
1974 2405 2275 2489 dispersi,
2337 2410 2651 2473 lamenta-

328 2503 625 2569 tionibus
683 2509 751 2568 et
795 2501 1180 2569 clamoribus
1218 2501 1368 2570 ,suis
1425 2501 1640 2567 omnia
1684 2502 2120 2586 repleverunt,
2178 2505 2453 2570 maxime
2500 2528 2650 2571 vero

330 2601 735 2666 Bonifatium
806 2606 880 2664 ut
948 2600 1258 2664 malorum
1337 2603 1662 2664 auctorem
1731 2600 2187 2667 dilacerarunt.
2305 2602 2651 2668 Eminebat

332 2698 508 2761 inter
545 2698 764 2762 exules
810 2697 954 2762 illos
999 2695 1320 2779 dignitate
1368 2700 1434 2759 et
1480 2696 1745 2780 ingenio
1794 2696 2044 2761 Dantes
2087 2698 2428 2781 Alighieri.
2501 2700 2648 2765 Jam

324 2799 532 2858 antea
577 2799 769 2877 caput
813 2794 1028 2858 fuerat
1075 2791 1417 2876 legationis
1458 2793 1772 2858 Alborum
1829 2792 1910 2858 ad
1957 2793 2358 2860 Bonifatium
2405 2798 2653 2881 missae,

326 2895 492 2953 tunc
536 2911 688 2953 vero
745 2912 887 2955 cum
934 2889 1204 2953 caeteris
1248 2889 1516 2972 ejectuS,
1581 2890 1763 2953 exsul
1816 2912 1854 2954 a
1899 2891 2107 2974 patria
2153 2914 2266 2975 per
2308 2897 2513 2957 totam
2560 2895 2649 2957 vi·

324 2991 466 3051 tam
518 3007 716 3049 suam
783 2986 972 3050 variis
1041 2986 1109 3048 in
1173 2984 1542 3049 civitatibus
1604 2985 1837 3071 degere
1901 2991 2153 3053 coactus
2210 2994 2327 3053 est.
2437 2988 2651 3054 Facile

327 3081 528 3165 vides,
574 3081 741 3147 unde
785 3082 1028 3146 factum
1075 3082 1179 3159 sit,
1225 3085 1301 3146 ut
1344 3085 1532 3145 tanta
1575 3082 1912 3147 iracundia
1957 3083 2204 3149 Dantes
2250 3084 2651 3151 Bonifatium

329 3186 778 3262 prosequatur.
861 3176 1093 3242 Omnia
1141 3199 1304 3261 quae
1353 3199 1466 3262 per
1511 3178 1704 3244 falsos
1752 3201 2042 3245 rumores
2087 3179 2165 3244 de
2211 3181 2350 3265 ipso
2394 3203 2649 3267 sparge·

326 3274 572 3338 bantur
617 3275 715 3338 vir
775 3275 980 3339 iratus
1035 3274 1318 3339 libenter
1374 3275 1651 3359 accepit,
1714 3296 1858 3340 cum
1921 3278 2284 3344 simoniacis
2344 3278 2524 3344 illum
2582 3280 2649 3344 in

331 3370 602 3436 lnferno
663 3371 1027 3448 collocavit,
1097 3372 1474 3455 nullamque
1531 3370 1808 3436 dimittit
1868 3373 2265 3439 occasionem
2328 3375 2406 3439 ad
2467 3382 2694 3458 gesta·

324 3469 472 3552 ejus
534 3467 917 3535 damnanda.
1030 3468 1168 3534 Ista
1229 3469 1432 3553 igitur
1491 3470 1766 3533 multum
1827 3470 2353 3548 contribuerunt,
2417 3477 2489 3537 ut
2546 3494 2654 3537 ca·

332 3564 618 3629 lumniae
676 3571 743 3630 et
799 3566 1085 3630 convicia
1136 3566 1382 3649 injusta
1440 3566 1509 3629 in
1573 3564 1955 3631 Pontificem
2027 3567 2446 3651 plurimorum
2514 3570 2650 3634 ani-

330 3663 451 3724 mis
514 3660 947 3728 inhaererent.
1018 3698 1105 3710 -—-
1173 3660 1298 3726 Sed
1353 3663 1490 3745 jam
1552 3663 1885 3727 veniamus
1943 3665 2022 3728 ad
2082 3665 2378 3729 ultimum
2436 3668 2653 3732 confli-

321 3762 542 3835 ctum,
597 3780 789 3842 quem
835 3782 980 3824 cum
1026 3758 1327 3842 Philippo
1375 3758 1653 3824 Pulchro
1700 3758 2070 3825 Bonifatius
2116 3762 2355 3827 iterum
2402 3762 2652 3830 habuit.
