3281 5014
696 453 799 504 422
1091 448 1344 502 XXXVI.
1383 448 1464 502 De
1502 452 1656 501 statu
1691 446 1974 501 Ecclesiae
2009 452 2278 515 vergente
2313 461 2451 499 saec.
2485 445 2605 500 XV.

697 590 852 655 lium
883 592 1183 676 generale
1215 594 1640 673 provocantes
1669 588 1999 653 Pontificis
2028 609 2328 652 censuras
2363 595 2758 671 spreverunt.
2818 586 3009 653 Brevi

702 693 842 770 post
900 709 1097 772 grave
1160 688 1396 752 bellum
1460 687 1632 751 inter
1694 690 2038 768 utramque
2103 689 2347 767 partem
2414 684 2682 762 exarsit,
2748 685 2820 748 in
2879 706 3010 768 quo

649 814 656 887 3
700 782 967 863 Veneti,
1029 784 1542 848 Mediolanenses
1589 788 1658 846 et
1702 783 2022 865 principes
2070 780 2378 845 Mantuae
2435 786 2629 866 atque
2677 781 3013 846 Ferrariae

698 902 765 944 se
827 882 1311 964 conjunxerunt
1374 902 1518 944 cum
1581 879 2001 953 Florentinis;
2068 876 2388 942 Senenses
2453 900 2604 943 vero
2668 883 2733 943 et
2791 877 3014 942 Ferdi-

671 964 950 1063 inandus
1014 999 1127 1041 rex
1193 975 1498 1059 Neapolis
1567 981 1785 1060 partes
1848 975 2180 1039 Pontificis
2243 974 2718 1039 defenderunt.v
2795 974 3012 1040 Ludo-

699 1074 871 1137 vicus
919 1072 1037 1137 XI.
1084 1095 1193 1137 rex
1243 1072 1522 1151 Galliae,
1569 1074 1639 1136 in
1688 1071 2214 1135 Florentinorum
2260 1075 2475 1154 partes
2521 1078 2812 1149 vocatus,
2860 1074 3013 1137 mis-

697 1171 781 1234 sis
823 1168 1093 1234 Romam
1136 1170 1371 1254 legatis
1419 1169 1718 1233 Pontifici
1767 1168 1937 1231 mala
1983 1168 2320 1231 minitatus
2369 1173 2483 1244 est,
2541 1168 2665 1232 nisi
2711 1191 3012 1234 censuras

699 1267 768 1329 in
801 1265 1214 1330 Florentinos
1261 1267 1425 1330 latas
1471 1271 1827 1339 revocaret;
1876 1265 1988 1328 sed
2021 1264 2330 1330 Pontifex
2376 1265 2544 1349 regis
2584 1265 2816 1349 legatis
2862 1287 3013 1348 gra-

697 1363 863 1427 viter
907 1363 1253 1446 respondit,
1300 1365 1640 1446 justasque
1689 1382 1840 1424 suae
1886 1362 1955 1425 in
2004 1361 2413 1427 Florentinos
2460 1363 2822 1427 severitatis
2867 1384 3013 1427 cau-

696 1481 798 1522 sas
855 1481 990 1524 esse
1034 1459 1516 1523 demonstravit.
1612 1459 1806 1522 Anno
1862 1464 2077 1522 autem
2129 1457 2325 1535 1480,
2384 1480 2580 1541 quum
2638 1481 2874 1544 magna
2929 1481 3012 1523 ex

697 1555 920 1621 Turcis
971 1557 1342 1620 viderentur
1385 1555 1720 1619 imminere
1766 1556 2067 1638 pericula,
2117 1553 2490 1619 Pontificem
2537 1559 2712 1619 inter
2757 1560 2822 1619 et
2867 1555 3011 1619 Flo—

699 1655 993 1716 rentinos
1041 1674 1163 1735 pax
1205 1652 1509 1715 restituta
1554 1656 1669 1716 est.

413 1752 639 1857 ἓῦῗθῖᾒῐξ
877 1750 980 1812 27.
1036 1749 1158 1824 Qui
1204 1770 1395 1830 porro
1443 1746 1698 1812 Sixtum
1746 1745 1861 1812 IV.
1911 1747 2029 1811 hac
2074 1747 2143 1810 in
2192 1769 2378 1812 causa
2424 1754 2756 1843 accusant,
2805 1771 3009 1813 unum

444 1828 635 1929 'ganeas
700 1845 1149 1909 tantummodo
1208 1845 1439 1908 afferre
1502 1845 1720 1909 valent
1778 1844 2255 1924 documentum,
2312 1865 2390 1907 ex
2451 1867 2579 1928 quo
2633 1844 3008 1910 Pontificem

701 1943 884 2026 argui
946 1964 1125 2024 posse
1187 1943 1671 2019 contenderint,
1729 1941 2197 2005 confessionem
2258 1941 2500 2006 scilicet
2554 1942 2828 2007 Joannis
2884 1941 3013 2006 Ba-

626 2047 634 2119 (
699 2042 933 2122 ptistae
982 2037 1341 2101 Montisecii
1396 2039 1586 2102 unius
1645 2059 1723 2100 ex
1782 2038 2166 2120 conjuratis,
2226 2059 2436 2102 coram
2474 2038 2800 2122 judicibus
2854 2044 3010 2103 ante

635 2142 638 2151 “
697 2137 897 2219 ipsius
953 2134 1335 2218 supplicium
1395 2133 1653 2199 factam.
1747 2133 1809 2196 Is
1868 2133 2159 2197 videlicet
2216 2134 2388 2198 inter
2442 2135 2569 2197 alia
2624 2134 2832 2199 fassus
2889 2142 3008 2212 est,

697 2255 764 2296 se
811 2232 1121 2297 Jacobum
1170 2230 1467 2294 Pazzium
1512 2231 1939 2305 renitentem,
1994 2234 2069 2293 ut
2114 2231 2546 2312 conjurationi
2590 2253 2655 2295 se
2697 2233 3012 2316 jungeret

697 2330 999 2405 movisse,
1060 2329 1265 2392 relato
1326 2327 1645 2410 colloquio
1702 2325 1869 2409 quod
1919 2327 2084 2409 ipse,
2140 2324 2520 2391 Franciscus
2578 2325 2869 2409 Pazzius,
2937 2351 3011 2393 ac

699 2427 1134 2507 Hieronymus
1206 2424 1495 2499 Riarius‚
1567 2444 1712 2487 cum
1775 2422 2090 2486 Pontifice
2165 2422 2529 2490 habuerint.
2653 2423 3016 2490 Observan—

695 2526 845 2588 dum
888 2546 1037 2589 vero
1102 2527 1199 2587 est
1264 2523 1608 2605 imprimiS‚
1680 2520 2128 2584 Montisecium
2199 2542 2331 2584 non
2393 2522 2736 2586 asseruisse
2796 2544 3008 2587 coram

686 2622 1009 2706 judicibus
1051 2620 1313 2700 diserte,
1372 2642 1409 2681 a
1453 2618 1774 2704 Pontifice
1832 2638 2057 2680 revera
2115 2608 2450 2700 illa-Euae
2496 2617 2740 2682 Jacobo
2787 2620 3011 2683 Pazzio

697 2722 1078 2801 exposuerat
1109 2708 1296 2780 ‘dicta
1350 2715 1575 2797 fuisse3
1629 2714 1741 2778 sed
1793 2704 2093 2788 asseruit,
2148 2734 2213 2777 se
2258 2712 2497 2790 Jacobo
2546 2721 2622 2779 ut
2676 2738 2817 2779 eum
2868 2717 3012 2780 alli·

697 2820 869 2878 ceret
922 2815 1047 2877 ista
1108 2812 1407 2875 retulisse
1471 2812 1596 2898 uti⁴
1627 2833 1666 2873 a
1713 2810 2027 2874 Pontifice
2089 2809 2277 2873 dicta.
2381 2810 2569 2875 Unde
2627 2835 2758 2876 non
2821 2814 3011 2896 plane

696 2916 940 2977 certum
1008 2913 1139 2986 est,
1212 2909 1438 2972 iisdem
1504 2907 1712 2972 verbis
1776 2908 1932 2971 illud
1999 2907 2385 2990 colloquium
2451 2928 2593 2971 cum
2653 2907 2838 2974 Sixto
2894 2908 3009 2973 IV.

696 3008 985 3072 habitum
1034 3027 1188 3069 esse.
1283 3004 1621 3069 Caeterum
1669 3026 1816 3068 vero
1873 3027 1949 3067 ex
2008 3006 2143 3086 ipso
2190 3004 2534 3088 colloqui0,
2593 3005 2688 3068 uti
2735 3027 2772 3068 a
2819 3005 3012 3070 Mon-

521 3087 548 3140 Ὶ
695 3104 931 3168 tesecio
1001 3103 1272 3167 relatum
1339 3102 1495 3180 fuit,
1573 3101 1899 3184 colligitur
1966 3098 2254 3183 quidem,
2324 3101 2723 3164 consensisse
2783 3100 3008 3166 Ponti·

698 3203 907 3277 ficem,
989 3204 1061 3263 ut
1134 3196 1498 3264 Florentiae
1577 3204 2033 3281 provocaretur
2102 3206 2167 3260 et
2232 3197 2637 3261 obtineretur
2712 3197 3012 3281 gubernii

697 3298 971 3360 mutatio
1030 3317 1103 3359 ac
1149 3295 1418 3359 Medicei
1482 3294 1908 3378 principatum
1970 3315 2154 3357 suum
2218 3294 2288 3356 in
2350 3294 2806 3376 rempublicam
2865 3316 3008 3377 per·

695 3394 949 3475 derent3
1007 3392 1115 3455 sed
1161 3415 1304 3455 eum
1364 3393 1644 3470 noluisse
1701 3391 1997 3468 omnino,
2055 3394 2129 3452 ut
2185 3390 2451 3473 sanguis
2496 3390 2750 3454 illorum
2799 3391 3009 3455 effun-

694 3490 971 3554 deretur.
1080 3489 1435 3552 Identidem
1502 3488 1675 3552 enim
1738 3487 1807 3550 in
1870 3488 2074 3550 relato
2138 3486 2247 3549 illo
2310 3487 2628 3570 colloquio
2692 3492 3011 3570 protest-a-

579 3605 610 3655 *
695 3590 831 3662 tur,
899 3607 965 3649 se
1022 3586 1395 3649 nullatenus
1462 3584 1764 3668 assentiri
1828 3583 2092 3667 alicujus
2153 3583 2325 3661 neci,
2397 3582 2506 3647 sed
2569 3585 2831 3667 penitus
2897 3584 3008 3649 ob·

694 3684 940 3747 sistere.
1062 3681 1263 3746 Nullo
1334 3684 1548 3744 autem
1617 3682 1764 3764 jure
1836 3684 2331 3763 supponeretur,
2412 3679 2568 3745 haec
2643 3702 2775 3744 non
2843 3681 3010 3745 serio

694 3779 805 3862 sed
862 3779 1010 3841 ficte
1069 3800 1106 3841 a
1162 3776 1478 3842 Pontifice
1533 3776 1705 3840 dicta
1767 3776 1983 3839 fuisse.
2095 3774 2220 3839 Sed
2278 3777 2598 3841 sincerum
2659 3778 2855 3842 fuisse
2916 3799 3011 3841 re·

695 3897 844 3940 vera
913 3877 968 3959 ej
982 3896 1051 3938 us
1118 3874 1432 3953 animum,
1501 3894 1576 3935 ex
1636 3870 2002 3936 charactere
2062 3893 2136 3936 ac
2200 3876 2340 3937 tota
2402 3874 2538 3938 vita
2600 3876 2799 3957 ipsius
2863 3896 3009 3939 con-

696 3974 1004 4037 firmatur.
1126 3970 1315 4035 Unde
1391 3973 1636 4033 certum
1711 3972 1841 4046 est,
1917 3967 2173 4033 Sixtum
2243 3971 2617 4034 nullatenus
2685 3972 3009 4037 conscium

697 4091 770 4134 ac
816 4068 1189 4152 participem
1222 4067 1418 4130 fuisse
1465 4065 1790 4142 facinoris,
1838 4087 1964 4149 quo
2010 4067 2203 4130 feroci
2241 4068 2651 4151 aggressione
2696 4068 2766 4132 in
2811 4068 3010 4132 eccle-

698 4167 792 4230 sia
852 4165 1024 4228 facta
1080 4163 1380 4228 Julianus
1442 4162 1800 4226 trucidatus
1862 4184 1934 4226 ac
1989 4162 2379 4227 Laurentius
2436 4166 2810 4229 vulneratus
2865 4164 3009 4229 fuit.
