3281 5014
1053 376 1138 432 De
1173 376 1339 431 Bulla
1383 377 1560 432 Unam
1595 378 1865 434 Sanctam.
2020 445 2025 449 ,
2425 358 2430 359 ⁷
2544 384 2615 437 51-

298 516 397 580 sia
450 516 823 601 viguerunt.
921 517 1060 594 Qua
1115 519 1366 585 ratione
1423 524 1638 585 autem
1699 541 1980 606 eousque
2037 524 2359 588 attenuari
2414 525 2615 607 possit

299 634 528 678 sensus
593 612 1092 679 constitutionis
1162 614 1370 682 Unam
1427 620 1719 680 sanctam
1730 665 1748 696 ,
1815 622 1889 681 ut
1944 618 2238 685 doctrina
2301 619 2377 683 de
2437 623 2613 703 pote·

297 713 468 773 state
540 710 858 776 indirecta
927 710 1308 793 (secundum
1379 714 1844 797 expositionem
1908 713 2319 798 Bellarmini)
2369 737 2469 783 ex
2538 738 2614 780 ea

296 804 692 903 eliminetur,
741 808 850 872 alii
898 805 1195 875 viderint.

477 937 580 1000 55.
637 935 1038 1001 Constitutio
1098 940 1392 1004 confecta
1443 961 1581 1004 esse
1644 946 1947 1005 censetur
2001 962 2040 1004 a
2095 940 2286 1005 variis
2336 942 2609 1006 auctori-

296 1034 427 1096 bus
482 1033 566 1096 ab
613 1033 709 1097 Ae
676 1033 888 1123 effl'dio
942 1032 1239 1101 Romano
1295 1034 1665 1120 (Oolumna)
1729 1035 1881 1101 Ord.
1940 1035 2007 1102 S.
2055 1038 2223 1122 Aug.
2284 1042 2349 1103 et
2403 1037 2611 1103 archi-

297 1130 594 1213 episcopo
624 1122 1039 1196 Bituricensi
1042 1122 1421 1216 (a.1294)“
1453 1135 1778 1217 quondam
1818 1133 2097 1217 Philippi
2126 1133 2391 1199 Pulchri
2435 1156 2612 1218 prae-

297 1229 575 1309 ceptore.
657 1224 722 1290 Is
767 1247 844 1290 eo
891 1231 1176 1312 tempore
1224 1228 1494 1294 Romam
1544 1231 1621 1295 ad
1669 1230 1984 1313 synodum
2031 1235 2321 1303 venerat.
2371 1231 2613 1295 multae

297 1327 518 1387 autem
565 1321 1066 1389 Constitutionis
1116 1326 1481 1403 sententiae
1537 1348 1615 1390 ex
1666 1329 1805 1411 ejus
1849 1325 2161 1391 Tractatu
2206 1326 2282 1391 de
2326 1326 2613 1392 ecclesia-

295 1418 464 1483 stica
526 1422 850 1504 potestate
911 1420 1047 1485 fere
1102 1423 1488 1488 verbotenus
1528 1423 1899 1507 desumpta
1963 1421 2193 1504 sunt.²)
2307 1424 2615 1509 Aegidius

296 1522 672 1584 recensetur
701 1518 876 1581 inter
922 1517 1066 1595 illos
1096 1523 1408 1596 auctore8‚
1456 1519 1568 1604 qui
1613 1542 1757 1585 cum
1790 1521 2011 1604 vigore
2042 1520 2359 1586 Ecclesiae
2405 1527 2614 1586 aucto·

296 1613 565 1678 ritatem
623 1612 822 1677 etiam
882 1614 952 1680 in
1011 1616 1389 1699 temporalia
1441 1616 1631 1682 certis
1693 1639 1771 1681 ex
1828 1619 2037 1681 causis
2096 1617 2613 1698 vindicaverunt3

295 1712 429 1777 imo
483 1708 812 1773 interdum
865 1710 1090 1775 durius
1147 1712 1461 1795 loquitur,
1519 1713 1613 1777 ita
1663 1718 1742 1777 ut
1793 1713 1927 1777 fere
1978 1712 2282 1777 directam
2338 1719 2614 1797 potesta·

295 1814 429 1881 tem
489 1827 772 1870 asserere
826 1806 1151 1883 videatur,
1214 1813 1504 1874 attamen
1546 1810 1722 1874 *alias
1775 1811 1900 1873 ista
1960 1811 2237 1894 mitigat.
2324 1809 2405 1874 In
2452 1808 2614 1873 Con-

295 1903 642 1969 stitutione
686 1907 900 1968 antem
948 1901 1155 1968 Unam
1186 1908 1482 1980 sanctam
1527 1907 1844 1990 principia
1886 1907 2218 1991 generalia
2264 1912 2614 1990 ponuntur,

296 2021 500 2083 quae
508 2021 641 2064 non
691 1998 1012 2065 excedunt
1054 2006 1446 2084 potestatem
1503 2001 1903 2069 indirectam.
1994 2001 2433 2067 Vehementer
2476 2002 2612 2066 hal-

296 2097 625 2161 lucinatus
671 2103 773 2160 est
816 2094 1070 2161 Natalis
1114 2097 1503 2176 Alexander,
1556 2099 1670 2182 qui
1716 2099 1789 2163 in
1834 2100 2325 2184 impugnatione
2369 2100 2617 2183 opinio-

294 2215 455 2257 num
519 2190 840 2257 Bonifatii
882 2178 1065 2258 Vm.
1130 2195 1410 2259 multum
1477 2195 1717 2260 nititur
1777 2195 2087 2261 doctrinis
2159 2194 2410 2280 Aegidii
2482 2195 2614 2259 Ro-

295 2288 495 2365 mani.
573 2288 944 2373 Desumpsit
994 2290 1288 2357 videlicet
1325 2290 1579 2356 Natalis
1630 2314 1708 2356 ea
1754 2313 1919 2375 quae
1966 2291 2155 2357 affert
2205 2313 2282 2356 ex
2329 2297 2615 2355 tractatu

296 2370 374 2449 cle
420 2389 701 2467 utraque
750 2388 1070 2468 potestate
1134 2385 1319 2470 reqia
1377 2390 1438 2451 et
1485 2386 1886 2470 pontificali,
1944 2389 2053 2473 qui
2105 2387 2271 2471 apud
2319 2387 2614 2463 Goldast.

296 2482 634 2550 Monarch.
682 2479 747 2548 S.
793 2482 872 2549 R.
920 2482 974 2548 I.
1021 2482 1104 2549 Il.
1151 2505 1212 2567 p.
1263 2485 1346 2549 95
1394 2485 1518 2570 sub,
1560 2485 1817 2571 Aegidii
1863 2483 2046 2551 Rom.
2094 2487 2355 2551 nomine
2398 2490 2616 2551 exstat

297 2580 533 2645 editus.
624 2580 750 2645 Sed
795 2602 954 2665 opus
1001 2580 1119 2645 hoc
1165 2581 1453 2664 spurium
1502 2604 1672 2663 esse,
1726 2583 1903 2648 inter
1949 2583 2227 2668 eruditos
2274 2584 2413 2667 jam
2459 2605 2612 2648 con·

295 2684 457 2760 stat3
485 2678 829 2743 recentiori
853 2682 1147 2761 tempore,
1164 2678 1229 2741 id
1257 2679 1592 2745 evicerunt
1613 2679 1658 2744 J
1660 2679 1931 2744 ourdain
1945 2677 1998 2762 ²)
2034 2685 2100 2746 et
2125 2680 2194 2745 F.
2222 2679 2298 2747 X.
2323 2676 2612 2760 KrauS.³)

297 2774 641 2859 Aegidium
685 2797 907 2839 revera
947 2774 1217 2844 solidam
1260 2774 1617 2844 doctrinam
1667 2776 1745 2840 de
1790 2782 2114 2860 potestate
2159 2777 2471 2842 indirecta
2516 2781 2615 2840 te-.

294 2871 539 2954 nuisse‚
586 2873 989 2955 perspicuum
1037 2871 1291 2944 uidetur
1337 2894 1415 2952 ex
1462 2873 2015 2940 illisrsententiis:
2076 2871 2326 2939 Causae
2370 2872 2615 2937 mixtae

293 2970 456 3031 suut
500 2986 734 3032 causae
780 2967 1191 3049 temporales,
1250 2988 1415 3050 quae
1468 2968 1929 3052 connexionem
1978 2969 2328 3051 quamdam
2377 2967 2614 3044 habeut

294 3084 444 3128 cum
496 3062 974 3145 spiritualibus.
1032 3115 1044 3128 .
1104 3115 1117 3128 .
1180 3115 1192 3128 .
1255 3064 1405 3140 Rex
1463 3063 1794 3146 Franciae
1852 3065 2204 3133 secuudum
2246 3066 2418 3149 jura
2480 3086 2613 3131 ‘non

294 3158 513 3242 subest
570 3181 820 3242 summo
869 3159 1176 3241 Pontifici
1236 3180 1350 3226 nec
1409 3160 1469 3226 ei
1530 3165 1786 3226 tenetur
1844 3163 2227 3245 respondere
2286 3162 2363 3226 de
2415 3162 2614 3242 feudo

294 3276 445 3334 suc,
496 3261 709 3339 potest
767 3262 983 3322 tamen
1043 3256 1102 3338 ei
1156 3256 1486 3341 subjacere
1538 3256 1907 3340 incidenter
1960 3263 2022 3323 et
2067 3258 2443 3336 casualiter,
2503 3278 2610 3324 ra-

296 3352 473 3418 tione
533 3352 955 3419 conueaeiorzis
1014 3353 1299 3437 alicujus
1359 3374 1594 3420 causae
1638 3354 2066 3440 spiritualis,
2118 3357 2287 3422 sicut
2337 3355 2614 3424 habetur

295 3448 665 3532 Extravay.
711 3449 787 3514 de
826 3449 1106 3531 judiciis
1160 3470 1294 3533 cap.
1340 3450 1612 3535 Novit.‘.²)
1645 3517 1664 3532 „
1711 3451 1955 3532 Quodsi
2011 3451 2394 3538 temporalia
2442 3451 2611 3533 fiant

296 3544 685 3627 spiritualia
715 3545 812 3610 vel
857 3551 1296 3612 annectantur
1335 3547 1816 3632 spiritualibus,
1865 3548 1960 3613 vel
2001 3548 2416 3624 econtrario
2462 3552 2613 3613 tem-.

477 3792 520 3859 ¹)
556 3792 622 3846 V.
658 3793 1071 3862 Hergenrether
1106 3792 1142 3845 1.
1183 3808 1227 3846 c.

477 3871 520 3935 2)
555 3871 644 3925 Un
681 3887 931 3962 ouvrage
966 3871 1143 3926 inedit
1179 3873 1246 3926 de
1284 3871 1458 3927 Gilles
1496 3873 1563 3929 de
1602 3847 1794 3940 Rome,
1828 3873 1986 3942 Paris
2026 3875 2178 3926 1858.
2288 3871 2292 3876 ’

478 3949 522 4018 ⁸)
559 3945 828 4019 Aegidius
882 3967 989 4006 von
1037 3950 1201 4018 Rom;
1256 3950 1315 4005 in
1360 3950 1646 4033 Periodico
1690 3952 1929 4006 Oesterr.
1969 3951 2534 4020 Vierteljahrsschrift
2571 3953 2610 4008 f.

297 4029 606 4099 Theologie
647 4032 800 4084 1862.
842 4030 893 4083 S.
936 4031 983 4083 1.

406 4163 407 4174 ,
474 4109 521 4175 ⁴)
559 4108 874 4188 Quaestion.
914 4108 1114 4182 disput.
1152 4125 1201 4162 a.
1238 4112 1288 4190 4⁴.

2679 952 2717 994 A
2724 953 2893 1005 egidius

2669 1015 2902 1056 Romanus.
