3281 5014
683 448 786 499 144
1135 446 1336 507 XXXI.
1374 447 1457 501 De
1495 445 1796 502 abolitione
1833 445 2052 500 Ordinis
2092 433 2540 511 Templariorum.

680 596 835 652 tunc
894 588 1349 653 allocutionem
1412 587 1491 652 ad
1560 610 1702 653 eam
1764 586 2096 669 habuisse,
2155 588 2349 671 plane
2410 585 2827 668 improbabile
2880 589 3000 650 est.

679 683 978 749 Vidimus
1036 685 1238 759 enim,
1301 684 1679 768 supplicium
1734 685 1874 767 ejus
1931 690 1997 749 et
2054 681 2496 766 Praeceptoris
2553 680 2999 748 Normanniae

678 803 939 865 vespere
998 783 1067 846 in
1129 782 1342 845 insula
1395 778 1735 865 Sequanae
1786 781 2058 864 jubente
2123 780 2421 863 Philippo
2481 784 2609 849 cito
2669 783 2990 864 peractum

678 879 904 962 fuisse3
969 879 1136 962 regis
1198 878 1546 953 intererat,
1608 881 1687 941 ut
1742 877 1882 941 sine
1942 877 2300 943 animorum
2361 880 2787 947 commotione
2852 877 2995 960 ejus

677 976 1008 1039 sententia
1065 980 1168 1039 sat
1230 973 1572 1039 arbitraria
1626 974 1985 1038 executioni
2052 975 2494 1044 mandaretur.
2614 977 2711 1040 Ac
2764 972 2995 1037 merito

678 1070 958 1142 advertit
1023 1070 1304 1147 Wilcke,
1379 1070 1746 1153 suppositae
1810 1070 2215 1136 allocutionis
2279 1074 2605 1138 fictionem
2676 1072 2779 1136 vel
2841 1068 2995 1134 inde

677 1172 925 1250 patere,
987 1166 1157 1251 quod
1220 1166 1296 1231 de
1355 1166 1699 1231 tormentis
1761 1172 1959 1231 antea
2011 1168 2304 1233 toleratis
2360 1174 2793 1254 conqueratur
2854 1165 2990 1231 Ma·

678 1264 900 1348 gister,
948 1283 1136 1348 quem
1183 1262 1438 1330 constat
1480 1283 1816 1345 nunquam
1863 1264 2204 1329 tormentis
2247 1265 2545 1331 affectum
2593 1262 2871 1347 fuisse.¹)

344 1428 506 1473 citatio
537 1428 662 1471 fabu·
857 1411 960 1475 59.
1015 1409 1245 1475 Potuit
1297 1432 1452 1474 sane
1512 1410 1823 1492 ejusmodi
1880 1409 2101 1475 fabula
2155 1410 2234 1475 de
2287 1412 2595 1476 citatione
2642 1410 2993 1476 Clementis

378 1490 622 1596 nssg‘ffiri'
680 1511 746 1573 et
787 1507 1070 1592 Philippi
1114 1507 1198 1571 ob
1241 1509 1513 1570 mortem
1562 1528 1779 1571 eorum
1826 1508 2006 1590 brevi
2051 1512 2196 1591 post
2242 1512 2524 1572 secutam
2572 1508 2744 1586 oriri,
2787 1529 2987 1591 quum

674 1627 882 1689 prona
939 1605 1026 1668 sit
1081 1601 1429 1668 multitudo
1483 1607 1745 1686 stupore
1802 1605 2126 1687 perculsa
2156 1604 2222 1669 in
2286 1605 2596 1688 ejusmodi
2650 1605 2988 1670 eventibus

676 1702 839 1766 mira
891 1699 1202 1786 quaedam
1254 1700 1642 1785 confingere.
1734 1701 2071 1766 Caeterum
2120 1703 2301 1766 'facta
2355 1701 2665 1785 quaedam
2724 1702 2795 1766 in
2842 1701 2990 1766 aliis

673 1798 1041 1883 regionibus
1088 1798 1284 1861 etiam
1331 1797 1609 1862 fictionis
1664 1820 1884 1864 ansam
1939 1804 2294 1881 potuerunt
2340 1800 2663 1884 praebere.
2761 1798 2989 1864 Refert

673 1894 965 1959 videlicet
1031 1893 1319 1959 Joannes
1391 1893 1687 1959 Mariana
1749 1893 2240 1979 (1537—1624)
2312 1898 2382 1960 in
2451 1918 2567 1961 sua
2630 1896 2990 1979 Hispaniae

670 1990 967 2073 historia,
1028 2014 1086 2056 a.
1141 1992 1305 2056 1312
1361 1991 1516 2056 duos
1561 1992 1795 2056 fratres
1842 1993 2089 2056 nobiles
2136 2015 2213 2057 ex
2269 1993 2518 2058 familia
2563 1993 2888 2077 Carvajal,
2947 2014 2991 2056 a

670 2108 823 2172 rege
898 2084 1313 2152 Ferdinando
1387 2088 1629 2173 injuste
1710 2087 1787 2152 ad
1864 2093 2137 2153 mortem
2221 2089 2679 2155 condemnatos
2764 2089 2985 2154 fuisse.

670 2184 878 2249 Hosce
933 2184 1280 2249 morientes
1335 2206 1550 2269 regem
1605 2186 1782 2249 intra
1836 2184 1970 2250 dies
2016 2185 2289 2269 triginta
2346 2185 2426 2250 ad
2480 2186 2768 2251 tribunal
2822 2185 2984 2250 divi-

669 2304 827 2346 num
868 2281 1130 2358 citasse,
1180 2302 1399 2364 regem
1446 2304 1617 2362 vero,
1662 2305 1858 2367 quum
1904 2281 2193 2346 nondum
2239 2282 2769 2368 vigintiquinque
2816 2287 2984 2348 esset

668 2400 1020 2454 annorum,
1087 2400 1306 2443 revera
1366 2378 1467 2442 die
1531 2379 1860 2463 trigesimo
1927 2377 2011 2461 (d.
2079 2375 2147 2441 7⁰
2207 2376 2603 2462 Septembris
2667 2401 2721 2443 a.
2790 2378 2988 2457 1312)

669 2481 943 2541 mortem
987 2475 1239 2541 obiisse.
1331 2475 1632 2541 Advertit
1677 2474 1997 2551 Mariana,
2055 2476 2167 2561 qui
2216 2480 2520 2541 eventum
2566 2475 2741 2542 hunc
2782 2475 2984 2541 habet

667 2595 919 2647 verum,
989 2572 1139 2636 inde
1181 2582 1559 2656 'cogn'omen
1621 2571 1710 2638 In
1754 2572 1876 2655 jus
1932 2576 2196 2637 vocatus
2262 2573 2673 2638 Ferdinando
2735 2573 2979 2638 factum

666 2665 940 2752 fuisse.²)
1030 2668 1364 2753 Ejusmodi
1411 2676 1678 2733 eventus
1728 2669 2122 2735 occasionem
2167 2670 2475 2753 praebere
2521 2671 2739 2754 potuit
2783 2670 2981 2735 simili

666 2766 1027 2830 narrationi
1075 2765 1153 2829 de
1201 2771 1406 2831 morte
1451 2766 1801 2832 Clementis
1834 2766 1917 2832 V.
1961 2767 2061 2830 vel
2113 2766 2395 2851 Philippi
2437 2765 2731 2847 Pulchri,
2778 2789 2979 2851 quum

665 2863 788 2946 ipsi
835 2862 1009 2926 brevi
1058 2866 1203 2946 post
1248 2863 1624 2947 supplicium
1673 2861 1968 2947 Magistri
2016 2863 2523 2947 Templariorum
2570 2864 2981 2928 obirent..—

668 2957 972 3023 Recolere
1014 2980 1203 3043 porro
1240 2958 1529 3043 juvabit,
1575 2959 1813 3042 passim
1857 2959 2197 3042 scriptores
2244 2958 2552 3042 quosdam
2599 2960 2787 3024 medii
2836 2960 2979 3024 aevi

667 3055 878 3139 quoad
921 3062 1160 3120 mortes
1208 3060 1653 3139 praematuras
1699 3054 2137 3119 Romanorum
2187 3055 2602 3137 Pontificum,
2658 3058 2980 3140 conjectu-

664 3152 764 3223 ris
798 3151 1137 3216 indulsisse
1198 3174 1330 3216 non
1389 3152 1605 3215 minus
1665 3151 1901 3233 ineptis
1958 3173 2151 3234 quam
2209 3150 2420 3227 falsis,
2484 3157 2557 3219 ut
2612 3152 2977 3235 punitionis

666 3248 917 3313 divinae
970 3248 1042 3312 in
1099 3248 1177 3312 iis
1223 3249 1594 3312 invenirent
1648 3248 1855 3331 signa.
1945 3246 2051 3312 Ita
2106 3249 2347 3333 egregii
2404 3247 2732 3314 Pontificis
2775 3246 2976 3312 Inno-

804 3478 807 3479 ’
846 3468 887 3533 1)
926 3466 1148 3521 Wilcke
1185 3467 1219 3520 l.
1260 3483 1304 3520 c.
1342 3465 1416 3519 H.
1455 3468 1574 3518 318.
1710 3517 1712 3521 ,

839 3546 884 3613 ²)
920 3546 980 3599 L.
1018 3546 1135 3598 XV.
1174 3561 1218 3599 c.
1259 3547 1340 3598 11.
1379 3575 1447 3582 --
1490 3543 1650 3610 Apud
1676 3543 1959 3599 Ferretum
1985 3544 2335 3599 Vicentinum
2374 3543 2606 3610 quidem,
2645 3542 2972 3611 scriptorem

662 3626 865 3680 Italum
913 3626 1117 3679 saeculi
1164 3624 1312 3678 XIV.
1328 3666 1340 3690 ,
1398 3624 1591 3679 citatio
1639 3623 1825 3691 aliqua
1873 3624 2108 3678 refertur
2156 3624 2452 3678 Clementis
2501 3628 2560 3678 et
2607 3622 2851 3690 Philippi
2902 3623 2973 3676 ad

662 3704 902 3759 tribunal
938 3704 1067 3769 Dei,
1116 3705 1209 3759 sed
1261 3704 1379 3772 ejus
1428 3703 1628 3757 relatio
1674 3701 1948 3757 fictionem
1998 3702 2215 3757 omnino
2260 3703 2486 3757 redolet.
2561 3702 2680 3755 Jam
2734 3717 2842 3756 non
2880 3702 2975 3755 ad-

663 3784 918 3838 scribitur
957 3781 1151 3836 citatio
1189 3783 1394 3837 Jacobo
1432 3782 1644 3836 Molaeo
1682 3781 1982 3849 MagistrO,
2028 3783 2123 3835 sed
2158 3782 2467 3848 Templario
2508 3781 2718 3835 cuidam
2760 3781 2973 3848 Neapo-

660 3862 833 3916 litano
881 3861 1127 3915 audacis'
1156 3861 1323 3915 animi
1369 3861 1517 3925 viro,
1567 3876 1725 3928 quem
1776 3860 1868 3913 diu
1915 3861 1973 3913 in
2024 3875 2237 3915 carcere
2286 3861 2570 3915 detentum
2605 3859 2864 3915 Pontifex
2899 3861 2972 3914 ad

662 3945 893 3995 mortem
942 3940 1299 3994 damnaverit.
1372 3941 1438 3993 V.
1489 3939 1758 3993 Muratori
1809 3939 1924 3994 Scr.
1973 3939 2045 3992 It.
2095 3939 2247 3993 Tom.
2298 3939 2395 3993 IX.
2445 3957 2494 4008 p.
2545 3942 2682 3993 1017
2736 3955 2850 4007 sqq.
2899 3968 2969 3976 —

662 4020 844 4074 Minus
882 4026 1134 4074 accurate
1172 4019 1389 4074 Wilcke
1426 4020 1461 4072 l.
1503 4035 1545 4072 c.
1583 4019 1659 4072 H.
1699 4020 1803 4071 319
1851 4024 2066 4073 textum
2110 4033 2179 4072 ex
2214 4018 2442 4073 Ferreto
2481 4017 2644 4083 citat,
2692 4034 2756 4071 ac
2794 4018 2838 4072 si
2876 4017 2970 4071 hic

663 4109 854 4154 auctor
900 4100 1157 4167 loquatur
1205 4099 1272 4153 de
1319 4098 1590 4167 Magistro
1646 4113 1846 4165 magno
1895 4096 2339 4164 Templariorum.
2431 4097 2514 4150 De
2562 4097 2774 4151 Molaeo
2823 4096 2970 4151 enim

663 4180 809 4246 apud
841 4179 1122 4233 Ferretum
1162 4178 1198 4231 1.
1237 4195 1280 4232 c.
1319 4194 1428 4232 non
1466 4176 1670 4244 agitur.
