3281 5014
1016 421 1192 477 Series
1229 420 1556 476 Pontificum
1593 422 2073 476 Avenionensium.
2589 422 2688 475 151

380 565 644 628 cismum
689 563 1123 628 foedissimum
1169 564 1580 628 continentes
1626 562 1893 628 fuerunt
1937 562 2304 640 damnatae,
2365 565 2431 627 et
2473 563 2689 628 variae
2733 577 2869 621 easta
2895 577 2997 621 010⁸

378 660 523 724 fidei
570 660 877 724 veritates
919 665 1142 725 contra
1190 681 1434 725 errores
1479 659 1523 725 J
1525 660 1754 725 oannis
1803 659 2025 725 Olivae
2070 660 2442 726 solemniter
2487 680 2689 723 asser·

377 753 560 837 tae.¹)
653 755 949 820 Clemens
997 756 1191 821 etiam
1246 756 1325 821 ad
1371 757 1877 822 obsolescentem
1932 757 2169 821 sensim
2222 754 2508 820 fidelium
2553 756 2689 839 pie-

376 858 577 917 tatem
628 852 1032 917 excitandam
1079 850 1330 916 Urbani
1378 852 1492 918 IV.
1545 852 1895 937 diplomata
1952 852 2029 916 de
2076 852 2489 916 solemnitate
2534 849 2688 916 Cor-

375 950 550 1033 poris
621 948 861 1014 Christi
927 948 1305 1014 celebranda
1367 950 1732 1024 renovavit3
1809 949 2258 1034 propagandae
2324 970 2476 1013 vero
2542 948 2689 1014 fidei

377 1067 570 1111 causa
615 1045 1026 1110 orientalium
1058 1046 1429 1157 linguarum
1474 1045 1757 1111 studium
1804 1048 1873 1111 in
1920 1046 2276 1131 praecipuis
2304 1044 2475 1110 orbis
2519 1043 2689 1109 chri-

375 1143 572 1217 stiani
628 1141 1017 1221 Academiis‚
1076 1143 1352 1207 maxime
1402 1144 1473 1207 in
1521 1143 1872 1208 Parisiensi
1927 1143 2218 1208 omnium
2271 1142 2685 1218 nobilissima,

374 1240 631 1305 institui
669 1240 888 1324 jussit.
979 1238 1243 1332 Henrici
1246 1238 1879 1330 Luxemburgensis
1933 1240 2309 1304 electionem
2357 1238 2424 1302 in
2471 1258 2684 1321 regem

377 1335 811 1401 Romanorum
855 1330 1165 1401 Pontifex
1221 1358 1281 1401 a.
1332 1337 1500 1400 1308
1555 1337 1990 1414 confirmavit,
2048 1357 2180 1400 non
2238 1337 2478 1420 absque
2536 1334 2687 1399 Phi-

372 1433 532 1517 lippi
550 1405 973 1497 Francorum
1027 1434 1195 1518 regis
1250 1432 1513 1498 invidia.
1607 1433 1671 1497 Is
1717 1435 1888 1498 enim
1946 1433 2222 1497 maxime
2270 1432 2567 1516 cupiebat
2613 1436 2688 1495 ut

376 1528 641 1594 Carolus
673 1528 968 1594 Valesius
1025 1530 1229 1594 frater
1275 1528 1621 1613 Imperium
1679 1531 2023 1595 obtineret.
2127 1529 2476 1613 Postquam
2534 1528 2683 1593 dein

375 1626 693 1690 Henricus
749 1625 895 1690 VII.
978 1625 1168 1689 fidem
1237 1647 1417 1689 suam
1487 1631 1553 1690 et
1625 1626 2003 1710 obsequium
2068 1626 2204 1691 sedi
2274 1625 2685 1709 Apostolicae

363 1722 784 1807 jurejurando
830 1722 1204 1806 obligasset,
1259 1721 1519 1805 Imperii
1566 1744 1870 1820 coronam
1917 1723 2161 1788 Romae
2207 1743 2321 1805 per
2366 1726 2496 1785 tres
2540 1718 2687 1785 Car·

372 1818 616 1883 dinales
662 1817 762 1882 die
809 1816 926 1882 29⁰
965 1818 1149 1884 Junii
1196 1841 1251 1883 a.
1307 1819 1472 1883 1312
1521 1804 1786 1904 aceepit.
1878 1820 2086 1897 Quum
2134 1840 2283 1882 vero
2328 1816 2689 1902 Imperator

371 1914 627 1979 dissidio
674 1920 900 1979 exorto
946 1937 1087 1980 cum
1132 1914 1419 1981 Roberto
1469 1916 1742 2000 Apuliae
1795 1939 1945 2002 rege
2002 1916 2453 1981 auctoritatem
2503 1912 2684 1979 Sedis

372 2012 780 2095 Apostolicae
848 2013 1062 2076 minus
1131 2013 1466 2077 observare
1534 2013 1886 2092 videretur,
1956 2013 2253 2079 Clemens
2296 2012 2376 2076 V.
2446 2030 2685 2093 magno

371 2130 515 2172 cum
561 2109 782 2192 vigore
817 2110 967 2191 jura
1011 2130 1127 2173 sua
1172 2111 1465 2174 asseruit.
1559 2108 1687 2174 Sed
1732 2112 1909 2175 brevi
1955 2110 2277 2175 Henricus
2311 2108 2459 2173 VII.
2508 2107 2680 2172 subi-

370 2211 562 2270 taneo
621 2204 841 2269 morbo
902 2226 936 2267 e
991 2205 1152 2268 vivis
1204 2206 1500 2270 sublatus
1557 2212 1685 2291 est3
1743 2208 1905 2272 obiit
1951 2207 2245 2271 videlicet
2299 2229 2353 2270 a.
2396 2206 2567 2269 1213
2612 2206 2681 2268 in

369 2302 535 2365 festo
591 2299 656 2366 S.
707 2300 1180 2366 Bartholomaei
1237 2302 1405 2387 apud
1456 2302 2096 2368 Bonumconventum
2154 2305 2225 2368 in
2281 2302 2532 2366 Tuscia.
2593 2337 2679 2345 ——

374 2398 471 2462 Ex
520 2397 1108 2463 Constitutionibus
1168 2398 1236 2461 in
1297 2398 1581 2464 Concilio
1614 2398 1970 2465 Viennensi
2027 2400 2127 2464 vel
2188 2406 2373 2464 extra
2426 2398 2585 2463 illud
2641 2419 2685 2461 a

374 2494 703 2560 Clemente
775 2494 962 2561 editis
1033 2497 1170 2580 ipse
1248 2519 1484 2561 novum
1554 2497 1836 2562 confecit
1910 2496 2346 2562 Decretalium
2420 2496 2677 2572 librum,

373 2614 562 2676 quem
619 2599 824 2656 morte
878 2598 1265 2677 praeventus
1321 2616 1456 2658 non
1513 2595 1897 2677 publicavit:
1955 2595 2065 2660 sed
2112 2618 2254 2659 eum
2312 2593 2511 2658 edidit
2558 2593 2678 2657 sub

372 2689 632 2753 nomine
701 2685 1262 2754 Clementinarum
1320 2712 1643 2756 successor
1703 2691 1901 2776 ipsius
1962 2691 2250 2757 Joannes
2312 2688 2527 2756 XXII.
2592 2728 2676 2735 -

371 2784 523 2868 Ipse
583 2783 879 2850 Clemens
926 2788 1077 2867 post
1132 2785 1368 2850 multos
1433 2785 1680 2851 labores
1689 2836 1708 2867 ‚
1776 2787 2141 2853 anxietates
2194 2793 2255 2852 et
2310 2786 2682 2853 tribulatio-

369 2902 484 2946 nes
542 2881 720 2964 apud
777 2885 1065 2946 castrum
1123 2881 1200 2946 de
1263 2881 1697 2965 Rupemaura
1758 2904 1963 2967 supra
2021 2883 2418 2953 Rhodanum
2432 2934 2449 2964 ,
2510 2884 2680 2965 quod

371 2982 464 3043 est
517 2977 690 3058 reqis
733 2977 1062 3043 franciae
1076 3025 1094 3056 ,
1155 2977 1258 3043 die
1305 2978 1566 3045 Veneris
1621 2980 1698 3045 de
1751 2986 1933 3047 nocte
1988 3001 2152 3063 quae
2207 2981 2682 3047 intitulabatur

371 3073 533 3139 XII
564 3073 718 3147 Kal.
776 3073 951 3156 Maji
1006 3077 1137 3156 (20.
1187 3077 1423 3159 April.)
1476 3076 1562 3141 ad
1611 3075 1952 3144 Christum
2007 3078 2344 3160 miyravit‚
2405 3097 2581 3144 anno
2634 3098 2679 3142 a

368 3171 717 3236 nativitate
770 3170 1046 3236 Domini
1104 3170 1462 3237 MCCC'XI
1467 3173 1532 3252 V,
1589 3177 1651 3238 et
1707 3174 1885 3257 apud
1944 3173 2266 3240 civitatem
2330 3173 2681 3257 Carpento-

370 3273 692 3334 ratensem
737 3267 921 3333 ultra
958 3268 1387 3348 Rhodanum,
1445 3267 1558 3335 ubi
1614 3270 1866 3336 tenebat
1916 3271 2171 3336 curiam
2225 3291 2413 3337 suam
2460 3275 2521 3335 et
2564 3271 2679 3337 ubi

370 3368 526 3430 tunc
571 3368 762 3429 erant
811 3363 1221 3445 Cardinales‚
1275 3386 1469 3431 suum
1515 3387 1747 3449 corpus
1796 3367 1936 3449 fuit
1988 3367 2422 3450 deportatum,
2478 3373 2539 3433 et
2582 3368 2682 3433 ibi

369 3460 716 3542 honorifice
744 3461 964 3526 extitit
1010 3460 1327 3528 traditum
1361 3461 1820 3528 ecclesiasticae
1854 3464 2262 3546 sepulturae;
2305 3465 2415 3530 sed
2449 3468 2684 3548 postea

370 3559 547 3641 apud
592 3559 972 3625 Vasconiam
1022 3560 1223 3642 juxta
1273 3557 1750 3626 ordinationem
1804 3580 1992 3626 suam
2049 3561 2121 3626 in
2180 3561 2463 3642 quadam
2519 3560 2683 3628 villa

371 3655 603 3720 modici
628 3654 889 3720 valoris
932 3655 1148 3739 ipsum
1193 3675 1426 3739 corpus
1467 3655 1605 3738 fuit
1647 3660 1997 3739 portatum,
2059 3662 2120 3722 et
2161 3658 2254 3725 ibi
2300 3659 2374 3725 in
2418 3656 2684 3724 ecclesia

371 3750 706 3835 collegiata
773 3752 1232 3818 canonicorum
1299 3751 1737 3819 saecularium
1754 3803 1771 3833 ,
1849 3775 2013 3836 quae
2078 3759 2352 3821 vocatur
2416 3755 2683 3822 ecclesia

460 4047 587 4179 LX11)
637 4047 715 4100 Cf.
766 4046 948 4102 Labbe
999 4048 1133 4102 Coll.
1185 4049 1346 4107 Cone.
1397 4051 1458 4104 T.
1496 4051 1623 4106 XII.
1676 4054 1811 4107 1566
1850 4070 1992 4121 sqq„
2037 4055 2355 4124 Denzinger
2399 4054 2680 4110 Euchirid.

366 4140 420 4179 n.
588 4167 600 4179 .

2746 640 2903 682 mentis
2921 641 2978 682 V.
