3281 5014
1274 440 1524 496 Urbanus
1551 441 1616 495 V.
2502 443 2602 495 165

290 580 699 657 fortitudine,
761 582 1130 668 constantia
1187 585 1254 645 et
1308 583 1656 666 prudentia
1715 582 2014 647 factiosos
2072 582 2141 645 in
2191 581 2348 645 urbe
2395 581 2602 647 Roma

292 681 358 742 et
404 678 732 742 territorio
762 675 1093 742 Romanae
1140 680 1441 744 ecclesiae
1481 681 1787 762 repressit
1830 684 1896 742 et
1940 678 2393 743 auctoritatem
2429 679 2602 743 Pon-

292 774 481 838 tificis
544 774 854 840 restituit.
964 774 1157 839 Plura
1218 797 1472 860 quoque
1533 775 1689 840 fecit
1749 775 2170 840 Innocentius
2239 775 2319 840 ad
2382 797 2603 859 procu-

290 870 559 934 randam
617 871 923 936 unionem
974 870 1391 948 Graecorum,
1447 873 1749 957 legesque
1796 871 2121 936 Ecclesiae
2173 893 2246 936 ac
2290 873 2601 937 sanctita-

290 972 422 1031 tem
468 967 864 1031 matrimonii
921 969 1116 1032 etiam
1170 972 1397 1033 contra
1452 989 1634 1052 reges
1690 974 1756 1033 et-
1820 969 2165 1053 principes‚
2225 970 2601 1052 praesertim

290 1067 516 1127 contra
561 1063 828 1128 Petrum
874 1062 1214 1128 Crudelem
1259 1065 1663 1150 Arragoniae
1720 1086 1969 1148 regem,
2024 1064 2342 1148 intrepide
2393 1063 2602 1129 vindi-

290 1161 477 1226 cavit.
594 1159 888 1225 Mortuus
953 1166 1050 1224 est
1117 1161 1542 1227 Innocentius
1584 1161 1733 1239 VI„
1801 1166 2140 1246 postquam
2203 1182 2319 1245 per
2388 1161 2602 1226 decem

290 1256 424 1321 fere
470 1278 675 1321 annos
723 1256 1070 1321 Ecclesiam
1120 1258 1527 1341 gubernavit,
1576 1257 1679 1322 die
1728 1255 1846 1321 22⁰
1877 1257 2267 1341 Septembris
2316 1280 2372 1323 a.
2411 1257 2598 1335 1362,

289 1354 648 1437 dignissimi
694 1352 1021 1418 Pontificis
1069 1376 1306 1418 nomen
1351 1356 1746 1439 relinquens.

321 1459 366 1466 “
423 1451 568 1515 ”19.
618 1448 981 1514 Urbanus
1017 1450 1096 1515 V.
1146 1448 1233 1534 (a.
1289 1452 1785 1533 1362—1371).
1837 1488 1918 1498 -
1965 1450 2125 1516 Post
2167 1456 2440 1515 mortem
2488 1450 2597 1515 In·
2637 1467 2913 1510 Urbanusv.

288 1548 576 1614 nocentii
604 1535 722 1611 VI.
745 1543 1138 1610 “Cardinales
1183 1548 1255 1611 in
1300 1548 1597 1632 eligendo
1642 1570 2000 1615 successore
2046 1548 2381 1631 aliquanto
2433 1551 2598 1611 tem-

289 1666 441 1730 pore
504 1642 820 1708 discordes
891 1644 1174 1708 fuerunt.
1282 1644 1490 1720 Quum
1555 1666 1709 1709 vero
1776 1644 1857 1709 ad
1921 1665 2109 1709 aures
2174 1664 2392 1707 eorum
2457 1665 2597 1728 per·

289 1743 596 1822 venisset,
655 1739 976 1805 Joannem
1034 1738 1283 1804 Galliae
1346 1761 1558 1825 regem
1616 1742 1755 1824 jam
1812 1740 2213 1806 Avenionem
2267 1741 2595 1824 proficisci,

288 1844 361 1903 ut
422 1840 488 1902 in
557 1837 933 1903 electionem
1001 1835 1334 1902 Pontificis
1403 1843 1730 1902 exerceret
1794 1836 2138 1915 infinum,
2207 1857 2354 1901 mox
2420 1836 2597 1901 Pon-

287 1937 521 2001 tificem
597 1937 896 1998 crearunt
972 1937 1160 1998 extra
1226 1932 1619 2018 Collegium,
1697 1933 2088 1998 Guilelmum
2157 1932 2595 1998 Grimoaldum

286 2031 582 2114 Gallum,
644 2028 904 2095 Ordinis
969 2028 1442 2110 cluniacensis,
1508 2029 1679 2115 apud
1742 2029 2093 2096 Massiliam
2152 2028 2473 2095 Abbatem
2533 2036 2600 2095 et

284 2127 653 2197 Innocentii
709 2126 822 2192 VI.
897 2127 965 2191 in
1030 2125 1221 2192 Italia
1290 2128 1575 2210 legatum
1597 2176 1612 2204 ‚
1687 2127 1892 2192 virum
1957 2126 2280 2203 doctrina,
2357 2127 2597 2210 pietate

287 2232 353 2291 et
410 2247 621 2289 rerum
677 2222 1103 2309 gerendarum
1160 2224 1394 2307 peritia
1450 2225 1724 2301 clarum,
1779 2224 1887 2307 qui
1944 2245 2183 2287 nomen
2242 2220 2492 2287 Urbani
2516 2223 2617 2310 K.

284 2322 585 2406 suscepit.
677 2320 805 2386 Hic
846 2319 1157 2384 Pontifex
1205 2319 1715 2386 Praedecessoris
1761 2320 2051 2404 vestigiis
2108 2319 2414 2385 insistens
2461 2343 2592 2385 ma·

281 2440 411 2503 gna
457 2439 599 2482 cum
649 2417 991 2501 vigilantia
1043 2417 1393 2482 firmandae
1448 2417 1820 2501 disciplinae
1877 2422 1944 2481 et
2000 2417 2420 2481 reformandis
2462 2439 2594 2481 mo-

281 2517 457 2580 ribus
519 2515 842 2590 incubuit,
911 2515 1363 2580 beneficiorum
1430 2515 1873 2599 pluralitatem
1918 2515 2152 2579 iterum
2200 2515 2590 2599 proscripsit,

283 2613 537 2697 aliaque
593 2612 747 2677 fecit
786 2613 965 2677 varia
1024 2612 1103 2676 ad
1154 2612 1531 2696 religionem
1590 2611 1826 2694 ubique
1880 2610 2398 2695 promovendam.
2477 2610 2591 2674 Vi·
2649 2634 2813 2676 Urbani
2835 2635 2883 2676 v,

281 2731 386 2774 ros
431 2711 648 2774 doctos
690 2709 885 2773 etiam
940 2709 1348 2794 peculiariter
1403 2709 1594 2785 fovit,
1657 2711 1721 2771 et
1766 2707 1978 2772 varias
2036 2706 2393 2771 studiorum
2443 2709 2590 2772 uni·
2697 2698 2832 2747 ΨΜ

281 2807 619 2871 versitates
688 2807 790 2870 vel
858 2807 1173 2882 instituit,
1244 2806 1345 2869 vel
1415 2805 1765 2869 honoribus
1834 2806 1900 2868 et
1964 2803 2315 2888 privilegiis
2385 2805 2591 2870 auxit.

280 2903 489 2978 Quum
568 2925 642 2968 eo
729 2907 1013 2987 tempore
1090 2924 1282 2986 opera
1356 2900 1725 2965 Albernotii
1798 2900 2147 2964 auctoritas
2222 2902 2591 2984 temporalis

279 2998 615 3065 Pontificis
688 2999 758 3064 in
832 2996 1024 3063 Italia
1098 3020 1335 3083 magna
1410 3004 1594 3082 parte
1660 2996 2028 3061 instaurata
2094 2996 2447 3076 videretur,
2522 3003 2589 3061 et

280 3119 357 3160 ex
415 3118 596 3161 mora
653 3096 725 3160 in
776 3094 986 3160 Gallia
1045 3093 1448 3159 incommoda
1502 3094 1682 3157 varia
1736 3092 2071 3177 provenire
2122 3093 2260 3176 jam
2321 3098 2592 3177 pateret,

280 3192 613 3281 consilium
669 3193 839 3276 cepit
896 3190 1201 3256 Urbanus
1259 3190 1531 3280 Romam
1589 3189 1848 3277 Curiam
1905 3188 2355 3255 transferendi.
2454 3190 2591 3266 Quo

281 3291 350 3354 in
413 3290 712 3368 consili0‚
782 3294 855 3353 ut
917 3289 1195 3366 videtur,
1259 3270 1676 3354 confirmatus
1742 3291 1841 3350 est
1906 3308 1943 3349 a
2001 3284 2229 3350 Oarolo
2286 3286 2403 3352 IV.
2461 3286 2590 3350 Im-

279 3392 607 3470 peratore;
668 3386 776 3450 sed
828 3385 1078 3451 Galliae
1135 3406 1248 3449 rex
1311 3384 1576 3449 Carolus
1607 3382 1690 3447 V.
1754 3386 2071 3466 quantum
2133 3388 2388 3466 poterat
2445 3405 2590 3447 eum

278 3482 600 3548 dimovere
660 3482 960 3547 studebat
1023 3482 1104 3545 ab
1167 3481 1286 3545 hac
1345 3479 1744 3559 intentione,
1803 3477 2376 3562 Cardinalibusque
2441 3478 2591 3544 Gal-

2702 833 2753 876 ”x

279 3580 359 3645 lis
432 3580 673 3664 pariter
745 3579 1079 3663 negotium
1141 3577 1261 3642 hoc
1329 3577 1704 3642 nullatenus
1771 3573 2118 3638 arridebat.
2242 3573 2369 3639 Sed
2437 3598 2589 3640 con-

278 3680 459 3741 stans
521 3676 591 3739 in
649 3676 1008 3760 proposito,
1071 3673 1375 3739 Urbanus
1406 3671 1486 3736 V.
1546 3693 1720 3736 anno
1788 3671 1956 3735 1366
2018 3672 2272 3754 publice
2333 3694 2590 3736 annun-

277 3773 497 3849 tiavit,
567 3771 836 3837 Romam
898 3794 965 3837 se
1025 3792 1425 3835 reversurum
1491 3767 1804 3833 Paschate
1876 3769 2033 3832 anni
2103 3768 2586 3853 subsequentis;

278 3891 352 3934 ac
419 3890 643 3933 revera
703 3866 804 3933 die
876 3864 988 3932 30⁰
1050 3865 1291 3951 Aprilis
1359 3886 1531 3929 anno
1603 3865 1772 3928 1367
1842 3863 2245 3930 Avenionem
2304 3866 2587 3951 reliquit,

279 3970 343 4029 et
407 3987 549 4029 cum
614 3965 1085 4040 cardinalibus,
1155 3963 1263 4047 qui
1326 3985 1472 4027 eum
1536 3962 1828 4046 quamvis
1893 3962 2082 4026 inviti
2145 3964 2350 4027 secuti
2412 3970 2586 4039 sunt,

278 4062 552 4127 feliciter
617 4062 687 4126 in
754 4060 1012 4126 Italiam
1078 4059 1389 4143 pervenit.
1492 4058 1798 4137 Viterbii‚
1879 4056 2123 4122 Romae
2199 4064 2264 4123 et
2332 4059 2584 4124 Monte-

275 4157 559 4223 flascono
617 4180 730 4242 per
789 4161 921 4222 tres
982 4157 1116 4222 fere
1177 4178 1384 4220 annos
1440 4159 1730 4219 versatus
1793 4159 1908 4219 est.
2014 4154 2228 4219 Minus
2291 4178 2587 4241 prospere
