3281 5014
303 575 516 618 Ultimum

264 637 549 690 supplicium.

264 3634 470 3685 Quaestio
503 3633 556 3674 (le

284 3696 405 3737 salvo
435 3708 534 3736 con-

333 3756 476 3799 ducto.

583 422 688 473 330
1179 422 1435 476 XXXIV.
1472 421 1556 476 De
1594 421 1836 476 Concilio
1873 422 2303 477 Constantiensi.

588 585 643 626 a.
718 562 914 639 1415,
986 564 1241 628 articuli
1308 565 1582 647 praefati
1660 565 1946 629 damnati
2019 569 2173 628 sunt
2239 568 2553 648 tanquam
2633 563 2901 637 erronei,

586 660 687 723 vel
732 659 1119 738 scandalosi,
1170 661 1271 724 vel
1330 661 1575 743 piorum
1645 662 1892 726 aurium
1939 661 2261 734 offensivi,
2318 660 2431 724 vel,
2465 659 2783 724 temerarii
2837 665 2901 723 et

584 756 906 833 seditiosi,
964 762 1079 821 aut
1124 758 1381 821 notorie
1426 756 1763 841 haeretici,
1828 764 1895 821 et
1941 759 2076 841 jam
2126 756 2362 821 dudum
2411 778 2448 819 a
2494 756 2734 820 sanctis
2779 754 2900 818 Pa-

583 853 790 916 tribus
837 857 899 916 et
943 853 1355 937 generalibus
1402 854 1702 919 Conciliis
1758 855 2086 938 reprobati
2134 864 2200 917 et
2244 853 2554 917 damnat-i.
2647 849 2900 935 Scripta

583 948 807 1012 Hussii
847 949 926 1014 ad
971 949 1189 1034 ignem
1248 949 1555 1015 damnata
1613 946 1801 1016 sunt.¹
1880 950 2026 1034 Ipse
2071 950 2344 1015 Hussius
2401 949 2756 1013 declaratus
2804 956 2902 1013 est

588 1067 771 1109 verus
819 1051 885 1110 et
926 1047 1307 1111 manifestus
1355 1046 1744 1123 haereticus,
1807 1049 2105 1131 pertinax
2164 1051 2230 1110 et
2274 1046 2762 1128 incorrigibilis3
2820 1045 2900 1107 ab

589 1141 810 1206 ordine
869 1143 1247 1208 sacerdotali
1304 1144 1455 1208 dein
1511 1145 1838 1229 depositus
1900 1150 1966 1209 et
2017 1144 2402 1227 degradatus
2455 1143 2714 1206 relictus
2774 1142 2905 1204 fuit

597 1241 811 1303 curiae
871 1241 1209 1322 saeculari,
1271 1262 1309 1303 a
1365 1264 1492 1325 qua
1545 1245 1741 1325 juxta
1804 1243 1976 1325 leges
2037 1242 2327 1325 vigentes
2383 1240 2459 1303 ad
2520 1261 2741 1323 rogum
2797 1237 2898 1300 die

601 1334 672 1399 6⁰
713 1335 874 1401 Julii
939 1359 993 1401 a.
1055 1337 1221 1401 1415
1287 1338 1630 1403 damnatus
1693 1347 1810 1403 est.
1916 1340 2021 1403 Ad
2080 1340 2287 1402 locum
2347 1336 2639 1420 supplicii
2701 1333 2898 1398 addu-

598 1439 740 1496 ctus
785 1434 1147 1518 iterumque
1175 1434 1554 1513 admonituS,
1606 1440 1681 1499 ut
1724 1436 1987 1500 tandem
2019 1456 2263 1499 errores
2306 1456 2454 1498 suos
2490 1433 2900 1515 relinqueret,

596 1534 662 1594 et
715 1531 912 1593 vitam
958 1536 1269 1610 servaret,
1332 1533 1394 1596 id
1458 1533 1668 1597 facere
1723 1533 2145 1616 pertinaciter
2202 1530 2533 1595 recusavit.
2619 1528 2898 1610 Quapro-

587 1632 752 1708 pter.
783 1627 951 1711 ignis
1000 1650 1155 1712 rogo
1206 1630 1531 1707 admotus,
1590 1636 1684 1705 et,
1747 1630 1844 1693 uti
1900 1629 2123 1694 scribit
2166 1628 2400 1692 Petrus
2446 1626 2523 1690 (le
2569 1624 2897 1688 Mladeno-

593 1723 764 1799 wicz,
813 1724 993 1788 brevi
1040 1726 1386 1790 suffocatus
1433 1725 1644 1809 fuit.¹.)

764 1848 867 1910 54.
941 1846 1224 1912 Similem
1293 1853 1530 1912 sortem
1597 1849 1801 1912 subiit
1865 1847 2297 1930 Hieronymus
2361 1847 2737 1930 PragensiS,
2802 1847 2899 1910 vir

586 1945 798 2023 laicuS,
844 1944 1079 2008 nobilis
1129 1951 1195 2008 et
1240 1946 1547 2029 magister
1596 1947 1855 2020 artium,
1905 1945 2390 2009 ardentissimus
2438 1944 2661 2008 Hussii
2710 1944 2897 2007 disci-

584 2040 769 2122 pulus
817 2046 885 2105 et
930 2041 1170 2105 amicus
1215 2042 1653 2118 fidelissimuS,
1715 2064 2092 2126 magnarum
2151 2042 2487 2105 turbarum
2542 2046 2608 2104 et
2653 2040 2896 2103 violen-

581 2137 817 2201 tiarum
872 2143 1099 2202 contra
1144 2139 1384 2202 clerum
1427 2138 1813 2222 Pragensem
1863 2145 2105 2204 auctor.
2189 2139 2395 2214 Quum
2451 2136 2897 2201 Constantiam

584 2234 891 2311 venisset,
947 2239 1021 2299 ut
1075 2236 1384 2320 magistro
1439 2257 1554 2299 suo
1600 2236 1928 2319 suppetias
1984 2234 2212 2316 ferret,
2271 2234 2655 2310 Concilium,
2714 2233 2894 2296 abso·

585 2331 723 2394 luta
769 2353 957 2417 causa
1004 2330 1242 2414 Hussii,
1287 2354 1540 2396 causam
1589 2332 1763 2395 illius
1809 2333 2133 2395 tractavit.
2217 2330 2647 2412 Hieronymus
2694 2330 2892 2392 semel

584 2435 650 2493 et
694 2430 927 2492 iterum
976 2450 1013 2491 a
1045 2428 1312 2493 Concilii
1358 2429 1681 2513 deputatis
1727 2427 2110 2510 admonituS,
2153 2434 2228 2491 ut
2270 2449 2514 2491 errores
2561 2426 2892 2512 abjuraret

585 2531 651 2591 et
695 2526 881 2590 fidem
939 2525 1317 2590 catholicam
1377 2527 1815 2608 profiteretur,
1872 2525 2136 2589 tandem
2192 2526 2259 2588 in
2319 2524 2601 2588 sessione
2648 2524 2891 2586 decima

584 2646 784 2704 nona,
841 2623 1062 2687 habita
1107 2623 1209 2687 die
1270 2620 1384 2688 23⁰
1439 2622 1830 2706 Septembris
1878 2645 1933 2685 a.
1986 2622 2183 2699 1415,
2249 2642 2502 2685 omnem
2553 2620 2889 2695 haeresim,

580 2720 954 2804 praesertim
1026 2718 1470 2784 Wiclefianam
1542 2726 1608 2783 et
1675 2718 2069 2783 Hussiticam
2137 2718 2494 2802 abjuravit,
2572 2716 2890 2799 fidemque

579 2815 958 2879 catholicam
1005 2815 1325 2899 professus
1381 2821 1496 2880 est.
1589 2816 1834 2881 Verum
1889 2822 2110 2899 postea
2167 2836 2421 2879 rursum
2468 2815 2536 2879 in
2577 2813 2890 2897 judicium

585 2905 878 2992 vocatuS,
933 2905 1336 2995 protestatus-
1372 2922 1499 2991 est,
1554 2934 1620 2976 se
1678 2913 1814 2977 solo
1862 2915 2086 2976 mortis
2134 2916 2305 2976 metu
2362 2917 2427 2974 et
2472 2917 2699 2975 contra
2738 2931 2890 2973 con-

578 3010 912 3073 scientiam
960 3031 1140 3072 suam
1198 3008 1517 3073 doctrinas
1564 3009 1820 3073 Wiclefi
1882 3015 1947 3073 et
1993 3008 2212 3072 Hussii
2260 3010 2572 3092 ejurasse,
2630 3028 2698 3070 se
2744 3006 2887 3071 illas

578 3106 900 3170 doctrinas
954 3113 1028 3169 ut
1073 3127 1257 3170 veras
1309 3113 1373 3170 et
1418 3108 1633 3190 justas
1692 3106 1929 3170 habere
1981 3128 2054 3168 ac
2105 3106 2407 3188 probare,
2465 3111 2733 3187 excepta
2776 3103 2890 3167 do·

578 3202 789 3265 ctrina
828 3199 1082 3266 Wiclefi
1131 3203 1207 3267 de
1256 3201 1682 3268 Eucharistia.
1773 3202 1933 3266 Cum
1988 3203 2054 3265 in
2100 3202 2221 3265 hac
2250 3189 2698 3265 =declaratione
2743 3222 2888 3283 per-

577 3299 878 3362 tinaciter
934 3300 1334 3381 persisteret,
1395 3300 1465 3363 in
1522 3300 1800 3363 sessione
1857 3291 2165 3382 vigesima
2221 3299 2457 3380 prima,
2520 3291 2742 3361 habita
2787 3296 2888 3360 (lie

579 3393 691 3457 30⁰
741 3394 899 3479 Maji
947 3419 1003 3460 a.
1056 3389 1252 3473 1416,
1313 3397 1657 3459 damnatus
1704 3395 1857 3470 fuit3
1913 3401 1978 3459 et
2032 3395 2341 3477 potestati
2399 3392 2707 3458 saeculari
2761 3398 2888 3456 tra·

579 3493 770 3571 ditus,
816 3493 957 3575 rogi
1004 3492 1314 3575 supplicio
1361 3492 1627 3555 affectus
1676 3498 1791 3556 est.

756 3616 861 3679 55.
907 3614 1053 3679 Jam
1099 3634 1304 3696 pauca
1349 3613 1631 3678 dicamus
1676 3613 1752 3676 de
1799 3615 2196 3697 quaestione,
2245 3618 2458 3677 utrum
2492 3636 2531 3676 a
2569 3612 2884 3676 Constan-

581 3712 778 3778 tiensi
826 3709 1110 3774 Concilio
1156 3706 1439 3774 violatus
1481 3709 1568 3773 sit
1612 3708 1833 3773 salvus
1883 3710 2234 3774 conductus
2277 3710 2515 3774 Hussio
2562 3709 2642 3773 ab
2688 3709 2885 3791 impe-

578 3820 791 3871 ratore
848 3804 1261 3880 Sigismundo
1325 3823 1675 3871 concessus.
1770 3806 1872 3883 Id,
1928 3806 2402 3871 contenderunt
2457 3806 2763 3871 Hussitae
2823 3813 2887 3874 et

763 3999 802 4062 ¹)
848 3998 1046 4052 Scribit
1099 3999 1186 4053 hic
1233 4004 1425 4053 auctor
1471 3999 1563 4065 qui
1612 4003 1846 4053 venerat
1883 3998 2265 4051 Constantiam
2312 4014 2433 4052 cum
2468 3997 2692 4063 Hussio,
2744 3997 2885 4050 hunc

581 4079 638 4131 in
662 4076 891 4131 flammis
920 4084 1202 4132 cantasse:
1238 4076 1456 4130 Christe
1480 4076 1557 4129 fili
1582 4076 1687 4130 Dei
1712 4077 1829 4129 vivi
1855 4078 2111 4131 miserere
2138 4078 2316 4143 nobis3
2356 4083 2412 4132 et
2449 4093 2610 4145 quum
2638 4077 2804 4131 tertio
2830 4076 2886 4129 id

580 4163 828 4223 repetere
853 4157 1039 4222 vellet,
1079 4158 1401 4211 suffocatum
1432 4171 1569 4210 esse.
1625 4155 1788 4210 Haud
1817 4156 1907 4209 diu
1944 4156 2119 4224 igitur
2152 4158 2474 4225 supplicium
2512 4157 2612 4211 hoc
2651 4156 2885 4209 duravit.
