3281 5014
1114 440 1286 496 Initia
1324 440 1707 518 Pontificatus.
2499 444 2570 495 15

260 583 569 649 Bonifatii
632 582 983 648 referamus
1041 587 1106 647 et
1159 583 1630 665 examinemus3
1687 585 1799 648 sed
1853 607 1929 649 ea
1973 584 2426 658 discutient-ur,
2488 583 2571 647 ob

258 703 417 766 quae
478 680 782 745 Pontifex
833 679 947 745 ille
1003 679 1315 743 invidiam
1372 679 1721 745 multorum
1778 681 2005 758 subiit3
2062 680 2308 764 reliqua
2368 678 2573 743 brevi-

259 784 371 853 ter,
419 777 473 839 si
520 797 680 859 opus
728 776 948 851 fuerit,
994 781 1359 857 tangemus

434 908 536 972 16.
579 905 946 970 Bonifatius
993 907 1226 987 igitur,
1283 908 1571 990 quamvis
1627 907 1919 990 precibus
1975 911 2315 988 urgeretur
2366 929 2406 971 a
2452 905 2567 970 Oa·

258 1005 389 1069 rolo
436 1023 617 1087 rege,
681 1009 754 1067 ut
799 1001 1072 1086 Neapoli
1127 1005 1535 1082 consisteret,
1597 1003 1911 1087 pontificii
1970 1003 2212 1067 decoris
2270 1024 2409 1067 esse
2466 1025 2567 1067 ar·

257 1102 559 1177 bitratus,
625 1099 869 1164 Romae
915 1099 1199 1183 insignia
1258 1100 1594 1185 dignitatis
1654 1100 1965 1182 accipere,
2027 1099 2093 1163 in
2144 1098 2422 1178 Urbem,
2471 1121 2568 1164 re-

257 1197 440 1280 gibus
505 1193 760 1259 Siciliae
816 1201 882 1259 et
939 1195 1325 1277 Hungariae'
1372 1197 1679 1280 stipatus,
1736 1197 2059 1279 profectus
2119 1199 2234 1260 est.
2335 1194 2569 1278 Singu-

258 1291 374 1357 lari
439 1313 583 1355 cum
647 1313 879 1375 pompa
942 1292 1181 1356 ibidem
1247 1292 1374 1356 fuit
1411 1297 1727 1376 ‘receptus
1791 1299 1855 1357 et
1917 1292 2018 1356 die
2100 1291 2211 1355 16⁰
2272 1290 2568 1357 Januarii

256 1392 661 1453 consecratus
724 1393 790 1452 et
853 1394 1216 1455 coronatus,
1327 1389 1573 1475 Magno
1629 1411 1771 1454 cum
1832 1390 2048 1454 animo
2110 1389 2256 1453 dein
2320 1392 2387 1452 et
2438 1389 2569 1453 exi-

257 1485 381 1549 mio
427 1484 650 1569 vigore
711 1485 791 1549 ad
839 1485 1188 1551 Ecclesiam
1251 1486 1736 1572 gubernandam
1796 1507 1933 1550 sese
1994 1486 2303 1563 accinxit,
2371 1494 2567 1568 atque

155 1661 161 1667 η
256 1579 666 1664 Encyclicam
724 1582 1118 1664 praeclaram
1177 1584 1257 1647 de
1295 1604 1438 1647 ·sua
1502 1583 1814 1648 electione
1878 1579 2165 1661 emisit.¹)
2230 1617 2312 1627 —
2383 1580 2567 1647 Com-

255 1677 738 1741 memorandum
795 1700 945 1743 vero
1003 1680 1126 1744 hoc
1169 1680 1339 1758 loc0,
1405 1678 1574 1768 quod
1632 1679 1824 1762 paulo
1879 1687 2053 1761 post,
2107 1679 2209 1742 die
2268 1677 2337 1742 8⁰
2384 1679 2568 1762 Apri·

254 1775 331 1838 lis
389 1794 559 1838 anno
626 1773 823 1852 1295,
886 1773 1259 1842 Bonifatius
1322 1775 1522 1840 edidit
1578 1774 2163 1851 Constitutionem,
2241 1797 2369 1859 qua
2431 1775 2566 1858 plu-

253 1871 415 1934 rima
473 1871 812 1956 privilegia
871 1893 945 1936 ac
1001 1874 1247 1958 gratias
1313 1873 1464 1936 olim
1529 1894 1567 1935 a
1629 1870 1994 1936 coelestino
2062 1892 2393 1949 concessa,
2459 1868 2570 1934 no-

253 1965 555 2031 minatim
633 1988 709 2030 ea
786 1990 952 2052 quae
1023 1968 1608 2034 Coelestinensibus
1681 1967 1951 2050 aliisque
2025 1967 2339 2052 religiosis
2414 1988 2568 2032 con-

253 2067 561 2143 cesserat,
621 2064 1061 2149 indulgentias
1108 2066 1334 2140 etiam,
1395 2070 1461 2128 et
1516 2065 1640 2128 alia
1695 2064 1776 2128 ab
1832 2063 1943 2128 illo
2003 2064 2262 2128 decreta
2315 2085 2568 2128 revoca-

254 2159 366 2237 vit,
431 2163 496 2224 et
557 2161 744 2224 irrita
807 2161 1161 2226 declaravit
1224 2162 1350 2225 nisi
1414 2156 1960 2240 renovarentur.²)
2022 2196 2106 2204 —
2170 2158 2571 2225 Coelestinus

249 2259 395 2339 post
455 2256 922 2323 abdicationem
991 2257 1392 2322 desiderabat
1433 2255 1809 2321 Sulmonam
1878 2257 2148 2337 reverti,
2218 2257 2326 2320 sed
2373 2255 2569 2321 Boni-

253 2352 452 2416 fatius
507 2353 807 2433 timebat,
867 2377 951 2419 ne
1008 2354 1420 2438 simplicitate
1478 2355 1615 2436 ejus
1673 2353 1874 2436 aliqui
1931 2352 2142 2431 abusi,
2204 2353 2262 2416 ei
2312 2375 2567 2437 persua·

257 2448 517 2528 derent,
577 2451 1043 2518 abdicationem
1100 2452 1238 2536 ejus
1288 2473 1422 2516 non
1485 2471 1623 2515 esse
1669 2448 1973 2526 validam,
2035 2452 2101 2513 et
2152 2451 2244 2516 sic
2294 2449 2569 2515 schisma

258 2547 327 2610 in
375 2545 662 2612 Ecclesia
706 2549 1155 2632 producerent.
1249 2547 1601 2631 Propterea
1648 2545 1951 2611 Pontifex
2008 2568 2147 2611 eum
2197 2568 2408 2611 secum
2455 2568 2568 2610 vo-

257 2643 383 2707 luit
427 2642 654 2709 ducere
702 2644 993 2709 Romam.
1087 2645 1129 2711 J
1131 2645 1367 2710 acobus
1414 2643 1625 2708 Card.:
1675 2642 1985 2707 Humane
2030 2642 2374 2721 cedentem,
2422 2643 2569 2707 scri-

258 2738 383 2817 bit,
446 2741 740 2805 tractans
799 2760 945 2806 eum
999 2761 1211 2806 secum
1267 2740 1355 2805 ad
1407 2739 1750 2804 Romanas
1805 2738 1903 2803 vel
1964 2738 2359 2822 Campaniae
2405 2757 2567 2820 par-

257 2838 351 2899 tes
403 2834 634 2901 ducere
690 2837 1006 2917 tentabat,
1068 2858 1299 2902 caveus
1354 2835 1481 2901 sibi
1535 2835 2012 2918 Ecclesiaeque,
2082 2855 2164 2900 ‘ne
2217 2834 2359 2900 viro
2417 2833 2569 2900 sim·

246 2929 416 3013 plici
472 2930 844 3014 aliquorum
899 2933 1252 3000 calliditate
1297 2932 1582 3015 periculi
1637 2930 1893 3013 aliquid
1940 2931 2341 2997 suaderetur.
2443 2930 2569 2996 Sed

256 3027 660 3095 Coelestinus
716 3034 852 3117 jam
915 3033 982 3096 in
1044 3033 1304 3110 itinere,
1376 3052 1576 3115 quum
1644 3030 1724 3094 ad
1788 3029 1851 3094 S.
1908 3028 2304 3094 Germanum
2373 3049 2581 3113 prope.

255 3123 548 3191 Montem
615 3126 949 3192 Cassinum
1012 3129 1442 3212 pervenisset,
1510 3127 1673 3190 clam
1748 3126 2032 3211 aufugit,
2103 3146 2369 3210 seseque
2431 3123 2571 3188 Sul-

252 3242 517 3286 monam
572 3222 642 3288 in
703 3224 928 3290 cellam
983 3246 1161 3288 suam
1219 3224 1477 3309 recepit.
1571 3222 1813 3307 Magna
1867 3244 2010 3287 cum
2064 3222 2318 3287 laetitia
2373 3243 2411 3285 a
2455 3243 2567 3304 po·

251 3319 406 3401 pulo
470 3318 598 3383 fuit
654 3321 743 3385 ibi
800 3326 1116 3404 receptus.
1217 3319 1591 3385 Bonifatius
1653 3341 1804 3383 vero
1860 3320 2040 3384 misit
2100 3319 2395 3394 nuntiOS,
2456 3319 2568 3403 qui

248 3414 489 3478 iterum
549 3438 697 3481 eum
742 3416 1091 3483 honorifice
1141 3417 1412 3484 Romam
1470 3417 1879 3481 deducerent.
1973 3413 2098 3480 Sed
2140 3413 2568 3494 Coelestinus,

248 3510 412 3596 fuga
484 3514 696 3578 denuo
758 3519 1043 3597 arrepta,
1110 3514 1385 3598 primum
1450 3514 1518 3578 in
1585 3512 1780 3577 variis
1840 3511 2123 3594 Apuliae
2196 3511 2351 3576 locis
2421 3511 2567 3576 sub·

248 3608 456 3684 stitit,
521 3631 848 3695 quumque
913 3611 1172 3676 latitare
1234 3632 1368 3676 non
1432 3616 1649 3694 posset
1710 3606 1811 3693 (ut
1869 3606 2102 3691 fertur)
2160 3629 2336 3672 mare
2393 3610 2571 3692 traji-

247 3726 395 3770 cere
455 3708 704 3773 statuit.
824 3707 899 3772 In
966 3707 1187 3772 littore
1252 3729 1402 3778 vero
1470 3707 1804 3782 detentus,
1871 3704 2043 3789 regis
2113 3705 2328 3769 Caroli
2381 3705 2565 3789 jussu

249 3827 289 3869 a
367 3804 736 3887 patriarcha
808 3803 1407 3887 Hierosolymitano
1489 3824 1729 3887 magna
1802 3802 2220 3867 veneratione
2294 3801 2564 3867 Romam

247 3901 606 3967 deducitur.
715 3900 1213 3966 Innumerabilis
1275 3900 1396 3988 ipsi
1471 3899 1848 3966 occurrebat
1921 3898 2298 3975 multitudo,
2369 3903 2567 3983 atque

433 4093 478 4159 ¹)
516 4093 678 4161 Apud
713 4091 982 4161 Raynald.
1021 4108 1069 4145 a.
1111 4093 1264 4145 1295.
1303 4108 1394 4146 nn.
1435 4094 1465 4144 7
1506 4107 1622 4160 sqq.

427 4171 476 4237 ¹)
516 4172 624 4226 Ofr.
663 4171 822 4227 'resti
859 4171 904 4225 Ι.
943 4188 993 4239 p.
1035 4175 1118 4226 79.
1157 4201 1225 4208 —
1261 4170 1606 4238 Damberger
1642 4170 1705 4224 Τ.
1743 4171 1872 4224 XII.
1915 4170 2058 4224 Krit.
2103 4186 2153 4236 p.
2192 4170 2277 4223 26.

352 4268 620 4320 Jungmaun,
664 4266 1022 4308 Dissertationes.
1059 4266 1181 4307 Tom.
1209 4264 1292 4307 VI.
2325 4261 2358 4310 2

2621 916 2876 959 Bonifatius

2655 979 2836 1021 Romam

2664 1043 2820 1095 pergit.
