3281 5014
610 431 680 480 24
1187 428 1359 481 XXX.
1398 429 1481 482 De
1518 427 1853 481 Pontificatu
1888 427 2158 483 Bonifatii
2181 428 2336 482 VIII.

610 592 726 633 sua
787 569 1054 633 firmiter
1107 568 1554 647 defenderent,
1622 591 1768 633 mox
1817 570 2032 634 animo
2079 574 2367 634 mutatus
2410 571 2664 637 veniam
2711 571 2933 654 petiit,⁴

612 687 844 750 resque
901 672 1049 750 apte
1106 667 1480 750 composuit.
1584 665 1799 730 Etiam
1859 666 1926 731 in
1978 665 2325 732 Germania
2370 666 2561 731 Bulla
2616 689 2757 731 eum
2817 689 2916 731 re·

612 763 904 828 verentia
967 767 1227 847 accepta
1294 770 1408 828 est.
1481 798 1569 809 —
1643 761 1765 827 Sed
1826 763 2385 829 vehementissime
2452 763 2529 827 de
2592 763 2919 829 Constitu·

557 850 790 925 tione
859 858 1187 925 Pontificis
1248 864 1617 970 commotus
1653 859 1779 923 fuit
1844 857 2228 949 ΡΒίῘιΡΡυε.
2273 860 2430 925 Hic
2490 864 2566 924 ut
2623 860 2745 924 sibi
2807 881 2933 943 pe-

548 970 552 975 ’
608 958 831 1022 eunias
879 961 1244 1041 corrogaret
1282 959 1418 1041 Jam
1465 942 1921 1022 falsificatione
1962 964 2262 1021 monetae
2309 979 2460 1021 usus
2508 962 2673 1035 erat,
2722 954 2919 1021 e'ccle·

605 1053 892 1119 siasticos
954 1057 1167 1118 autem
1227 1053 1369 1136 plus
1426 1075 1620 1137 quam
1678 1053 1785 1117 alii
1842 1054 2161 1137 principes
2208 1055 2601 1138 gravissimis
2657 1053 2934 1118 tributis-

572 1146 1092 1235 ‘oppresserat.¹)
1183 1147 1371 1213 Modo
1418 1148 1653 1233 igitur,
1703 1171 1901 1233 quum
1947 1148 2262 1215 Bonifatii
2309 1148 2500 1215 Bulla
2546 1172 2614 1214 se
2659 1150 2736 1212 ad
2783 1171 2916 1214 mo·

608 1247 1003 1313 der-ationem
1069 1245 1352 1310 revocari
1415 1245 1848 1329 intelligeret
1917 1245 2110 1310 homo
2173 1248 2451 1353 cupidus·
2495 1253 2561 1311 et
2617 1247 2919 1329 superbia

606 1344 919 1419 tumiduS,
981 1344 1134 1426 jura
1191 1363 1307 1406 sua
1373 1341 1599 1406 violari
1659 1347 1723 1407 et
1773 1341 2251 1424 plenitudinem
2312 1342 2529 1425 νο91αο
2575 1340 2939 1432 potestatis·

607 1460 765 1506 suae
821 1462 859 1504 a
914 1439 1279 1505 Bonifatio
1301 1440 1610 1503 coarctari
1668 1433 2072 1547 conquestus
2097 1433 2224 1506 est.
2309 1432 2657 1517 Attamen,
2720 1461 2916 1523 quum

494 1588 571 1687 >C
610 1528 743 1603 11011
789 1537 1003 1600 minus
1046 1524 1320 1601 callidus
1380 1532 1549 1600 esset
1597 1539 1694 1600 'ac
1723 1534 2060 1620 superbus,
2114 1523 2286 1601 haud
2344 1541 2632 1620 apertam
2678 1536 2918 1600 luctam

607 1657 751 1698 cum
816 1632 1152 1698 Bonifatio
1219 1633 1396 1710 iniit,
1464 1633 1575 1697 sed
1649 1633 1885 1716 perfide
1942 1632 2133 1697 aliam
2203 1633 2374 1697 viam
2436 1634 2779 1717 quaesivit,
2843 1639 2938 1696 ut.

305 757 495 811 Philippi
521 759 566 799 P.

304 819 551 861 resistentia

608 1731 991 1799 Pontificem
1040 1739 1323 1807 vexaret,
1369 1751 1443 1793 ac
1486 1729 1833 1794 vindictam
1879 1729 1955 1793 de
1994 1731 2133 1812 ipso
2178 1736 2479 1794 sumeret.
2568 1727 2701 1794 Sub
2739 1751 2919 1813 prae-

607 1834 792 1894 textu
849 1826 1175 1903 videlicet,
1238 1824 1511 1890 Galliam
1575 1826 1805 1908 opibus
1867 1826 1943 1890 ad
2008 1827 2167 1892 alias
2226 1827 2589 1910 provincias
2650 1847 2723 1890 ac
2783 1847 2917 1892 sae·

607 1926 751 2009 pius
822 1922 902 1987 ad
972 1922 1191 1987 hostes
1261 1921 1613 2004 deportatis
1680 1921 2007 1986 exhauriri
2076 1927 2141 1987 et
2204 1923 2284 1986 ad
2339 1922 2623 2005 inopiam
2694 1921 2939 2006 redigi,.

608 2023 813 2106 legem
876 2020 1031 2084 tulit
1091 2019 1210 2083 sub
1268 2019 1445 2102 gravi
1508 2040 1742 2100 poena,
1806 2039 1889 2081 ne
1950 2018 2095 2101 quis
2150 2040 2227 2081 ex
2292 2039 2492 2103 regno
2556 2019 2935 2101 pecuniam,.

607 2138 928 2202 gemmas,
993 2116 1152 2180 alias
1216 2137 1319 2178 res
1384 2116 1695 2198 pretiosas
1759 2119 1825 2178 et
1885 2136 2082 2198 equos
2148 2114 2464 2179 eveheret.
2575 2114 2937 2180 Praeterea.

609 2213 969 2287 extraneiS,
1040 2212 1379 2296 quominus
1446 2212 1513 2274 in
1581 2209 1830 2275 Galliae
1890 2231 2089 2295 regno
2160 2211 2495 2295 degerent,
2563 2210 2934 2276 interdixit..

612 2310 749 2375 Hac
808 2309 1060 2374 ratione
1120 2313 1415 2373 versutus
1473 2328 1587 2371 rex
1648 2307 1956 2390 implicite
2019 2307 2210 2371 etiam
2272 2307 2687 2391 impediebat,
2754 2330 2912 2392 quo-

610 2408 818 2472 minus
864 2405 1137 2490 pecunia
1182 2426 1298 2488 pro
1346 2404 1588 2469 auxilio
1636 2409 1850 2468 terrae
1894 2413 2175 2480 sanctae,
2222 2426 2295 2469 ac
2340 2427 2455 2487 pro
2502 2405 2646 2469 aliis
2680 2403 2935 2469 Sacrae·

609 2504 790 2571 Sedis
851 2501 1337 2568 necessitatibus
1399 2505 1465 2566 et
1525 2501 1805 2586 negotiis
1872 2500 2140 2567 Romam
2203 2502 2783 2578 transmitteretur,
2847 2504 2935 2565 et-

607 2602 946 2686 quominus
987 2600 1199 2663 clerici
1229 2598 1398 2675 Itali,
1445 2598 1679 2683 quibus
1712 2598 2019 2663 beneficia
2067 2600 2136 2663 in
2167 2596 2382 2663 Gallia
2427 2599 2662 2663 collata
2708 2606 2935 2677 erant,.

607 2696 841 2763 ibidem
889 2695 1270 2774 residerent,
1324 2695 1423 2758 vel
1469 2695 1921 2759 beneficiorum
1971 2696 2222 2759 fructus
2275 2695 2653 2778 reciperent.
2754 2693 2916 2758 Lae·
2929 2731 2936 2736 ·

608 2795 879 2859 debatur
936 2813 1090 2855 sane
1152 2792 1219 2854 in
1275 2790 1373 2855 his
1434 2790 1720 2855 Ecclesia
1777 2813 1850 2855 ac
1905 2788 2101 2856 Sedes
2156 2790 2482 2874 Romana3
2543 2791 2649 2856 sed
2713 2792 2936 2855 multo·

499 2873 557 2975 ‘ll
606 2891 811 2975 magis
856 2910 1050 2971 quam
1083 2888 1484 2966 detrimentis
1530 2887 1970 2951 materialibus
2002 2885 2373 2952 Bonifatius
2415 2889 2704 2971 profecto
2752 2909 2917 2952 com·

606 2993 818 3053 motus
863 2985 988 3050 fuit
1031 3006 1110 3049 ex
1158 2989 1530 3068 contemptu
1594 2990 1661 3049 et
1706 2985 2083 3068 gravissima
2136 2984 2556 3062 contumelia,
2612 3006 2739 3068 qua
2783 2984 2918 3067 ipse

575 3009 876 3150 isubdole
938 3082 1065 3146 isto
1126 3082 1381 3146 decreto
1446 3083 1868 3147 afficiebatur.
1976 3082 2072 3147 Eo
2134 3083 2395 3165 gravius
2459 3081 2523 3144 id
2587 3079 2939 3144 Bonifatio·

608 3186 765 3262 erat,
821 3177 993 3265 quod
1052 3178 1308 3263 regibus
1357 3177 1607 3244 Galliae
1657 3177 2001 3244 Pontifices
2048 3200 2348 3263 magnam
2397 3177 2919 3243 benevolentiam

610 3300 859 3361 semper
922 3274 1373 3351 ostenderant,
1438 3297 1511 3339 ac
1568 3274 1937 3358 Philippum
2009 3275 2349 3358 praecipue
2416 3272 2785 3338 Bonifatius
2848 3271 2916 3335 in

611 3374 725 3439 lite
772 3395 914 3438 cum
961 3372 1360 3456 Arragoniae
1419 3392 1569 3456 rege
1622 3371 2061 3455 componenda
2116 3373 2337 3436 favore
2388 3373 2455 3434 et
2510 3369 2758 3433 influxu
2803 3388 2941 3432 suo-

613 3471 966 3555 adjuverat.
1089 3467 1350 3533 Studuit
1417 3472 1634 3532 tamen
1710 3466 2012 3533 Pontifex
2088 3469 2484 3533 concordiam
2557 3487 2700 3529 cum
2769 3485 2918 3547 rege

611 3586 1004 3632 conservare.

376 3727 504 3769 Bulla
790 3715 896 3777 26.
956 3713 1176 3777 Edidit
1223 3714 1425 3796 igitur
1482 3712 1541 3779 d.
1600 3711 1713 3775 25⁰
1759 3709 2153 3795 Septembris
2214 3733 2387 3775 anno
2451 3711 2616 3773 1296
2679 3708 2921 3773 bullam

324 3793 556 3841 Ineffff‘m'
615 3811 807 3875 aliam
890 3807 1286 3904 I'neff-ab‘c'lisz
1370 3831 1562 3894 quam
1646 3831 1759 3891 per
1842 3810 2204 3892 episcopum
2258 3807 2699 3872 Vivariensem
2784 3804 2922 3889 regi

614 3908 994 3972 transmisit.
1106 3906 1347 3971 Eadem
1410 3903 1493 3989 1⁰,
1555 3906 1651 3969 uti
1715 3905 1995 3970 officium
2058 3905 2194 3988 ejus
2256 3903 2577 3987 pastorale
2638 3903 2921 3986 require-

794 4078 836 4143 1)
874 4080 939 4134 V.
985 4080 1249 4148 Phillips,
1298 4079 1727 4144 Kirchenreeht,
1774 4078 1836 4131 B.
1874 4078 1976 4132 III.
2027 4077 2076 4146 ἓ.
2118 4080 2242 4145 1303
2289 4078 2555 4132 Boutaric
2599 4078 2634 4130 l.
2674 4094 2717 4131 c.
2756 4076 2815 4130 L.
2854 4074 2940 4128 X..

617 4158 711 4212 Ch.
751 4158 854 4211 ΙΙΙ.
893 4159 1102 4225 Impots
1141 4175 1234 4212 sur
1270 4159 1323 4214 10
1360 4158 1572 4225 Clerge.
