3281 5014
974 433 1151 488 Series
1188 432 1514 487 Pontificum
1550 431 2029 487 Avenionensium.
2580 435 2681 486 153

356 570 718 659 dissipata,
772 572 941 655 quod
984 577 1192 654 posset
1236 572 1396 654 fides
1445 570 1704 638 Christi
1748 571 1824 636 in
1870 572 2121 638 threnis
2167 572 2541 639 Hieremiae
2579 594 2679 637 re·
2712 572 2980 685 Ῑξῗῑθῧῐξξξξ

356 689 608 734 novare
661 669 964 735 lamenta.
1056 670 1231 734 Nam
1286 668 1478 751 quasi
1531 669 1721 734 nulla
1776 669 2093 735 remansit
2148 669 2540 735 cathedralis
2585 691 2679 735 ec·
2793 664 2802 674 ’
2986 665 2996 676 ’

358 764 590 846 clesia,
640 766 739 830 vel
782 766 1066 850 alicujus
1106 765 1416 849 ponderis
1454 764 1898 848 praebendula
1942 786 2108 848 quae
2152 787 2284 832 non
2329 766 2417 831 sit
2451 767 2679 848 potius

354 862 718 945 perditioni
763 884 960 946 quam
1006 862 1373 945 provisioni
1418 862 1731 944 exposita.
1829 862 2005 928 Nam
2059 884 2275 929 omnes
2320 863 2512 945 quasi
2555 884 2680 946 per

363 959 749 1042 emptionem
801 965 862 1024 et
913 957 1343 1026 venditionem
1395 959 1495 1024 vel
1558 979 1820 1025 carnem
1877 959 1975 1024 vel
2030 959 2419 1042 sanquinem
2468 959 2677 1042 possi-

356 1054 668 1122 dentibus
708 1058 841 1122 imo
889 1056 1363 1141 usurpantibus
1410 1056 1831 1123 advenerunt.
1922 1056 2344 1122 Dimittimus
2389 1055 2558 1138 quod
2604 1056 2680 1120 de

360 1150 618 1217 XXIV
655 1152 1120 1220 Cardinalibus
1176 1175 1335 1237 quos
1382 1153 1456 1220 in
1502 1153 1797 1219 Ecclesia
1849 1154 2092 1237 posuit,
2157 1153 2381 1220 nullus
2432 1153 2506 1218 in
2552 1153 2676 1218 Ec·

357 1248 558 1316 clesia
615 1254 709 1315 est
765 1256 1088 1334 repertus,
1155 1272 1319 1334 quae
1369 1272 1513 1317 cum
1574 1250 1932 1334 aliquando
1991 1251 2236 1317 credita
2294 1249 2433 1332 fuit
2492 1249 2677 1332 suffi-

357 1346 538 1413 ciens
583 1346 816 1414 habere
859 1355 1198 1431 personas,
1256 1348 1365 1412 sed
1408 1369 1535 1430 per
1590 1368 1734 1413 eum
1787 1348 1927 1430 fuit
1978 1349 2111 1415 hoc.
2208 1346 2516 1428 Quinimo
2561 1367 2679 1411 nos

361 1441 618 1523 Italici,
647 1513 652 1521 Α
679 1444 794 1527 qui
834 1444 1050 1528 ipsum
1097 1443 1333 1510 bonum
1379 1444 1706 1510 credentes
1741 1444 2116 1527 posuimus,
2173 1444 2342 1509 sicut
2391 1464 2547 1509 vasa
2593 1447 2677 1508 te·

354 1544 499 1605 stea
540 1541 763 1623 rejecti
802 1541 1076 1624 fuimus.
1128 1591 1142 1605 .
1191 1592 1204 1604 .
1254 1591 1267 1605 .
1324 1540 1526 1623 Saepe
1577 1541 1776 1606 etiam
1829 1540 2103 1607 cassatis
2156 1540 2514 1606 concordiis
2559 1540 2678 1606 ele-

355 1636 627 1714 ctionis,
684 1637 921 1720 absque
960 1636 1148 1719 juris
1195 1636 1449 1717 ordine,
1509 1637 1584 1701 de
1629 1636 1989 1703 volentibus
2025 1637 2352 1722 personis,
2416 1637 2675 1719 quando

350 1733 695 1816 publicare
737 1734 1002 1815 volebat,
1048 1733 1123 1802 in
1170 1738 1468 1800 nostrum
1513 1733 1983 1817 crepicordium
2028 1733 2433 1800 vocabamur.
2510 1733 2676 1799 Plus

356 1834 581 1897 tamen
640 1831 808 1912 volo,
879 1833 1048 1915 quod
1107 1832 1248 1898 sine
1307 1831 1519 1897 nostri
1580 1830 1953 1896 commercio
2010 1831 2142 1896 ista
2205 1835 2673 1913 processerunt,

356 1946 558 2008 quam
615 1928 977 2012 participes
1015 1928 1360 2011 fuerimus
1416 1928 1682 2009 fructus
1738 1928 1985 1993 mortis.
2102 1928 2155 1992 Ο
2215 1932 2368 2009 quot
2427 1927 2675 1992 dolores

360 2023 594 2089 mortis
638 2025 1078 2092 sustinuimus
1122 2026 1253 2091 ista
1294 2018 1607 2104 videntes,
1654 2028 1715 2088 et
1760 2024 2043 2090 maxime
2087 2046 2225 2106 eqo,
2281 2024 2395 2107 qui
2440 2025 2672 2090 amico·

358 2141 513 2187 rum
559 2121 854 2188 vivorum
918 2128 979 2187 et
1025 2123 1481 2206 defunctorum
1538 2120 1752 2186 cordis
1808 2123 2193 2208 punctiones
2241 2121 2432 2204 quasi
2477 2122 2675 2206 juyes

358 2218 570 2301 recepi
627 2220 798 2301 quod
850 2219 943 2285 eis
995 2219 1260 2301 fecerim
1321 2218 1501 2284 istud
1560 2217 1823 2284 malum.
1923 2218 2065 2283 Hoc
2125 2217 2332 2284 solum
2392 2217 2674 2284 consola-

357 2314 563 2381 tionis
606 2315 810 2381 habui
852 2316 1028 2381 inter
1073 2315 1313 2380 doloris
1359 2315 1637 2393 aculeos,
1695 2315 1925 2380 mortis
1971 2314 2205 2380 mentis
2259 2320 2318 2379 et
2364 2315 2670 2398 corporis,

352 2412 531 2494 quod
575 2413 715 2496 ejus
760 2412 1058 2479 electione
1101 2411 1371 2478 nonnisi
1401 2411 1535 2476 Dei
1580 2416 1640 2477 et
1686 2411 1860 2495 reyis
1905 2415 1966 2477 et
1991 2411 2198 2494 reyni,
2245 2433 2430 2495 quem
2462 2431 2670 2476 unum

355 2510 623 2591 credidi,
668 2510 1094 2576 intendebam.
1180 2511 1350 2576 Hinc
1395 2510 1534 2576 Deo
1583 2512 1927 2575 miserante
1975 2514 2194 2575 censet
2237 2512 2485 2575 obitum
2533 2510 2674 2574 Cle-

361 2609 600 2673 mentis
659 2609 976 2674 accidisse.
1084 2606 1258 2672 Nam
1316 2626 1494 2672 nunc
1546 2606 1765 2671 volens
1808 2605 2164 2671 Ecclesiam
2217 2607 2528 2672 reducere
2585 2607 2672 2671 ad

354 2704 677 2787 anqulum
732 2702 1110 2783 Vaseoniae,
1168 2702 1332 2767 talia
1389 2723 1555 2785 quae
1609 2702 1851 2768 scimus
1891 2724 2021 2785 pro
2074 2708 2242 2768 certo
2299 2709 2672 2787 conceperat

353 2803 421 2865 et
466 2801 616 2883 jam
678 2800 1128 2880 ordinaverat,
1189 2799 1359 2881 quod
1414 2820 1561 2864 vere
1619 2821 1685 2863 se
1744 2799 1986 2883 ipsum,
2048 2799 2108 2865 si
2159 2800 2549 2884 complesset,
2611 2805 2671 2865 et

357 2896 719 2962 Ecclesiam
779 2896 1278 2980 destruxisset.¹)
1372 2898 1548 2962 Haec
1602 2899 1952 2962 exulcerati
2012 2898 2211 2962 animi
2262 2920 2414 2982 prae
2461 2920 2529 2962 se
2575 2898 2673 2962 fe-

359 3000 520 3059 runt
564 2995 826 3074 indicia,
883 2996 979 3060 ita
1023 3000 1095 3059 ut
1142 3000 1533 3078 exaggerata
1586 2994 1819 3060 merito
1869 2995 2263 3078 judicentur.
2354 2996 2531 3072 Quae
2576 2995 2674 3058 di-

352 3093 448 3156 cit
507 3092 717 3176 quoad
783 3092 1034 3156 tristem
1099 3091 1329 3156 Italiae
1392 3095 1661 3174 statum,
1718 3096 1892 3154 certe
1953 3093 2180 3155 saltem
2241 3089 2674 3179 nonaeudirecte

353 3186 676 3253 Clementi
707 3186 786 3252 V.
851 3188 1155 3272 imputari
1221 3191 1512 3271 possunt.
1622 3185 1760 3251 Nec
1821 3208 2176 3267 censerem,
2243 3178 2566 3272 querelas
2595 3179 2672 3252 de

354 3284 802 3368 episcoporum
874 3284 1197 3348 creatione
1252 3282 1595 3348 arbitraria
1666 3284 1931 3349 omnino
1988 3285 2249 3348 veritati
2312 3285 2671 3349 conformes

354 3402 528 3464 esse3
591 3379 774 3445 valde
828 3380 1025 3444 dubia
1079 3381 1249 3444 enim
1309 3386 1408 3444 est
1465 3380 1816 3443 auctoritas
1870 3378 2262 3464 Napoleonis
2317 3381 2673 3446 Cardinalis

361 3475 605 3543 Ursini.
660 3513 737 3521 -—
787 3475 1156 3542 Ostendunt
1185 3481 1401 3539 tamen
1438 3474 1615 3554 haec,
1668 3498 1905 3561 magna
1945 3478 2347 3543 incommoda
2380 3499 2457 3542 ex
2507 3500 2671 3543 com·
2741 3533 2745 3537 .

356 3573 718 3639 moratione
764 3573 1114 3638 Clementis
1160 3573 1230 3636 in
1280 3570 1492 3637 Gallia
1529 3574 1668 3657 jam
1715 3574 2105 3657 provenisse.
2197 3575 2270 3639 Id
2318 3575 2557 3659 pariter
2602 3576 2671 3639 in

355 3671 676 3736 electione
737 3671 888 3734 novi
935 3668 1268 3735 Pontificis
1329 3668 1818 3733 manifestatum
1880 3676 1997 3735 est.
2090 3671 2342 3757 Viginti
2401 3675 2531 3735 tres
2586 3672 2676 3735 vi-

354 3766 592 3832 delieet
645 3777 837 3831 erant
890 3788 965 3830 eo
1021 3772 1309 3848 tempore
1357 3764 1760 3843 CardinaleS,
1821 3788 2095 3851 quorum
2143 3773 2286 3835 octo
2331 3768 2513 3847 Itali,
2575 3790 2674 3832 re-

359 3864 516 3948 liqui
548 3863 874 3927 Vascones
933 3865 1000 3926 et
1043 3860 1233 3927 Galli.
1326 3860 1478 3926 Itali
1525 3861 1908 3927 Pontificem
1968 3865 2118 3950 eligi
2173 3866 2505 3944 volebant,
2562 3867 2673 3949 qui

359 3960 633 4043 Romam
701 3964 1158 4037 reverteretur,
1229 3959 1519 4043 quamvis
1591 3962 1802 4043 parati
1868 3968 2089 4027 essent
2156 3961 2235 4026 ad
2305 3962 2670 4048 eligendum

540 4169 581 4239 ¹)
625 4171 782 4239 Apud
818 4170 1114 4236 Balutium,
1154 4171 1214 4224 Τ.
1255 4171 1329 4224 ΙΙ.
1368 4188 1419 4239 p.
1459 4173 1577 4225 289.
