3281 5014
1286 411 1468 466 Julius
1505 413 1578 466 II.
2481 416 2583 467 451

452 553 554 617 61.
618 552 857 618 Veneti
917 575 989 618 eo
1054 558 1341 636 tempore
1398 553 1816 633 Ariminium,
1888 552 2266 619 Faventiam
2329 560 2394 619 et
2457 555 2584 620 Ra·
2620 571 2788 613 Bellum
2816 584 2895 614 oon

275 672 553 715 vennam
617 654 682 714 et
742 652 926 733 plura
986 650 1112 713 alia
1172 649 1403 734 oppida
1463 650 1540 716 de
1589 644 1888 716 ecclesiae
1948 649 2316 716 Romanae
2340 652 2583 717 ditione
2611 637 2680 675 “a
2697 635 2903 677 venem

276 750 769 830 occupaverant,
803 750 1170 829 praeterea
1231 768 1383 811 vero
1437 749 1588 831 jura
1649 747 1971 812 Ecclesiae
2033 748 2453 831 invadebant,
2519 754 2586 812 et

274 843 640 908 libertatem
700 842 1194 908 ecclesiasticam
1253 865 1324 907 ac
1377 846 1785 928 majestatem
1830 830 2265 927 Apostolicam
2322 846 2387 907 in
2435 867 2583 910 con·

273 939 553 1005 ferendis
627 939 994 1003 sacerdotiis
1067 939 1290 1024 inique
1368 940 1717 1006 violabant.
1827 940 2000 1006 Hinc
2069 940 2344 1026 Julius,¹
2389 964 2587 1026 quum

274 1037 523 1102 monita
570 1038 708 1120 ejus
754 1041 1157 1120 spernerent,
1210 1059 1353 1102 cum
1402 1036 1850 1103 Maximiliano
1898 1037 2325 1122 Imperatore,
2372 1037 2586 1103 Fran-

275 1155 489 1198 corum
568 1140 635 1196 et
702 1132 1058 1217 Hispaniae
1134 1134 1419 1246 regib-us,
1497 1133 1833 1199 Ferrariae
1906 1141 1972 1198 et
2037 1133 2345 1200 Mantuae
2413 1136 2586 1200 duci·
2701 1167 2725 1197 ο

274 1231 425 1308 bus,
504 1229 759 1313 (horum
835 1232 1120 1295 omnium
1189 1232 1396 1296 varias
1472 1231 1768 1296 civitates
1817 1229 2058 1296 Veneti
2104 1231 2248 1295 sibi
2313 1234 2587 1317 subjece-

274 1327 480 1409 rant),
553 1327 878 1391 Cameraci
953 1329 1024 1391 in
1091 1326 1312 1414 Belgis
1381 1328 1604 1394 foedus
1669 1328 1857 1407 iniit,
1914 1326 2331 1412 Venetosque
2398 1352 2587 1414 repu-

272 1431 553 1508 guantes
613 1410 997 1507 gravissimo
1074 1424 1487 1489 anathemate
1562 1425 1895 1507 percussit.
2015 1424 2254 1490 Veneti
2332 1419 2587 1512 ingenti

276 1519 515 1604 praelio
592 1540 629 1582 a
696 1518 1020 1584 Ludovico
1086 1518 1238 1584 XII.
1311 1520 1642 1586 Gallorum
1712 1542 1864 1606 rege
1930 1522 2252 1605 superati,
2321 1530 2586 1588 cunctas

275 1617 452 1679 brevi
518 1620 844 1680 momento
909 1617 1121 1700 copias
1191 1622 1258 1683 et
1317 1620 1508 1683 urbes
1574 1639 1735 1702 quas
1800 1618 1867 1682 in
1939 1617 2316 1683 continente
2383 1621 2587 1702 possi-

275 1712 550 1789 debant,
607 1713 895 1778 amisere.
986 1712 1222 1783 Caesar
1277 1716 1447 1780 enim
1499 1715 2006 1794 MaximilianuS,
2066 1716 2176 1799 qui
2237 1715 2400 1780 nihil
2453 1716 2590 1780 fere

275 1812 530 1892 praeter
599 1809 844 1892 legatos
910 1814 974 1874 et
1042 1816 1392 1895 augustum
1460 1835 1694 1878 nomen
1759 1812 1839 1876 ad
1913 1812 2000 1876 id·
2046 1813 2289 1877 bellum
2357 1818 2586 1878 contu·

275 1906 470 1982 lerat,
533 1903 894 1986 Veronam,
952 1905 1352 1984 Vicentiam,
1415 1908 1755 1974 Patavium
1820 1931 1960 1974 cum
2028 1908 2281 1993 Carnis3
2361 1908 2587 1974 Gallus

278 2001 693 2086 Bergamum,
750 2001 1070 2080 Brixiam,
1129 2002 1508 2070 Cremonam
1572 2011 1637 2070 et
1685 2006 2007 2080 cremam
2068 2005 2390 2089 Hispanus
2439 2006 2591 2070 Tra·

274 2121 461 2181 num,
521 2096 919 2182 Monopolim
976 2105 1042 2164 et
1099 2100 1455 2166 Barlettam
1518 2104 1586 2167 in
1644 2103 1912 2187 Apulia3
1973 2101 2278 2167 Pontifex
2312 2102 2587 2166 ‘Raven-

274 2218 458 2271 nam,
519 2194 915 2261 Arimiuium
978 2201 1044 2260 et
1103 2198 1446 2263 Aemiliam
1511 2221 1797 2276 omnem3
1872 2199 2206 2263 Ferrariae
2269 2199 2395 2263 dux
2458 2198 2590 2263 Ro·

275 2292 549 2377 digium,
614 2291 922 2359 Mantuae
982 2317 1129 2360 vero
1188 2296 1454 2360 Asulam
1514 2301 1914 2379 receperunt.
2005 2295 2244 2361 Veneti
2305 2300 2461 2360 tunc
2519 2296 2589 2359 in

275 2393 496 2453 tantas
544 2391 884 2473 angustias
928 2391 1200 2471 redacti,
1261 2396 1335 2456 ut
1384 2394 1462 2459 de
1506 2393 1994 2459 conservatione
2050 2393 2437 2475 reipublicae
2481 2392 2590 2457 de-

276 2490 642 2570 sperarent,
698 2487 1031 2554 Pontificis
1084 2491 1358 2573 gratiam
1407 2490 1866 2574 implorarunt3
1925 2491 1977 2554 is
2033 2490 2323 2574 precibus
2372 2512 2587 2555 eorum

275 2582 481 2647 flexus
530 2588 596 2648 et
642 2589 1001 2650 exterorum
1037 2586 1541 2653 dominationem
1572 2588 1643 2651 in
1678 2587 1865 2651 Italia
1904 2588 2389 2670 pertimescens,
2436 2608 2589 2650 con·

278 2680 551 2744 cordiam
599 2701 745 2744 cum
791 2682 867 2745 iis
914 2682 1094 2759 iniit,
1153 2687 1217 2747 et
1262 2706 1301 2747 a
1345 2706 1618 2749 censura
1675 2684 2001 2749 absolutos
2047 2683 2117 2747 in
2170 2684 2444 2766 gratiam
2493 2706 2592 2748 re-

278 2775 466 2859 cepit.
554 2775 715 2842 Inde
773 2800 922 2842 vero
981 2780 1316 2863 praecipue
1370 2780 1613 2845 factum
1671 2787 1797 2865 est,
1857 2785 1927 2845 ut
1980 2779 2465 2845 Maximilianus
2528 2784 2594 2845 et
2655 2809 2705 2903 χ

278 2874 652 2956 praesertim
687 2873 1040 2939 Ludovicus
1083 2874 1329 2940 Galliae
1374 2899 1486 2942 rex
1532 2876 1711 2943 Julio
1742 2875 1825 2942 H.
1871 2876 2110 2941 infensi
2151 2875 2591 2954 redderentur,

278 2991 553 3054 moxque
597 2968 962 3035 Ludovicus
1007 2969 1163 3037 ΧΠ.
1212 2972 1544 3038 schismati
1590 2972 1927 3038 excitando
1974 2972 2236 3037 faveret.
2309 2972 2469 3048 *Qua
2516 2972 2592 3037 de

279 3088 346 3129 re
377 3067 648 3130 inferius
678 3089 960 3151 agemus,
992 3090 1189 3152 quum
1217 3067 1295 3132 de
1323 3069 1611 3135 Concilio
1645 3069 2069 3156 Lateranensi
2106 3066 2182 3132 V.
2233 3091 2270 3132 a
2297 3068 2338 3134 J
2343 3070 2471 3133 ulio
2503 3068 2588 3135 II.

282 3167 674 3246 congregato
723 3163 1126 3228 disseremus.

455 3260 558 3324 62.
621 3259 980 3325 Laboribus
1044 3269 1109 3326 et
1169 3263 1393 3328 morbo
1452 3244 1900 3346 consumptus,
1964 3283 2201 3346 magna
2257 3284 2397 3326 cum
2457 3262 2591 3345 pie·

280 3360 415 3421 tate
471 3378 543 3421 ac
594 3356 964 3422 humilitate
1015 3358 1175 3422 obiit
1218 3358 1433 3423 Julius
1476 3358 1561 3424 Π.
1616 3360 2111 3443 septuagenario
2172 3360 2404 3442 major,
2462 3357 2591 3422 Ro·

279 3475 420 3517 mae
476 3451 542 3517 in
593 3452 910 3518 Vaticano
964 3476 1136 3518 anno
1188 3456 1389 3532 1513,
1443 3457 1544 3520 die
1599 3452 1716 3518 21⁰
1762 3454 2116 3518 Februarii.
2211 3456 2385 3519 Ante
2430 3477 2592 3538 pon·

278 3551 591 3615 tificatum
666 3551 947 3627 tulerat,
1020 3552 1117 3615 uti
1193 3554 1535 3635 scriptores
1605 3550 1912 3626 tradunt,
1990 3550 2189 3638 filiam
2265 3550 2588 3629 Feliciam,

279 3667 467 3730 quam
526 3647 770 3712 Joanni
836 3647 1121 3713 Jordano
1185 3647 1428 3713 Ursino
1491 3646 1798 3712 Pontifex
1862 3646 2072 3710 factus
2131 3648 2200 3712 in
2264 3648 2594 3712 matrimo-

279 3744 459 3807 nium
525 3744 726 3828 dedit3
790 3744 916 3810 alia
980 3752 1196 3811 autem
1262 3766 1429 3829 quae
1493 3745 1612 3828 ipsi
1681 3744 2104 3829 objiciuntur,
2170 3767 2228 3809 v.
2295 3765 2355 3829 g.
2419 3745 2589 3829 quod

278 3844 549 3908 nimium
613 3842 765 3907 vino
835 3841 1086 3907 deditus
1153 3842 1379 3920 fuerit,
1457 3844 1628 3906 inter
1688 3841 1886 3905 falsas
1947 3841 2381 3907 accusationes
2442 3843 2590 3928 reji·
2677 3856 2852 3930 Iud-ples

280 3939 503 4004 cienda
558 3945 732 4003 sunt.
844 3937 1123 4003 Maxime
1178 3938 1535 4003 laudandus
1599 3942 1697 4003 est
1758 3938 1839 4003 ob
1901 3937 2224 4003 Ecclesiae
2279 3938 2588 4003 ditionem
2667 3921 2776 3963 ³⁰¹¹*
2808 3921 2868 3963 H·

278 4035 534 4100 fortiter
588 4038 1027 4100 conservatam
1085 4024 1153 4099 et
1194 4041 1491 4117 auctam,
1548 4057 1940 4120 quamquam
2000 4058 2037 4100 a
2094 4036 2424 4100 nonnullis
2478 4059 2587 4120 pa·

279 4154 424 4197 rum
488 4134 823 4217 probatuS,
891 4132 1062 4216 quod
1120 4133 1311 4196 armis
1369 4133 1571 4217 magis
1626 4155 1820 4218 quam
1881 4136 2360 4197 sacrosanctum
2426 4131 2590 4197 Pon·
