3281 5014
951 402 987 456 J
991 401 1257 456 ubilaeum
1296 418 1330 455 a
1364 401 1644 456 Bonifatio
1685 400 2032 455 celebratum.
2581 403 2652 455 35

340 544 535 609 titate
589 543 832 607 veloces
881 542 1153 607 Romam
1210 547 1551 627 pergentes
1606 542 1912 607 dixerunt
1955 542 2312 607 Bonifatio:
2379 542 2483 606 Da
2535 564 2650 607 no·

337 642 438 705 bis
515 639 1023 704 benedictionem
1102 643 1280 704 tuam
1360 644 1707 724 antequam
1784 640 2150 704 moriamur.
2273 638 2652 703 Audivimus

341 737 515 801 enim
562 737 641 800 ab
681 736 993 819 antiquiS‚
1054 735 1225 820 quod
1272 736 1564 820 quisquis
1614 736 2020 801 Christianus
2065 736 2242 800 omni
2289 757 2460 800 anno
2506 758 2653 800 cen-

338 833 599 897 tesimo*
645 832 1003 896 visitaverit
1079 854 1344 915 corpora
1418 833 1756 897 beatorum
1835 833 2268 915 apostolorum
2342 831 2518 897 Petri
2589 836 2654 896 et

340 929 562 1005 Pauli,
623 928 787 993 liber
830 929 916 993 sit
972 934 1108 993 tam
1164 950 1202 992 a
1258 929 1443 1013 culpa
1488 951 1681 1012 quam
1727 952 1765 993 a
1810 950 2042 1014 poena.
2090 979 2104 994 .
2156 977 2171 993 .
2220 976 2234 992 .
2286 927 2653 993 Mirandum

343 1030 463 1102 est,
509 1029 668 1109 quot
712 1026 949 1109 passim
995 1025 1183 1090 ibant
1222 1025 1342 1089 viri
1390 1030 1456 1089 et
1502 1026 1822 1108 mulieres,
1870 1027 1984 1109 qui
2031 1048 2205 1091 anno
2251 1026 2363 1089 illo
2412 1025 2653 1088 Romae

342 1123 642 1200 fuerunt,
705 1121 859 1205 quia
919 1141 1040 1206 ego
1084 1122 1174 1186 ibi
1237 1122 1333 1186 fui
1394 1128 1461 1186 et
1515 1144 1631 1207 per
1686 1122 1817 1186 dies
1862 1121 2007 1186 XV.
2060 1122 2235 1186 steti.
2326 1120 2423 1185 De
2468 1142 2656 1204 pane,

343 1220 513 1300 vino,
558 1219 887 1297 carnibus,
946 1218 1254 1302 piscibus,
1301 1225 1369 1283 et
1414 1240 1620 1283 avena
1665 1218 1905 1283 bonum
1954 1223 2303 1283 mercatum
2348 1218 2438 1281 ibi
2485 1222 2656 1300 erat3

342 1316 606 1380 foenum
657 1316 1055 1380 carissimum
1110 1314 1201 1379 ibi
1256 1314 1414 1400 fuit3
1479 1314 1759 1399 hospitia
1817 1316 2166 1391 carissima,
2224 1315 2445 1379 taliter
2487 1314 2656 1398 quod

341 1413 548 1477 lectus
615 1434 793 1476 meus
862 1417 928 1477 et
998 1412 1145 1496 equi
1220 1412 1345 1476 mei
1408 1433 1598 1496 super
1666 1411 1860 1476 foeno
1929 1419 1995 1477 et
2048 1434 2253 1476 avena
2315 1410 2657 1476 constabat

343 1509 503 1574 mihi
560 1509 914 1574 tornesium
969 1531 1172 1574 unum
1216 1529 1530 1592 grossum.
1622 1508 1864 1572 Exiens
1917 1507 1994 1572 de
2051 1507 2256 1571 Roma
2313 1508 2383 1571 in
2438 1508 2657 1591 vigilia

342 1604 725 1670 Nativitatis
787 1605 1058 1683 Christi,
1127 1605 1256 1669 vidi
1319 1607 1571 1670 turbam
1637 1625 1944 1695 magnam
2001 1627 2189 1688 quam
2256 1604 2657 1668 dinumerare

343 1723 535 1767 nemo
582 1706 869 1785 poterat3
922 1706 988 1766 et
1032 1701 1208 1766 fama
1252 1706 1391 1765 erat
1428 1702 1602 1765 inter
1643 1699 1997 1778 Romanos,
2045 1702 2213 1785 quod
2259 1699 2350 1763 ibi
2397 1701 2657 1764 fuerant

342 1800 490 1883 plus
539 1820 731 1882 quam
777 1798 1013 1883 viginti
1053 1802 1312 1862 centum
1360 1798 1562 1863 millia
1606 1797 1887 1863 virorum
1937 1802 2001 1861 et
2048 1798 2407 1862 mulierum.
2504 1795 2655 1859 Plu-

344 1897 470 1959 ries
534 1916 653 1979 ego
715 1895 845 1958 vidi
905 1895 993 1958 ibi
1053 1900 1187 1959 tam
1234 1895 1402 1958 viros
1462 1916 1656 1978 quam
1718 1893 2018 1958 mulieres
2073 1894 2479 1960 conculcatos
2535 1895 2655 1957 sub

345 1991 613 2076 pedibus
673 1991 973 2066 aliorum3
1036 1995 1102 2053 et
1159 1991 1355 2054 etiam
1405 1995 1663 2075 egomet
1718 1991 1786 2054 in
1842 1991 2058 2055 eodem
2117 1990 2398 2075 periculo
2443 1992 2656 2074 plures

345 2091 514 2152 vices
561 2087 753 2152 evasi.
831 2087 1007 2170 Papa
1053 2087 1583 2151 innumerabilem
1622 2087 1955 2171 pecuniam
2000 2088 2082 2150 ab
2126 2088 2346 2153 iisdem
2393 2089 2655 2171 recepit,

346 2186 501 2269 quia
545 2183 645 2248 die
702 2205 777 2248 ac
830 2191 1020 2248 nocte
1067 2183 1193 2248 duo
1238 2183 1447 2249 clerici
1505 2183 1772 2248 stabant
1832 2183 1911 2249 ad
1965 2184 2166 2249 altare
2213 2183 2274 2249 S.
2326 2185 2515 2249 Pauli
2558 2189 2658 2249 te·

345 2284 579 2347 nentes
634 2283 705 2347 in
753 2302 971 2345 eorum
1034 2281 1328 2345 manibus
1375 2281 1668 2346 rastellos
1728 2281 2136 2345 rastellantes
2181 2282 2520 2364 pecuniam
2564 2281 2658 2346 in-

341 2378 659 2443 finitam.“
755 2376 915 2441 Cum
966 2377 1239 2462 quadam
1300 2378 1551 2443 malitia
1611 2375 1710 2460 (ut
1767 2377 2045 2458 videtur)
2102 2378 2251 2441 dein
2307 2378 2655 2443 concludit:

348 2473 574 2557 „Unde
629 2474 839 2539 sciant
885 2471 1238 2539 Christiani
1291 2474 1578 2551 venturi,
1646 2473 1816 2559 quod
1870 2474 2233 2558 praedictus
2286 2473 2655 2541 Bonifatius

344 2580 409 2638 et
455 2575 592 2657 ejus
626 2571 999 2637 Cardinales
1045 2572 1112 2634 in
1159 2576 1494 2636 aeternum
1528 2572 1919 2655 praedictam
1950 2570 2433 2655 Indulgentiam
2481 2572 2657 2637 omni

343 2692 519 2735 anno
574 2669 920 2734 centesimo
957 2673 1228 2732 venturo
1284 2668 1706 2733 firmaverunt
1752 2674 1818 2734 et
1861 2669 2180 2733 decretam
2232 2668 2584 2734 fecerunt.“
2608 2666 2656 2746 1)

342 2766 521 2831 Haec
565 2770 785 2831 tamen
842 2786 1006 2849 quae
1054 2764 1130 2828 de
1180 2764 1466 2829 collectis
1522 2764 1845 2831 thesauris
1900 2765 2273 2849 ingentibus
2331 2765 2658 2830 chronista

342 2862 544 2929 refert
604 2856 996 2947 exaggerata
1041 2861 1231 2945 plane
1277 2866 1462 2937 sunt;
1518 2866 1843 2926 caeterum
1892 2883 2041 2926 vero
2078 2861 2439 2926 oblationes
2494 2862 2657 2927 istae

340 2960 630 3044 profecto
688 2979 821 3022 non
885 2959 1153 3043 exiguae
1216 2958 1286 3021 in
1350 2957 1759 3023 basilicarum
1822 2958 2175 3023 utilitatem
2245 2981 2284 3021 a
2343 2958 2657 3024 Pontifice

339 3056 596 3121 utiliter
656 3060 723 3119 et
785 3055 888 3139 pie
948 3076 1287 3137 expensae.
1391 3053 1769 3137 Colligimus
1829 3054 2123 3120 videlicet
2185 3077 2261 3118 ex
2318 3054 2658 3121 Cardinale

340 3152 586 3218 Jacobo
644 3151 721 3216 de
767 3150 1234 3235 Stephanisci8‚
1294 3150 1656 3217 oblationes
1713 3154 1783 3217 in
1840 3152 2151 3217 altaribus
2198 3151 2306 3217 SS.
2355 3151 2538 3217 Petri
2592 3158 2658 3218 et

346 3249 560 3326 Pauli,
621 3270 819 3334 quum
866 3248 1009 3313 aliis
1056 3248 1240 3313 annis
1287 3253 1503 3313 essent
1549 3250 1632 3313 30
1654 3250 1781 3313 504
1828 3249 2247 3328 florenorum,
2307 3249 2658 3315 centesimo

341 3347 457 3412 illo
504 3367 677 3410 anno
723 3345 921 3409 fuisse
970 3345 1201 3409 80000
1245 3345 1662 3423 florenorum,
1712 3347 1835 3424 (vel
1886 3345 2236 3411 secundum
2282 3347 2471 3411 aliam
2519 3348 2658 3432 ejus

342 3443 682 3508 verborum
729 3443 1337 3525 interpretationem
1382 3443 1613 3506 50000
1662 3441 1775 3524 fl.).
1868 3441 2076 3508 Notat
2121 3465 2292 3522 vero,
2344 3442 2501 3510 haec
2544 3443 2660 3509 ob-

340 3541 477 3605 lata
542 3539 734 3604 fuisse
797 3561 836 3603 a
897 3537 1312 3603 multitudine
1372 3536 1651 3604 minutis
1709 3537 2008 3617 monetis,
2074 3539 2242 3603 unde
2300 3542 2659 3624 explicatur

341 3637 560 3715 facile,
619 3635 792 3719 quod
832 3635 1129 3700 Ventura
1190 3633 1267 3697 de
1325 3635 1567 3700 clericis
1623 3636 2108 3701 rastellantibus
2172 3637 2506 3719 pecuniam
2566 3659 2658 3702 re·

342 3734 501 3813 fert3
568 3737 635 3797 et
701 3732 771 3797 in
835 3733 1119 3797 subsidia
1182 3732 1590 3797 basilicarum
1652 3732 1841 3797 istam
1907 3733 2240 3815 pecuniam
2312 3756 2656 3818 expensam
2736 3752 2924 3794 Pecunia

342 3851 479 3896 esse
526 3833 999 3897 commemorat.
1094 3826 1273 3907 Non,
1330 3830 1575 3913 inquit,
1632 3849 1713 3893 ex
1756 3828 2014 3910 maynis
2059 3827 2213 3893 auri
2257 3828 2354 3893 vel
2398 3829 2657 3912 amenti
2673 3824 2752 3865 ¹³¹⁰
2781 3813 2986 3926 {ffifim

343 3925 561 4006 doniS,
623 3925 734 3990 sed
779 3946 860 3990 esc
904 3924 1158 3990 usualis
1204 3929 1494 3990 monetae
1539 3924 1921 4007 provinciae
1978 3925 2288 4008 cujusque
2332 3926 2654 4010 minu-tii&

525 4134 568 4203 ¹)
606 4135 766 4203 Apud
800 4134 1084 4200 Mur-amri,
1125 4134 1428 4204 Scriptores
1464 4151 1567 4190 rer.
1607 4135 1726 4190 ital.
1765 4143 1804 4189 t.
1844 4135 1939 4190 XI.
1977 4165 2043 4173 —
2081 4136 2146 4190 V.
2188 4136 2361 4202 Tosti‚
2398 4136 2434 4190 l.
2475 4154 2522 4191 c.
