3281 5014
1144 405 1360 460 Electio
1395 404 1603 459 Urbani
1638 403 1736 456 VI.
2485 400 2592 452 245

279 548 363 613 de
409 567 539 630 qua
584 547 772 630 infra
817 546 1085 626 dicetur,
1134 546 1436 612 continue
1476 545 1756 626 fuerunt
1809 542 1883 608 in
1938 541 2270 608 voluntate
2329 544 2390 603 et
2436 559 2591 621 pro·

272 636 494 720 posito
541 635 617 700 de
663 634 1140 714 deliberatione,
1187 634 1380 699 etiam
1423 653 1504 697 ex
1534 631 1751 697 causis
1790 629 2206 712 tanqentibus
2235 626 2592 693 Ecclesiam

281 736 583 798 samctam
623 732 773 812 Dei,
839 730 1118 816 eliyendi
1173 730 1249 794 de
1308 728 1582 812 Colleyio
1642 731 1703 792 et
1765 748 1899 793 non
1953 726 2029 791 de
2088 730 2297 804 extra,
2360 726 2420 788 et
2480 721 2592 787 eli-

273 828 482 912 yendi
540 828 1109 894 ultramontanum
1178 832 1239 893 et
1293 848 1427 893 non
1501 824 1832 902 Italicum,
1902 827 1962 888 et
2029 820 2307 888 Domini
2368 816 2594 885 Italici

285 930 483 994 erant
526 924 724 991 etiam
770 925 845 990 in
891 924 1349 990 deliberatione
1406 920 1685 1004 eliqendi
1747 920 1825 985 de
1877 919 2152 1003 Colleyio
2213 923 2273 983 et
2334 937 2466 983 non
2518 915 2594 979 de

280 1026 496 1102 extra,
556 1022 701 1087 licet
742 1022 1092 1102 tenderent,
1158 1020 1272 1087 ubi
1334 1020 1493 1084 bono
1547 1017 1730 1082 modo
1781 1021 1998 1099 posset
2053 1015 2220 1097 fieri,
2281 1019 2358 1081 ut
2418 1033 2595 1080 unus

282 1140 370 1183 ex
425 1118 683 1184 Italicis
745 1119 821 1184 de
883 1117 1158 1202 Colleyio
1216 1118 1588 1200 eliqeretur,
1636 1118 1698 1178 et
1755 1114 1829 1179 in
1884 1113 2015 1178 ista
2063 1113 2395 1178 voluntate
2444 1131 2593 1193 per·

286 1219 676 1282 manserant
732 1216 930 1280 etiam
981 1220 1329 1297 postquam
1393 1212 1816 1278 intraverunt
1882 1208 2189 1276 Conclave
2248 1228 2451 1290 usque
2509 1206 2596 1292 ad

281 1312 672 1391 crastinam,
732 1332 857 1395 quo
901 1312 1258 1378 audierunt
1303 1334 1478 1378 more
1521 1306 1709 1375 solito
1765 1307 2001 1372 missas
2057 1326 2229 1371 suas.
2284 1342 2360 1351 —
2414 1305 2595 1381 Quod

281 1407 588 1467 asserunt
642 1403 1042 1485 propositum
1095 1402 1248 1486 ipsis
1311 1402 1508 1466 fuisse
1564 1404 1845 1490 eligendi
1899 1406 2486 1481 ultramontanum,
2540 1404 2596 1466 si

281 1499 678 1584 intelligitur
739 1498 816 1562 de
879 1497 1189 1562 desiderio
1252 1502 1318 1562 et
1377 1521 1487 1583 spe
1548 1501 1829 1567 noudum
1888 1501 2083 1585 plane
2144 1502 2396 1585 abjecta
2449 1521 2597 1582 per-

288 1595 591 1660 veniendi
644 1595 725 1659 ad
780 1594 1180 1660 concordiam
1241 1595 1361 1659 hoc
1423 1597 1492 1660 in
1556 1599 1838 1683 negotio,
1901 1597 2156 1662 admitti
2218 1600 2463 1681 potest3
2527 1600 2597 1659 at

266 1691 553 1756 ·dubium
607 1714 742 1756 non
799 1712 939 1756 esse
1001 1690 1274 1767 videtur,
1327 1693 1465 1775 jam
1526 1699 1680 1759 ante
1739 1694 2101 1779 ingressum
2161 1696 2229 1758 in
2278 1693 2597 1758 Conclave

286 1788 504 1871 plures
549 1788 618 1851 in
665 1794 882 1851 mente
927 1786 1229 1853 habuisse
1277 1790 1656 1856 electionem
1702 1792 1968 1876 alicujus
2005 1790 2176 1856 Itali.
2255 1789 2592 1855 Caeterum

288 1906 403 1967 pro
451 1888 740 1967 tempore
790 1884 856 1948 id
913 1886 1215 1968 probasse
1273 1887 1530 1964 sufficit,
1588 1887 1959 1953 Cardinales
2010 1888 2179 1971 ipsos
2235 1886 2598 1962 convenire,

284 2003 357 2044 se
403 2002 519 2064 per
563 1981 1049 2065 postulationeS,
1103 1983 1332 2060 minas,
1392 1984 1716 2050 tumultus
1775 1991 1927 2050 ante
1986 1984 2303 2050 Conclave
2359 1984 2593 2047 initum

286 2077 460 2143 haud
507 2078 738 2142 timore
783 2079 1105 2162 perculsos
1151 2079 1370 2163 fuisse,
1425 2085 1621 2165 atque
1668 2082 1866 2145 etiam
1921 2082 1989 2145 in
2038 2081 2339 2147 Conclavi
2396 2082 2596 2144 intre-

289 2174 468 2259 pidos
514 2176 891 2258 perstitisse,
941 2175 1142 2240 donec
1180 2177 1488 2259 quaedam
1518 2177 1694 2243 facta
1723 2178 2152 2243 determinata
2190 2177 2593 2241 advenerint.

468 2274 568 2336 11.
632 2271 778 2336 Jam
843 2269 1298 2350 examinemus,
1363 2295 1491 2357 quo
1552 2274 1741 2339 modo
1802 2275 1869 2338 in
1933 2274 2238 2339 Conclavi
2299 2296 2401 2338 res
2458 2296 2598 2357 per·
2618 2282 2704 2322 Res
2743 2280 2786 2351 {1¹
2822 2279 2928 2323 00¹1·

284 2374 472 2434 actae
532 2368 793 2433 fuerint.
856 2404 928 2413 —
993 2368 1072 2433 In
1137 2370 1403 2453 epistola
1461 2369 1713 2435 abbatis
1774 2370 2115 2437 Sistrensis
2179 2371 2261 2435 ad
2307 2374 2596 2452 Arrago·
2643 2341 2900 2446 c'l'ssager‘

288 2466 435 2531 niae
476 2486 689 2551 regem
739 2465 1137 2543 describitur,
1196 2466 1842 2533 honorificentissime
1884 2466 2258 2533 Cardinales
2302 2490 2340 2532 a
2394 2469 2596 2553 magi-

284 2564 596 2628 stratibus
641 2564 710 2627 in
759 2561 1077 2628 Conclave
1123 2564 1453 2646 deduct08‚
1516 2565 1685 2643 dein,
1732 2564 1875 2643 „his
1924 2566 2219 2650 peractis,
2282 2567 2392 2649 ait,
2454 2566 2596 2650 qui-

285 2659 434 2725 dam
497 2681 575 2724 ex
635 2660 953 2743 capitibus
1009 2662 1347 2746 regionum
1413 2662 1535 2726 ivit
1594 2661 1675 2725 ad
1736 2661 2083 2727 fenestram
2144 2661 2479 2726 Conclavis
2533 2668 2598 2728 et

288 2757 582 2821 dominos
644 2755 1016 2822 Cardinales
1074 2759 1422 2842 alloquitur
1474 2760 1543 2824 in
1605 2759 1779 2825 hunc
1834 2760 2126 2824 modum:
2177 2759 2599 2825 Reverendis·

288 2854 435 2918 simi
484 2853 709 2919 Patres
757 2859 823 2917 et
864 2854 1124 2919 Domini
1173 2857 1399 2931 nostri,
1446 2856 1685 2921 veritas
1731 2859 1851 2939 est,
1898 2855 2070 2939 quod
2114 2856 2441 2920 multoties
2487 2878 2598 2939 per

286 2950 597 3015 officiales
650 2952 828 3016 urbis
887 2952 1320 3035 supplicatum
1374 2952 1650 3031 exstitit,
1709 2957 1783 3017 ut
1833 2953 2034 3017 talem
2091 2952 2432 3036 eligeretis,
2486 2954 2598 3036 qui

292 3047 432 3111 Deo
473 3051 539 3112 et
583 3048 823 3112 mundo
870 3054 1039 3113 esset
1084 3053 1400 3132 acceptuS,
1460 3056 1527 3113 et
1569 3070 1680 3112 vos
1724 3048 2166 3132 respondistis,
2224 3048 2393 3132 quod
2450 3049 2599 3133 quia

290 3149 436 3209 erat
498 3145 619 3209 iste
677 3149 859 3209 actus
916 3145 1192 3223 divinus,
1252 3167 1384 3209 non
1438 3146 1753 3229 poteratis
1811 3146 1901 3209 eis
1961 3145 2203 3229 aliquid
2259 3145 2597 3211 certitudi-

291 3243 473 3305 narie
533 3243 946 3325 respondere:
1016 3242 1127 3306 sed
1195 3242 1624 3326 procuraretis
1693 3241 2016 3308 hominem
2080 3245 2273 3307 istum
2335 3246 2400 3307 et
2462 3242 2599 3307 Deo

205 3342 210 3346 ’
288 3360 510 3403 carum
559 3340 814 3423 eligere,
862 3361 975 3423 per
1019 3342 1200 3425 cujus
1257 3340 1643 3404 industriam
1698 3339 1863 3403 bene
1910 3339 2032 3402 Dei
2079 3336 2363 3404 Ecclesia
2418 3361 2599 3424 rege·

291 3444 489 3499 retur.
583 3433 774 3500 Scitis
831 3438 1001 3500 enim
1061 3436 1324 3502 Domini
1377 3437 1522 3511 mei,
1581 3437 1751 3519 quod
1807 3436 1874 3499 in
1930 3436 2206 3500 introitu
2264 3435 2600 3501 Conclavis

292 3532 484 3597 multi
544 3533 987 3598 clamaverunt
1056 3538 1361 3618 rogantes
1422 3555 1552 3610 VOS,
1615 3532 1786 3616 quod
1854 3532 1946 3595 eis
2004 3532 2245 3597 daretis
2304 3531 2600 3598 Italicum

292 3630 396 3694 vel
444 3628 838 3704 Romanum;
886 3652 1060 3694 nunc
1106 3635 1322 3695 autem
1372 3652 1485 3712 pro
1531 3633 1714 3714 parte
1752 3630 1952 3694 totius
2001 3629 2216 3713 populi
2263 3651 2405 3693 sum
2452 3630 2601 3696 mis·

286 3748 402 3790 sus
447 3727 528 3790 ad
575 3728 1006 3810 paternitates
1052 3730 1317 3803 vestrae,
1377 3731 1442 3791 et
1494 3726 1675 3791 vobis
1734 3748 1954 3791 eorum
2014 3748 2129 3809 pro
2189 3730 2373 3809 parte
2430 3728 2600 3792 noti·

288 3816 433 3903 fiee,
496 3821 664 3906 quod
719 3825 927 3887 solum
975 3824 1201 3888 volunt
1259 3825 1347 3889 eis
1392 3824 1532 3888 dari
1576 3821 1964 3899 Romanum,
2014 3844 2134 3888 nec
2188 3829 2407 3887 essent
2451 3845 2601 3889 con·

291 3919 464 3984 tenti
522 3919 600 3983 de
662 3920 923 4004 Italico;
992 3921 1229 3986 timent
1295 3922 1484 4001 enim,
1555 3942 1638 3985 ne
1704 3919 1824 3984 sub
1892 3920 2110 4004 aliqua
2172 3921 2603 3986 conventione

292 4020 542 4082 secreto
591 4017 767 4081 inter
822 4039 934 4082 vos
990 4023 1056 4082 et
1112 4017 1390 4102 aliquem
1445 4016 1745 4082 Italicum
1806 4039 1936 4081 non
1996 4017 2359 4081 Romanum
2413 4017 2600 4096 inita,

291 4114 430 4197 ipse
492 4119 636 4197 post
705 4114 1078 4178 electionem
1149 4115 1482 4181 reduceret
1545 4113 1803 4179 Curiam
1864 4112 2285 4179 Avenionem.
2380 4112 2600 4177 Unum
