3281 5014
625 431 730 483 350
906 429 1129 482 XXXV.
1167 429 1249 483 De
1289 428 1489 482 Concil.
1527 428 1834 484 Basileensi
1873 444 1937 482 ac
1975 430 2041 485 de
2080 431 2292 498 Synodo
2329 429 2666 484 Florentina.

617 570 807 653 qitur
850 570 1019 652 quod
1065 569 1210 635 licet
1253 568 1662 635 Basileenses
1714 589 1859 634 cum
1907 569 2194 636 maximo
2243 569 2459 636 studio
2505 568 2796 652 repetitis
2840 568 2934 633 vi-

623 666 802 732 cibus
846 666 1407 750 supplicaverunt,
1467 671 1822 732 oraverunt
1873 670 1935 731 et
1980 667 2424 749 requisierunt
2471 687 2594 750 per
2647 670 2937 730 oratores

623 783 799 841 suos,
851 767 928 828 ut
964 764 1157 828 Dom.
1206 762 1553 846 Euqenius
1597 784 1821 828 eorum
1866 763 2120 829 decreta
2165 764 2552 847 approbaret
2598 767 2659 827 et
2704 762 2932 842 confi-r-

623 865 863 939 maret,
927 880 1270 941 nunquam
1339 859 1538 924 talem
1601 858 2131 942 approbationem
2199 866 2316 926 aut
2380 859 2934 941 confirmationem

620 956 853 1022 habere
906 955 986 1020 ab
1045 976 1115 1020 eo
1161 960 1540 1039 potuerunt.
1640 957 1786 1023 Jam
1844 960 2136 1043 superius
2192 960 2495 1036 vidimuS‚
2558 960 2625 1022 in
2676 957 2930 1022 Consti-

619 1056 870 1119 tutione
932 1052 1190 1134 Moyses
1248 1055 1568 1118 contineri
1627 1055 2142 1137 reprobationem
2202 1056 2458 1119 illorum
2520 1055 2937 1134 decretorum,

619 1157 685 1216 et
729 1151 805 1214 ad
852 1150 1102 1235 legatos
1149 1172 1299 1214 suos
1351 1151 1420 1214 in
1465 1148 1814 1216 Germania
1860 1151 2223 1236 Eugenium
2272 1152 2627 1235 scripsisse,
2677 1172 2744 1214 se
2788 1172 2931 1214 sus-

618 1250 826 1332 cipere
884 1245 1234 1312 Concilium
1290 1245 1660 1312 Basileense
1717 1270 1918 1332 usque
1976 1247 2053 1311 ad
2107 1248 2603 1312 translationem
2662 1247 2744 1309 ab
2795 1247 2932 1330 ipso

618 1346 887 1427 factam,
946 1341 1184 1423 absque
1239 1345 1457 1408 tamen
1502 1343 1914 1425 praejudicio
1955 1343 2174 1427 juris,
2231 1343 2576 1426 diqnitatis
2624 1346 2686 1406 et
2732 1361 2929 1424 prae-

616 1439 1006 1505 eminentiae
1045 1444 1308 1504 sanctae
1354 1437 1540 1504 Sedis
1586 1439 2011 1522 Apostolicae.

339 1545 549 1617 Doctripa
800 1540 900 1603 16.
966 1538 1064 1602 Ex
1131 1559 1234 1614 e0‚
1306 1539 1374 1601 3⁰
1441 1539 1613 1621 quod
1678 1540 2063 1603 anteriorem
2128 1539 2613 1603 dissolutionem
2676 1558 2929 1601 revoca-

286 1620 369 1649 ΜΠ
399 1607 600 1651 adm¹⁸⁸³
618 1636 782 1700 verit
812 1635 1144 1719 Eugenius
1188 1635 1568 1717 irritamque
1614 1634 2052 1713 declaraverit,
2100 1636 2324 1700 inferri
2344 1635 2747 1719 Rullafienuss
2756 1638 2931 1717 „pnt-

616 1737 764 1825 egt„
819 1732 1145 1795 admisisse
1214 1731 1583 1814 Eugenium
1659 1730 2017 1825 doctrinam
2090 1732 2167 1795 de
2236 1718 2727 1819 superioritate
2759 1728 2930 1793 Con-

614 1829 743 1893 cilii
804 1832 997 1911 supra
1063 1825 1320 1925 Papam.
1429 1826 1552 1892 Est
1614 1828 1784 1892 enim
1848 1828 1970 1893 hoc
2033 1830 2354 1913 singulare
2419 1828 2689 1905 factum,
2758 1815 2938 1909 quod

613 1926 823 2007 posuit
895 1946 1148 2008 pressus
1211 1943 1484 2006 magno
1517 1925 1750 1990 timore
1819 1927 1969 1990 novi
2038 1926 2436 2002 schismati8‚
2509 1929 2582 1987 ut
2649 1922 2930 1986 maxima

614 2023 889 2086 evitaret
934 1976 1358 2085 discrimina.⁰
1411 2020 1510 2084 Ex
1558 2022 1678 2085 tali
1723 2021 1895 2085 facto
1939 2026 2156 2085 autem
2212 2020 2528 2103 principia
2582 2023 2648 2083 et
2693 2017 2929 2083 doctri-

612 2140 735 2182 nae
792 2118 1016 2182 deduci
1073 2124 1426 2203 nequeunt.
1528 2117 1865 2183 Caeterum
1922 2117 2256 2182 dissolutio
2316 2117 2396 2180 ab
2447 2116 2776 2202 Eugeni0‚
2830 2116 2928 2178 uti

605 2218 744 2300 jam
791 2216 1210 2293 advertimus,
1267 2216 1440 2280 facta
1479 2238 1609 2280 non
1660 2220 1856 2291 esset,
1914 2217 1965 2278 si
2014 2219 2225 2278 status
2272 2235 2488 2279 rerum
2531 2213 2652 2297 ipsi
2699 2211 2929 2275 melius

611 2312 910 2397 cognitus
976 2312 1230 2394 fuisset;
1294 2311 1446 2376 hinc
1508 2319 1767 2422 propter
1820 2308 2298 2395 subreptionem
2360 2290 2469 2373 exi
2504 2307 2930 2373 relationibus

609 2408 791 2473 falsis
845 2411 1102 2492 poterat
1161 2408 1282 2472 dici
1344 2407 1559 2472 inanis
1615 2413 1682 2471 et
1737 2408 1950 2485 irrita,
2013 2428 2147 2471 non
2205 2427 2354 2470 vero
2412 2427 2485 2469 ac
2538 2404 2591 2469 si
2645 2408 2927 2488 potesta·

611 2512 743 2571 tem
791 2528 922 2570 non
977 2504 1305 2570 habuisset
1353 2504 1709 2570 Concilium
1756 2503 2167 2569 dissolvendi.
2259 2502 2610 2587 Aptissime
2666 2500 2745 2565 ad
2790 2523 2924 2564 rem

611 2604 832 2667 scribit
916 2602 1271 2668 Cardinalis
1345 2601 1862 2665 Turrecremata:
1955 2597 2292 2665 Caeterum
2379 2618 2494 2663 nec
2578 2618 2657 2662 ex
2728 2595 2926 2661 tertia

610 2698 942 2782 particula
988 2697 1313 2764 bullarum
1370 2700 1716 2781 (quatenus
1765 2696 2099 2781 Eugenius
2146 2697 2628 2762 dissolutionem
2673 2694 2922 2758 irritam

614 2806 679 2863 et
723 2801 985 2862 inanem
1034 2792 1406 2878 declaravit)
1464 2792 1702 2858 habent
1745 2790 2112 2857 adversarii
2156 2790 2512 2869 intentum,
2568 2793 2708 2854 tum
2766 2787 2924 2870 quia

612 2914 744 2959 non
806 2892 950 2958 ideo
1006 2891 1335 2957 Dominus
1390 2889 1734 2974 Euqenius
1795 2888 2278 2954 dissolutionem
2336 2889 2583 2970 factam
2648 2884 2924 2952 Concilii

611 2990 879 3056 irritam
941 3010 1072 3055 esse
1135 2987 1519 3066 declaravit,
1586 2986 1745 3070 quia
1798 2986 1937 3069 ipse
1993 2984 2108 3068 qui
2157 2984 2467 3068 princeps
2523 2987 2664 3048 erat
2705 2982 2922 3048 Eccle-

612 3087 749 3152 siae
789 3088 1006 3171 facerc
1047 3086 1233 3151 illam
1263 3106 1395 3151 non
1430 3083 1744 3168 potuerit,
1792 3082 1901 3147 sed
1944 3082 2102 3164 quia
2134 3080 2416 3166 agnovit,
2465 3101 2545 3144 ex
2589 3100 2720 3145 non
2752 3076 2925 3143 veris

613 3184 856 3264 causis,
919 3184 1064 3249 licet
1124 3182 1295 3247 veris
1359 3180 1748 3260 aestimatis,
1807 3200 1873 3244 se
1931 3179 2308 3262 aliquorum
2363 3176 2678 3242 relatione
2735 3174 2920 3239 illam

609 3279 865 3363 fecisse,
921 3279 1092 3346 unde
1138 3278 1305 3362 coqit
1347 3299 1480 3343 non
1535 3277 1884 3342 eaeistentia
1931 3295 2312 3353 causarum,
2373 3278 2433 3338 et
2479 3272 2672 3354 quod,
2726 3275 2803 3336 ut
2845 3272 2920 3337 in

614 3377 791 3444 bulla
857 3375 1102 3458 inquit,
1167 3396 1247 3440 ex
1306 3373 1646 3457 praedicta
1712 3372 2132 3437 dissolutione
2195 3375 2376 3436 ortae
2439 3374 2627 3434 erant
2686 3387 2921 3451 qraves

611 3471 1040 3540 dissensiones
1100 3476 1159 3537 et
1211 3472 1549 3555 yraviores
1604 3469 1771 3535 oriri
1815 3473 2108 3552 possent,
2169 3489 2284 3533 nec
2332 3487 2464 3532 non
2522 3465 2691 3548 quod
2733 3484 2918 3547 prae-

610 3571 826 3636 stabat
869 3568 1398 3651 impedimentum
1444 3567 1807 3633 executioni
1854 3570 2229 3631 sanctorum
2275 3583 2558 3646 operum,
2605 3561 2691 3626 ad
2721 3580 2922 3643 quam

614 3666 917 3751 Synodus
976 3666 1202 3749 fuerat
1265 3669 1650 3749 conyreqata
1664 3713 1682 3744 ‚
1746 3664 1903 3728 data
1950 3661 2384 3745 promissione
2445 3679 2487 3724 a
2540 3656 2803 3740 Synodo
2860 3659 2922 3721 et

610 3762 954 3831 securitate
1022 3783 1063 3827 a
1115 3761 1560 3846 principibus,
1631 3760 1802 3842 quod
1864 3758 2270 3841 Apostolicae
2343 3755 2528 3822 Sedis
2588 3754 2798 3819 honor
2860 3756 2920 3816 et

611 3859 1001 3927 Sanctitatis
1061 3879 1217 3925 suae
1276 3858 1570 3923 illibatus
1620 3861 2019 3935 servaretur,
2083 3854 2364 3920 mutavit
2417 3851 2805 3918 sententiam
2861 3854 2923 3915 et

608 3959 814 4024 voluit
856 3956 1341 4023 dissolutionem
1384 3955 1631 4037 factam
1680 3974 1807 4036 pro
1856 3953 2013 4018 bono
2054 3950 2246 4036 pacis
2294 3948 2622 4016 Ecclesiae
2665 3948 2919 4014 nullam

607 4053 835 4121 haberi
895 4075 1009 4120 nec
1062 4051 1365 4118 habuisse
1420 4050 1829 4131 firmitatem,
1889 4070 2195 4114 revocans
2249 4047 2434 4112 illam
2490 4065 2564 4110 ac
2616 4043 2916 4109 irritans.

608 4153 760 4220 Non
807 4152 979 4217 enim
1026 4154 1120 4214 est
1161 4169 1427 4226 novum,
1475 4147 1645 4229 quod
1685 4145 2040 4211 sententiae
2079 4164 2483 4211 summorum
2522 4139 2917 4222 Pontificum
