3281 5014
1019 494 1103 549 De
1140 494 1590 549 condemnatione
1626 494 1832 548 Hussii.
1992 479 1996 483 ’
2483 497 2587 548 823

271 638 414 701 illos
470 637 782 719 supplicia
834 635 1122 700 adhibita
1177 642 1365 721 sunt3
1426 658 1552 719 quo
1607 636 1850 700 factum
1912 643 2040 712 est,
2071 646 2164 706 ,ut
2208 642 2381 701 secta
2435 659 2585 719 pau·

269 734 452 797 latim
514 734 578 796 in
631 733 873 816 Anglia
929 734 1304 815 exspiraret.
1411 734 1617 809 Quum
1683 755 1833 798 vero
1893 755 2027 797 non
2086 734 2270 815 pauci
2330 734 2584 796 sectarii

266 830 349 893 ad
395 830 693 894 evitanda
736 829 1047 913 supplicia
1080 829 1388 914 Angliani
1435 830 1805 894 desererent
1849 833 1915 892 et
1962 832 2239 895 auctoris
2283 830 2383 893 sui
2428 830 2584 893 scri-

270 933 385 1009 pta
428 949 642 991 secum
694 927 974 998 ferrent,
1029 926 1123 990 illi
1180 927 1251 990 in
1305 927 1448 1008 aliis
1501 927 1691 991 terris
1746 926 2062 989 haeresim
2116 930 2580 1009 propagarunt,

265 1045 342 1087 ac
386 1024 772 1088 nominatim
817 1023 888 1086 in
935 1022 1275 1101 Bohemia,
1333 1023 1441 1086 ubi
1489 1022 1776 1087 Joannes
1822 1022 2099 1087 Hussius
2153 1045 2298 1086 mox
2345 1022 2581 1086 similes

263 1120 593 1184 doctrinas
640 1119 892 1202 sparsit.

444 1262 546 1324 45.
607 1260 898 1325 Joannes
960 1257 1097 1323 Hus
1155 1265 1345 1323 natus
1405 1263 1502 1322 est
1556 1282 1612 1323 a.
1670 1260 1837 1323 1373
1894 1260 1963 1323 in
2023 1280 2187 1343 pago
2233 1257 2579 1322 Bohemiae
2647 1260 2818 1365 Ile-203·

266 1358 587 1432 Husine03
646 1356 727 1419 ab
782 1377 953 1419 anno
1016 1354 1184 1419 1398
1243 1356 1311 1419 in
1361 1354 1802 1420 Universitate
1852 1354 2160 1440 Pragensi
2217 1355 2345 1418 fuit
2401 1354 2579 1418 theo·
2797 1337 2861 1366 ¹¹²

264 1455 476 1538 logiae
522 1449 874 1536 professor,
929 1458 994 1516 et
1038 1451 1119 1516 ab
1154 1445 1349 1516 anno
1401 1454 1568 1515 1402
1626 1453 1698 1516 in
1743 1452 1980 1515 celebri
2028 1451 2276 1535 Pragae
2325 1453 2577 1525 sace110,

260 1552 436 1615 dicto
500 1540 914 1624 Bethlehem,
980 1549 1426 1622 concionator;
1493 1571 1668 1613 anno
1736 1548 1905 1611 1403
1971 1548 2167 1612 etiam
2230 1548 2313 1610 ab
2376 1547 2578 1611 archi-

263 1648 557 1731 episcopo
604 1647 914 1729 Pragensi
962 1643 1286 1709 Sbincone
1343 1646 1551 1710 factus
1608 1650 1707 1710 est
1762 1645 2176 1710 concionator
2234 1644 2575 1727 synodalis,

262 1750 333 1808 et
378 1766 415 1807 a
461 1743 688 1827 regina
721 1742 979 1825 Sophia,
1026 1741 1304 1806 secunda
1343 1741 1711 1807 Wenceslai
1757 1764 1975 1818 uxore,
2026 1743 2263 1807 electus
2311 1740 2377 1804 in
2424 1762 2577 1804 con·

262 1840 617 1905 l'essarium.
724 1838 843 1901 Vir
907 1839 1029 1903 fuit
1094 1839 1385 1922 ingenio,
1457 1840 1552 1902 uti
1616 1838 1904 1915 videtur,
1975 1861 2109 1902 non
2177 1859 2574 1920 summopere

263 1942 628 2020 praestanS,
684 1936 791 1999 sed
846 1936 1214 2018 eloquentia
1269 1934 1443 1998 haud
1487 1935 1789 2000 mediocri
1851 1935 2211 2018 praeditus,
2266 1956 2575 1998 novarum

261 2034 642 2116 opinionum
709 2032 1001 2115 cupidUS,
1037 2032 1140 2095 ’in
1207 2033 1379 2095 vitae
1448 2031 1762 2096 honestae
1828 2032 2102 2095 formam
2172 2030 2576 2114 compositus,

265 2130 324 2192 A
380 2152 508 2213 quo
567 2134 849 2212 tempore
909 2129 1146 2211 scripta
1190 2126 1463 2193 Joannis
1514 2128 1769 2193 Wiclefi
1828 2128 1895 2192 in
1942 2128 2314 2192 Bohemiam
2376 2128 2577 2191 allata

260 2233 434 2306 sunt,
482 2226 766 2291 Joannes
809 2224 950 2288 Hus
998 2247 1072 2288 ea
1121 2224 1303 2288 avide
1352 2231 1417 2288 et
1467 2225 1751 2289 studiose
1795 2226 1974 2309 legit,
2022 2247 2100 2288 ex
2148 2229 2330 2307 parte
2379 2226 2569 2288 etiam

260 2324 481 2386 eadem
532 2324 601 2387 in
650 2323 938 2405 linguam
987 2321 1396 2386 Bohemicam
1444 2323 1663 2400 vertit,
1710 2326 2085 2386 contentam
2129 2341 2280 2386 vero
2328 2322 2398 2384 in
2441 2322 2571 2385 illis

252 2420 612 2483 doctrinam
679 2418 959 2500 suscepit
1023 2418 1291 2501 aliisque
1368 2418 1881 2481 communicavit.
2008 2418 2288 2482 Maxime
2331 2424 2573 2481 ‘autem

256 2516 406 2580 inde
458 2518 539 2579 ab
584 2536 758 2579 anno
812 2516 978 2579 1407
1030 2516 1331 2579 audacter
1376 2537 1622 2580 errores
1668 2537 1967 2600 spargere
2022 2516 2251 2599 coepit.
2348 2514 2571 2579 Pravis

253 2615 395 2696 ejus
458 2614 795 2677 conatibus
859 2613 1103 2676 restitit
1156 2610 1559 2676 Universitas
1624 2612 1998 2695 PragensiS,
2062 2635 2226 2698 quae
2285 2637 2340 2677 a.
2404 2613 2569 2677 1408

252 2705 688 2792 quadraginta
741 2714 808 2772 et
865 2709 1151 2793 quinque
1210 2709 1683 2793 propositiones
1730 2732 1841 2773 seu
1888 2711 2189 2774 articulos
2237 2732 2270 2774 e
2317 2710 2568 2794 scriptis

252 2805 510 2870 Wiclefi
556 2806 1025 2870 condemnavit.
2151 2803 2155 2806 ⁴

428 2956 532 3019 46.
608 2953 1013 3019 Universitas
1081 2955 1424 3036 Pragensis
1503 2977 1577 3019 eo
1654 2960 1942 3039 tempore
2015 2957 2362 3039 composita
2431 2965 2568 3020 erat

250 3075 287 3115 e
350 3057 630 3137 quatuor
691 3052 1063 3116 nationibus
1122 3051 1488 3129 Bohemica,
1551 3049 1900 3129 Saxonica,
1961 3052 2274 3117 Bavarica
2326 3061 2389 3116 et
2449 3053 2566 3119 Po-

252 3149 494 3232 lonica3
571 3146 1069 3212 Teutonicorum
1143 3148 1401 3212 nomine
1463 3148 1592 3212 tres
1666 3150 1932 3213 ultimae
2007 3150 2203 3213 etiam
2274 3151 2565 3234 designa-

250 3245 509 3309 bantur.
618 3243 760 3308 Hae
821 3245 1120 3308 nationes
1183 3266 1385 3327 aequo
1434 3246 1580 3328 jure
1637 3245 2013 3324 honoribus,
2084 3247 2435 3329 privilegiis
2499 3252 2563 3311 et

250 3341 696 3405 emolumentis
763 3341 1181 3406 fruebantur..
1282 3339 1569 3404 Joannes
1636 3341 1777 3406 Hus
1848 3364 2147 3419 cernenS,
2225 3345 2564 3428 magistros

249 3437 636 3502 Teutonicos
682 3438 895 3520 pravis
952 3438 1082 3501 suis
1140 3437 1479 3501 conatibus
1526 3439 1881 3521 oppositOS‚
1936 3461 1974 3502 a
2014 3439 2396 3504 VVenceslao
2442 3443 2561 3504 im-

248 3535 556 3619 petravit,
619 3540 693 3598 ut
751 3534 819 3596 in
880 3532 1318 3597 Universitate
1380 3535 1560 3598 natio
1623 3533 1966 3599 Bohemica
2019 3537 2286 3600 caeteris
2352 3539 2558 3602 tribus

247 3633 698 3696 anteferretur.
775 3630 984 3706 Quum
1033 3630 1327 3694 videlicet
1375 3652 1666 3714 eousque
1700 3632 1881 3696 natio
1928 3631 2283 3697 Teutonica
2331 3631 2561 3711 (Saxo-

248 3749 391 3803 nes,
439 3726 702 3803 Bavari,
728 3725 1011 3811 'Poloni)
1059 3727 1188 3790 tria
1229 3726 1537 3810 suffragia
1582 3726 1649 3790 in
1699 3728 1971 3793 comitiis
2016 3728 2312 3806 haberet,
2361 3752 2557 3794 unum

248 3845 401 3887 vero
460 3821 840 3902 Bohemica,
904 3846 959 3888 a.
1025 3824 1193 3887 1409
1256 3823 1463 3889 edicto
1524 3846 1562 3887 a
1617 3823 1999 3889 Wenceslao
2061 3830 2381 3891 statutum
2442 3835 2559 3904 est,

244 3920 475 3984 exinde
535 3919 1024 3984 anteferendam
1079 3942 1217 3984 esse
1262 3921 1591 3986 nationem
1638 3920 2078 3998 Bohemicam,
2136 3924 2228 3987 ita
2285 3928 2358 3987 ut
2403 3923 2561 3989 haec

245 4017 376 4079 tria
420 4017 728 4100 suffragia
773 4016 1069 4095 haberet,
1127 4016 1480 4083 Teutonica
1529 4040 1680 4081 vero
1728 4041 1925 4082 unum
1976 4022 2200 4083 solum.
2293 4019 2366 4084 Id
2412 4043 2557 4086 con·

242 4113 466 4176 venire
521 4114 767 4177 intuitu
827 4115 1100 4197 patriae,
1159 4118 1224 4177 et
1283 4114 1576 4178 eumdem
1624 4137 1861 4180 morem
1922 4117 2134 4201 vigere
2182 4115 2444 4180 Parisiis
2492 4129 2559 4181 et

242 4206 604 4275 Bononiae.
708 4209 847 4274 Hoc
901 4205 1063 4274 falso
1118 4211 1554 4288 asserebatur,
1615 4218 1810 4295 atque
1868 4212 2140 4278 edictum
2205 4235 2279 4277 eo
2339 4215 2554 4278 minus
