3281 5014
641 440 748 491 280
1134 437 1393 491 XXXIII.
1435 439 1516 493 De
1553 454 1754 507 magno
1791 437 2104 492 Occidentis
2141 437 2457 491 schismate.

641 599 820 645 num.
942 579 1350 664 Frequenter
1414 579 1632 662 itaque
1699 579 1822 644 dici
1888 580 2053 644 solet
2120 577 2391 643 dubiam
2458 573 2953 652 oecumenicum,

643 699 843 761 quum
889 675 966 739 de
1027 678 1164 760 ejus
1210 676 1427 740 valore
1482 674 1901 759 disceptetur,
1960 676 2056 739 uti
2104 675 2386 739 advertit
2432 670 2803 737 Muzzarelli
2850 669 2956 733 De

641 776 885 837 auctor.
930 771 1083 836 ΕΒ.
1123 770 1258 835 ΡΡ.
1305 776 1460 836 tom.
1507 770 1589 835 II.
1640 794 1692 835 c.
1740 773 1847 837 17:
1893 769 2217 835 Pisanum
2258 768 2610 834 concilium
2653 765 2956 850 rejicitur

639 868 816 933 inter
861 866 1061 933 dubia
1108 866 1379 932 concilia
1428 867 1848 946 oecumenica,
1893 871 1954 931 et
1990 870 2144 949 post
2177 865 2513 949 plurimas
2550 863 2955 946 quaestiones

639 964 815 1030 inter
868 963 1153 1029 doctores
1210 963 1287 1028 de
1345 964 1487 1046 ejus
1541 963 1833 1046 leyitima
1890 963 2337 1028 convocatione
2392 966 2454 1026 et
2506 960 2690 1026 eoeitu
2743 959 2954 1025 adhuc

640 1061 758 1126 sab
787 1060 1014 1144 judice
1065 1060 1147 1125 lis
1191 1064 1301 1126 est.
1359 1097 1445 1107 —
1507 1060 1841 1146 Objective
1896 1066 2117 1126 tamen
2171 1065 2239 1125 et
2283 1062 2352 1124 in
2407 1081 2476 1125 se
2524 1060 2684 1124 illud
2728 1057 2953 1123 Conci-

640 1160 799 1223 lium
846 1163 962 1223 aut
1006 1158 1481 1223 oecumenicum
1528 1159 1673 1235 fuit,
1721 1162 1838 1222 aut
1867 1180 2002 1222 non
2048 1158 2193 1234 fuit,
2243 1157 2526 1241 adeoque
2574 1156 2804 1220 merito
2851 1154 2954 1219 hic

642 1261 933 1320 nostram
982 1255 1376 1318 sententiam
1422 1256 1640 1338 paucis
1688 1254 1978 1319 evolvere
2024 1276 2379 1338 possumus.

330 1376 596 1480 lfflncgffi‘
818 1388 925 1451 49.
1021 1385 1370 1451 Censemus
1445 1386 1681 1470 igitur,
1762 1386 2119 1453 Concilium
2196 1386 2501 1451 Pisanum
2521 1385 3018 1474 nullatenu-sm,

350 1499 521 1541 menica
492 1513 577 1542 u.m
642 1483 840 1548 fuisse
890 1482 1245 1548 Concilium
1308 1483 1809 1549 oecumenicum.
1916 1484 2001 1548 Et
2053 1506 2123 1549 re
2180 1484 2434 1568 quidem
2479 1504 2629 1546 vera
2695 1479 2761 1544 1⁰
2818 1501 2952 1545 non

640 1580 768 1644 fuit
813 1580 1285 1644 oecumenicum
1333 1569 1797 1644 convocatione.
1890 1580 2149 1645 Etenim
2197 1602 2332 1645 non
2378 1603 2417 1643 a
2461 1575 2775 1644 Pontiflce
2823 1576 2947 1641 Ro·

638 1698 860 1754 manO,
923 1676 1033 1740 sed
1092 1699 1131 1740 a
1186 1671 1632 1740 cardinalibus
1696 1677 1822 1741 fuit
1878 1680 2332 1759 convocatum3
2402 1680 2671 1759 uterque
2733 1679 2951 1739 autem

637 1773 1168 1838 contendentium
1231 1772 1308 1835 de
1363 1781 1634 1855 papatu,
1697 1773 1871 1839 inter
1926 1795 2086 1857 quos
2141 1783 2312 1838 certe
2371 1795 2539 1837 unus
2595 1779 2735 1837 erat
2795 1772 2950 1855 legi-

636 1872 833 1934 timus
892 1869 1231 1945 Pontifex,
1299 1870 1435 1952 ejus
1498 1870 1940 1934 convocationi
2004 1870 2265 1935 restitit.
2331 1906 2419 1915 —-
2478 1866 2551 1932 2⁰
2605 1867 2761 1932 Non
2823 1868 2951 1932 fuit

637 1966 1113 2032 oecumenicum
1202 1962 1635 2028 celebratione.
1768 1965 2030 2030 Etenim
2113 1989 2231 2031 nec
2304 1988 2417 2049 per
2491 1988 2561 2031 se
2644 1986 2765 2029 nec
2837 1986 2952 2047 per

636 2065 882 2147 legatos
957 2061 1167 2126 adfuit
1240 2051 1570 2145 legitimus
1651 2061 1985 2140 Pontifex,
2062 2064 2349 2148 quisquis
2421 2062 2530 2127 ille
2604 2062 2804 2127 fuerit
2870 2082 2949 2124 ex

636 2160 911 2240 duobus;
972 2158 1163 2221 multi
1227 2156 1505 2240 episcopi
1567 2158 1786 2223 adesse
1855 2164 2240 2244 renuerunt,
2302 2182 2374 2225 ac
2439 2158 2749 2243 Gregorio
2802 2157 2948 2225 XII.

636 2277 871 2341 magna
937 2276 1081 2338 pars
1145 2254 1399 2329 Italiae,
1473 2259 1539 2317 et
1607 2255 1823 2338 plures
1885 2256 2205 2339 principes
2266 2255 2656 2321 Germaniae
2724 2254 2950 2320 adhae-

637 2353 895 2434 rebant3
958 2350 1308 2415 Benedicto
1371 2372 1521 2415 vero
1567 2350 1902 2435 Hispania.
2012 2350 2119 2417 Sic
2176 2353 2474 2418 universa
2534 2352 2818 2417 Ecclesia
2875 2353 2947 2415 in

635 2450 748 2515 illo
816 2447 1100 2515 Concilio
1165 2468 1297 2512 non
1367 2452 1506 2512 erat
1569 2448 1914 2514 sufficienti
1971 2450 2223 2515 ratione
2283 2453 2789 2534 repraesentata.
2862 2486 2950 2494 —

639 2544 710 2611 3⁰
775 2544 913 2610 Nec
978 2545 1106 2609 fuit
1174 2545 1651 2609 oecumenicum
1721 2543 2138 2610 conclusione.
2266 2545 2530 2610 Etenim
2596 2551 2741 2611 acta
2810 2548 2950 2631 ejus

637 2642 807 2706 baud
857 2642 1128 2706 fuerunt
1181 2641 1557 2706 confirmata
1615 2663 1730 2725 per
1774 2620 2154 2707 Pontificem
2209 2647 2380 2708 certe
2434 2643 2822 2728 legitimum,
2884 2647 2951 2706 et

631 2739 894 2803 decreta
950 2761 1024 2803 ac
1069 2738 1243 2802 facta
1288 2760 1326 2801 a
1370 2737 1632 2802 dimidia
1677 2739 1812 2802 fere
1856 2743 2037 2822 parte
2092 2740 2496 2824 episcopatus
2541 2739 2805 2823 dispersi
2852 2761 2949 2803 re·

639 2837 904 2920 pudiata
949 2840 1120 2899 sunt.
1130 2831 1179 2917 1)

815 2968 922 3031 50.
991 2966 1140 3029 Alia
1199 2986 1348 3028 vero
1410 2966 1699 3048 quaestio
1755 2987 1829 3030 ea
1889 2971 2014 3044 est,
2085 2970 2304 3030 utrum
2363 2966 2717 3033 Concilium
2774 2967 2952 3033 Pisa·

640 3086 794 3129 num
854 3063 1082 3128 saltem
1146 3062 1346 3126 fuerit
1406 3065 1755 3145 conventus
1801 3060 2144 3143 leqitimus.
2239 3061 2332 3127 Ut
2391 3064 2474 3128 ad
2527 3064 2693 3130 hanc
2750 3087 2949 3149 quae-

633 3161 918 3226 stionem
985 3159 1445 3244 respondeatur
1506 3158 2146 3223 animadvertendum
2208 3165 2335 3238 est,
2400 3162 2453 3224 si
2512 3183 2734 3226 revera
2794 3161 2948 3227 Car-

637 3257 887 3321 dinales
934 3256 1424 3332 existimabant,
1483 3259 1832 3338 utrumque
1892 3276 1969 3318 ex
2017 3256 2546 3339 competitoribus
2595 3258 2792 3335 nolle,
2848 3259 2949 3323 uti

637 3360 859 3420 tamen
919 3354 1294 3436 juramento
1357 3352 1769 3434 promiserat,
1843 3351 2053 3415 media
2117 3360 2270 3436 apta
2333 3354 2415 3418 ad
2477 3354 2782 3419 unionem
2847 3355 2950 3420 ad·

638 3451 888 3529 hibere,
941 3450 1096 3532 ipsis
1142 3448 1314 3512 haud
1360 3447 1558 3511 videri
1606 3449 1715 3531 jus
1770 3447 2076 3532 denegari
2130 3471 2315 3532 posse
2374 3451 2763 3517 convocandi
2821 3454 2948 3536 epi·

637 3567 859 3630 scopos
923 3546 1001 3608 ad
1061 3548 1484 3619 conventum,
1550 3548 1624 3607 ut
1676 3542 1755 3606 de
1809 3545 2238 3610 exstinctione
2295 3547 2655 3613 schismatis
2708 3549 2945 3614 delibe-

637 3646 876 3706 rarent.
980 3641 1184 3717 Quum
1246 3661 1396 3703 vero
1446 3641 1541 3705 ita
1599 3640 1922 3706 censuisse
1981 3641 2326 3708 videantur
2373 3643 2775 3722 Cardinale8‚
2831 3669 2947 3730 per

636 3760 706 3803 se
768 3737 1139 3803 convocatio
1201 3739 1585 3814 conventus,
1652 3734 1867 3821 (quem
1930 3744 2151 3804 tamen
2213 3762 2345 3805 non
2404 3741 2774 3808 debuissent
2837 3765 2945 3807 ex-

635 3834 856 3898 hibere
905 3837 978 3897 ut
1024 3831 1382 3897 Concilium
1429 3853 1576 3897 vere
1620 3834 2147 3918 oecumenicum,)
2204 3837 2357 3919 ipsis
2401 3838 2559 3903 vitio
2616 3840 2782 3905 verti
2830 3862 2945 3904 ne-

630 3931 798 4016 quit.
908 3929 990 3994 In
1058 3928 1178 3992 tali
1247 3934 1564 3993 conventu
1633 3928 1908 3994 debebat
1974 3930 2241 4014 inquiri,
2312 3934 2454 4018 quis
2524 3941 2690 4000 esset
2754 3958 2946 4001 verns

817 4165 857 4231 ¹)
894 4163 1035 4217 Vide
1073 4160 1284 4226 Hefele‚
1324 4161 1381 4214 C.
1420 4160 1503 4227 G„
1541 4162 1603 4215 B.
1642 4163 1687 4215 I.
1726 4163 2069 4234 Einleitung,
2106 4166 2245 4220 Zahl
2282 4167 2379 4222 der
2414 4168 2712 4224 Concilien.
