3281 5014
724 425 933 481 Causae
970 432 1368 494 praeparantes
1405 425 1764 480 defectionem
1800 420 2250 481 Protestantium.
2531 430 2634 481 471

234 600 238 604 ·
328 569 507 651 cujus
553 568 833 651 imperiis
864 569 985 633 etsi
1032 568 1451 632 acerbissimis
1484 570 1621 634 viro
1668 569 2042 650 praesertim
2087 570 2388 653 religioso
2433 570 2634 634 desci-
2673 585 2728 625 H.
2763 583 2949 626 Savona-

325 686 500 728 scere
546 665 729 730 nefas
775 670 972 743 esset,
1031 670 1227 748 atque
1271 666 1446 729 inter
1496 666 1612 731 hos
1658 666 2033 729 Franciscus
2082 665 2232 730 Ord.
2280 665 2471 743 Min.‚
2526 666 2634 749 qui
2756 646 2863 688 ¹⁰¹³·

326 762 389 824 in
440 763 702 826 ecclesia
750 770 1013 827 sanctae
1059 763 1277 828 Crucis
1324 783 1533 826 sacras
1589 764 1923 828 conciones
1969 762 2279 842 habebat,
2339 763 2407 826 in
2453 763 2635 826 illum

327 859 527 922 veluti
575 860 966 941 perduellem
1014 859 1459 943 nefandaeque
1504 860 1834 925 doctrinae
1869 865 2148 925 satorem
2180 860 2471 924 invectus
2520 864 2634 923 est.

328 954 569 1019 Contra
617 961 834 1020 autem
893 956 1072 1020 illum
1124 955 1383 1021 Ordinis
1426 956 1943 1022 Praedicatorum
1995 957 2478 1022 concionatores
2530 978 2636 1040 pa-

327 1054 454 1115 lam
510 1052 879 1135 defendere,
939 1075 1012 1117 ac
1059 1053 1429 1118 Dominicus
1485 1077 1519 1117 e
1566 1054 1773 1119 Piscia
1834 1076 1907 1119 eo
1961 1075 2333 1139 progressus
2379 1057 2505 1130 est,
2565 1057 2638 1116 ut

331 1147 703 1213 Minoritam
764 1150 841 1214 de
912 1151 1246 1215 subeundo
1309 1149 1387 1214 ad
1459 1151 1855 1235 probandam
1917 1151 2232 1215 dictorum
2292 1150 2481 1214 fidem
2540 1173 2637 1213 ar-

326 1243 518 1310 dente
564 1267 721 1331 rogo
768 1248 1184 1330 provocarit.“

502 1344 604 1406 83.
668 1342 807 1422 „Ad
867 1343 982 1407 has
1035 1342 1553 1409 praedicatorum
1613 1345 2066 1428 Minorumque
2124 1343 2423 1408 Fratrum
2484 1365 2635 1409 con-

325 1441 710 1504 certationes
772 1462 1065 1504 exarsere
1136 1439 1528 1519 Florentini,
1601 1441 1713 1524 qui
1781 1463 1948 1505 novo
2005 1440 2278 1523 quodam
2347 1440 2636 1525 prodigio

326 1537 543 1601 oculos
613 1558 869 1620 pascere
936 1537 1314 1621 cupiebant;
1384 1542 1580 1621 atque
1651 1538 1846 1600 etiam
1916 1536 2291 1620 Raynaldus
2361 1536 2635 1603 Ursinus

326 1632 833 1716 archiepiscopus
875 1632 1327 1709 Florentinus‚
1371 1635 1499 1717 ‘qui
1548 1633 1915 1718 hujusmodi
1971 1635 2478 1717 imprudentium
2523 1633 2634 1698 ho-

326 1731 570 1793 minum
639 1719 707 1793 in
776 1729 1066 1794 flammas
1137 1751 1321 1794 ruere
1397 1732 1761 1813 parantium
1830 1731 2315 1815 provocationes
2382 1753 2633 1815 compe-

326 1848 496 1890 scere
538 1826 886 1903 debuisset,
943 1849 1048 1890 eos
1095 1827 1299 1909 magis
1346 1828 1653 1910 provexit,
1703 1831 1776 1891 ut
1822 1833 2078 1912 questus
2125 1831 2225 1891 est
2268 1828 2339 1891 in
2385 1848 2635 1892 carcere

328 1919 753 2000 Savonarola,
815 1923 925 2006 qui
983 1923 1224 1986 invitus
1296 1923 1374 1987 ad
1435 1923 1622 1988 hosce
1688 1925 1946 2008 laqueos
2007 1924 2404 1989 trahebatur.
2511 1923 2636 1988 Hic

325 2042 470 2083 cum
528 2019 628 2083 die
687 2019 1042 2084 constituta
1095 2020 1391 2084 excitatis
1443 2020 1691 2085 duobus
1745 2020 2121 2106 ingentibus
2166 2022 2338 2106 rogis
2385 2022 2453 2085 in
2500 2043 2633 2084 me-

326 2117 429 2180 dio
484 2117 653 2194 foro,
720 2117 785 2181 in
850 2117 1022 2200 quod
1084 2119 1354 2201 populus
1416 2118 1495 2181 ad
1552 2117 1968 2202 spectandum
2030 2118 2452 2201 confluxerat,
2524 2118 2635 2182 ad-

328 2214 678 2277 versarium
739 2212 1114 2278 Minoritam
1181 2213 1462 2278 incendii
1526 2215 1751 2278 ardore
1815 2237 1949 2279 non
2009 2215 2311 2279 territum
2374 2215 2636 2296 videret,

327 2333 473 2393 spes
520 2311 589 2373 in
639 2309 1048 2374 Eucharistia
1106 2311 1183 2376 ad
1240 2311 1688 2376 demulcendas
1731 2311 2019 2375 flammas
2061 2313 2375 2395 reposuit,
2434 2333 2633 2394 nega-

326 2410 546 2492 vitque
625 2407 904 2471 sodalem
973 2407 1380 2472 Dominicum
1462 2408 1903 2492 ingressurum
1984 2429 2209 2492 rogOS,
2285 2407 2354 2472 ni
2418 2429 2631 2472 secum

327 2504 567 2570 Christi
621 2526 878 2589 corpus,
939 2505 1006 2569 in
1069 2527 1195 2590 quo
1256 2527 1401 2588 spes
1458 2506 1622 2570 sitae
1679 2509 1892 2585 erant,
1953 2505 2261 2582 deferret,
2318 2527 2463 2570 cum
2510 2503 2632 2570 Mi-

327 2603 540 2667 norita
600 2606 1004 2686 contemptor
1067 2602 1239 2667 vitae
1304 2602 1368 2667 id
1438 2624 1570 2666 non
1639 2602 2036 2687 deposceret,
2105 2602 2218 2666 sed
2286 2602 2497 2686 palam
2565 2624 2632 2666 se

325 2700 393 2762 in
437 2701 681 2764 cineres
726 2699 1047 2764 redactum
1108 2700 1185 2763 iri
1245 2700 1683 2783 profiteretur,
1745 2700 2023 2764 instaret
2068 2703 2322 2779 tamen,
2383 2703 2456 2763 ut
2509 2698 2633 2763 nisi

326 2796 724 2879 praedicator
792 2798 1081 2861 aemulus
1136 2798 1394 2862 illaesus
1461 2819 1494 2861 e
1558 2797 1831 2862 flammis
1898 2802 2286 2882 emergeret,
2356 2795 2635 2861 Savona-

325 2892 499 2956 rolae
543 2891 902 2956 doctrinam
955 2892 1032 2957 de
1075 2914 1205 2957 non
1255 2893 1537 2976 parendo
1594 2894 1925 2978 pontificio
1972 2894 2317 2960 interdicto
2371 2894 2633 2978 impiam

325 2988 732 3054 censendam.
824 2988 913 3052 At
959 2988 1324 3055 Florentini
1380 2991 1799 3074 magistratus
1856 2991 1969 3075 qui
2016 3013 2093 3054 ex
2143 2991 2396 3056 editiori
2451 2989 2632 3055 thea-

327 3090 431 3149 tro
500 3086 593 3149 rei
654 3086 1134 3169 exspectatione
1186 3088 1482 3170 suspensi
1551 3092 1738 3151 erant
1803 3109 1923 3151 nec
1974 3089 2349 3153 miserorum
2424 3088 2633 3153 immi-

326 3182 508 3245 nenti
568 3182 960 3246 ustulatione
1018 3182 1466 3259 movebantur,
1538 3206 1681 3248 cum
1742 3185 2375 3265 animadvertissent,
2443 3186 2631 3250 sacri-

325 3280 533 3362 legum
618 3279 865 3344 facinus
951 3283 1322 3362 patraturos
1401 3281 1735 3365 Deumque
1810 3281 2003 3366 impie
2085 3287 2486 3362 tentaturos,
2576 3284 2631 3347 si

324 3397 565 3439 sacram
639 3375 1108 3441 Eucharistiam
1175 3377 1445 3442 flammis
1512 3377 1739 3442 inferri
1808 3383 2223 3462 paterentur,
2301 3385 2626 3462 spectacu-

249 3479 254 3484 ’
325 3474 455 3536 lum
507 3473 851 3556 prudenter
903 3474 1352 3539 dissolverunt.
1446 3473 1539 3538 At
1591 3476 1861 3558 populus
1916 3474 2192 3558 prodigii
2239 3476 2470 3559 jactati
2524 3498 2625 3539 ex-

324 3571 724 3653 spectatione
780 3570 1067 3649 delus11S,
1125 3569 1581 3635 Savonarolam
1647 3576 1720 3635 ut
1780 3571 2179 3656 hypocritam
2242 3575 2308 3635 et
2363 3572 2629 3655 pseudo-

327 3666 733 3750 prophetam,
797 3669 909 3751 qui
973 3667 1319 3732 Ecclesiam
1385 3691 1516 3733 non
1576 3668 1826 3742 audiret
1887 3690 2085 3753 seque
2146 3668 2350 3733 audiri
2419 3669 2631 3748 vellet,

324 3765 653 3828 traducere
697 3765 921 3847 coepit.
934 3767 963 3796 ‘⁴
1022 3801 1107 3809 —-
1156 3764 1234 3828 In
1280 3787 1595 3829 carcerem
1642 3765 1867 3830 deinde
1917 3765 2202 3851 dejectus
2251 3768 2438 3850 eique
2482 3788 2631 3850 pro-

325 3882 535 3926 cessus
606 3861 813 3926 factus
883 3866 1007 3945 est3
1085 3867 1227 3927 acta
1296 3862 1563 3926 Romam
1636 3863 2016 3927 transmissa
2086 3863 2348 3929 fuerunt
2413 3863 2630 3947 ibique

323 3980 469 4022 reus
531 3959 886 4023 declaratus
948 3965 1065 4024 est.
1177 3959 1509 4024 Generalis
1577 3958 1836 4024 Ordinis
1898 3960 2418 4025 Praedicatorum
2491 3959 2627 4025 Ma·

324 4057 527 4138 gister
581 4059 644 4119 et
701 4055 1079 4120 Romolinus
1127 4055 1479 4139 Episcopus
1536 4062 1760 4139 postea
1807 4056 2164 4121 Cardinalis
2208 4054 2629 4122 Surrentinus

324 4152 603 4236 delegati
667 4175 705 4215 a
772 4152 1080 4217 Pontifice
1136 4153 1384 4237 judices
1453 4154 1629 4218 illum
1695 4176 1826 4218 una
1887 4176 2031 4218 cum
2092 4154 2340 4220 duobus
2399 4154 2627 4218 sodali-

426 4263 690 4315 Jungmann,
725 4263 1082 4305 Dissertationes.
1111 4264 1234 4306 Tom.
1254 4265 1335 4306 VI.
2245 4255 2385 4312 30³⁶*
