<?xml version="1.0" encoding="UTF-8"?>
<!DOCTYPE html PUBLIC "-//W3C//DTD XHTML 1.0 Transitional//EN"
    "http://www.w3.org/TR/xhtml1/DTD/xhtml1-transitional.dtd">
<html xmlns="http://www.w3.org/1999/xhtml" xml:lang="en" lang="en">
 <head>
  <title>
</title>
<meta http-equiv="Content-Type" content="text/html;charset=utf-8" />
  <meta name='ocr-system' content='tesseract 3.04.00' />
  <meta name='ocr-capabilities' content='ocr_page ocr_carea ocr_par ocr_line ocrx_word'/>
</head>
<body>
  <div class='ocr_page' id='page_1' title='image "./dissertationess05junggoog_0193.png"; bbox 0 0 3281 5014; ppageno 0'>
   <div class='ocr_carea' id='block_1_1' title="bbox 1108 491 2677 558">
    <p class='ocr_par' dir='ltr' id='par_1_1' title="bbox 1108 491 2677 558">
     <span class='ocr_line' id='line_1_1' title="bbox 1108 491 2677 558; baseline 0.004 -15"><span class='ocrx_word' id='word_1_1' title='bbox 1108 491 1190 545; x_wconf 90' lang='lat' dir='ltr'><strong>De</strong></span> <span class='ocrx_word' id='word_1_2' title='bbox 1225 492 1374 545; x_wconf 87' lang='lat' dir='ltr'><strong>lucta</strong></span> <span class='ocrx_word' id='word_1_3' title='bbox 1407 492 1672 556; x_wconf 89' lang='lat' dir='ltr'><strong>Ludovici</strong></span> <span class='ocrx_word' id='word_1_4' title='bbox 1709 492 1929 556; x_wconf 84' lang='lat' dir='ltr'><strong>Bavari.</strong></span> <span class='ocrx_word' id='word_1_5' title='bbox 2043 548 2052 558; x_wconf 35' lang='grc'><strong>,-</strong></span> <span class='ocrx_word' id='word_1_6' title='bbox 2209 510 2212 513; x_wconf 75' lang='grc'><strong><em>’</em></strong></span> <span class='ocrx_word' id='word_1_7' title='bbox 2575 499 2677 550; x_wconf 88' lang='grc'><strong>187</strong></span> 
     </span>
    </p>
   </div>
   <div class='ocr_carea' id='block_1_2' title="bbox 350 631 2682 2240">
    <p class='ocr_par' dir='ltr' id='par_1_2' title="bbox 350 631 2682 2240">
     <span class='ocr_line' id='line_1_2' title="bbox 362 631 2678 717; baseline 0.003 -21"><span class='ocrx_word' id='word_1_8' title='bbox 362 631 561 697; x_wconf 81' lang='lat' dir='ltr'><strong>Sedes</strong></span> <span class='ocrx_word' id='word_1_9' title='bbox 622 636 908 708; x_wconf 85' lang='lat' dir='ltr'><strong>vacaret,</strong></span> <span class='ocrx_word' id='word_1_10' title='bbox 968 633 1300 708; x_wconf 75' lang='lat' dir='ltr'><strong>electores,</strong></span> <span class='ocrx_word' id='word_1_11' title='bbox 1357 634 1468 717; x_wconf 88' lang='lat' dir='ltr'><strong>qui</strong></span> <span class='ocrx_word' id='word_1_12' title='bbox 1516 633 1908 700; x_wconf 87' lang='lat' dir='ltr'><strong>Ludovicum</strong></span> <span class='ocrx_word' id='word_1_13' title='bbox 1967 640 2370 713; x_wconf 87' lang='lat' dir='ltr'><strong>creaverant,</strong></span> <span class='ocrx_word' id='word_1_14' title='bbox 2429 637 2678 702; x_wconf 80' lang='lat' dir='ltr'><strong>litteras</strong></span> 
     </span>
     <span class='ocr_line' id='line_1_3' title="bbox 360 725 2676 812; baseline 0.002 -20"><span class='ocrx_word' id='word_1_15' title='bbox 360 729 740 792; x_wconf 89' lang='lat' dir='ltr'><strong>direxerunt</strong></span> <span class='ocrx_word' id='word_1_16' title='bbox 801 725 880 791; x_wconf 88' lang='lat' dir='ltr'><strong>ad</strong></span> <span class='ocrx_word' id='word_1_17' title='bbox 930 728 1167 810; x_wconf 80' lang='lat' dir='ltr'>Papam</span> <span class='ocrx_word' id='word_1_18' title='bbox 1222 729 1528 795; x_wconf 82' lang='lat' dir='ltr'><strong>futurum.</strong></span> <span class='ocrx_word' id='word_1_19' title='bbox 1620 728 1729 794; x_wconf 84' lang='lat' dir='ltr'><strong>Ea</strong></span> <span class='ocrx_word' id='word_1_20' title='bbox 1766 733 2062 812; x_wconf 77' lang='lat' dir='ltr'><strong>propter,</strong></span> <span class='ocrx_word' id='word_1_21' title='bbox 2125 732 2447 809; x_wconf 82' lang='lat' dir='ltr'><strong>scribunt,</strong></span> <span class='ocrx_word' id='word_1_22' title='bbox 2512 730 2676 797; x_wconf 73' lang='lat' dir='ltr'><strong>San-</strong></span> 
     </span>
     <span class='ocr_line' id='line_1_4' title="bbox 360 821 2678 912; baseline 0.003 -25"><span class='ocrx_word' id='word_1_23' title='bbox 360 821 580 888; x_wconf 73' lang='lat' dir='ltr'><strong>etitati</strong></span> <span class='ocrx_word' id='word_1_24' title='bbox 623 825 874 887; x_wconf 81' lang='lat' dir='ltr'><strong>vestrae</strong></span> <span class='ocrx_word' id='word_1_25' title='bbox 920 828 1054 888; x_wconf 79' lang='lat' dir='ltr'><strong>tam</strong></span> <span class='ocrx_word' id='word_1_26' title='bbox 1099 822 1439 890; x_wconf 79' lang='lat' dir='ltr'><strong>humiliter</strong></span> <span class='ocrx_word' id='word_1_27' title='bbox 1484 845 1682 907; x_wconf 79' lang='lat' dir='ltr'><strong>quam</strong></span> <span class='ocrx_word' id='word_1_28' title='bbox 1727 825 1943 890; x_wconf 79' lang='lat' dir='ltr'><strong>devote</strong></span> <span class='ocrx_word' id='word_1_29' title='bbox 1991 830 2132 892; x_wconf 83' lang='lat' dir='ltr'><strong>voto</strong></span> <span class='ocrx_word' id='word_1_30' title='bbox 2179 826 2485 892; x_wconf 77' lang='lat' dir='ltr'><strong>unanimi</strong></span> <span class='ocrx_word' id='word_1_31' title='bbox 2527 848 2678 912; x_wconf 78' lang='lat' dir='ltr'><strong>sup-</strong></span> 
     </span>
     <span class='ocr_line' id='line_1_5' title="bbox 355 917 2679 1006; baseline 0.003 -23"><span class='ocrx_word' id='word_1_32' title='bbox 355 918 712 1003; x_wconf 77' lang='lat' dir='ltr'><strong>plicamus,</strong></span> <span class='ocrx_word' id='word_1_33' title='bbox 769 923 846 985; x_wconf 83' lang='lat' dir='ltr'><strong>ut</strong></span> <span class='ocrx_word' id='word_1_34' title='bbox 889 917 1105 1002; x_wconf 79' lang='lat' dir='ltr'><strong>ipsum</strong></span> <span class='ocrx_word' id='word_1_35' title='bbox 1166 919 1430 998; x_wconf 82' lang='lat' dir='ltr'><strong>electum</strong></span> <span class='ocrx_word' id='word_1_36' title='bbox 1487 926 1785 986; x_wconf 74' lang='lat' dir='ltr'><strong>nostrum</strong></span> <span class='ocrx_word' id='word_1_37' title='bbox 1842 921 1915 987; x_wconf 78' lang='lat' dir='ltr'><strong>in</strong></span> <span class='ocrx_word' id='word_1_38' title='bbox 1970 943 2183 1006; x_wconf 75' lang='lat' dir='ltr'><strong>reqem</strong></span> <span class='ocrx_word' id='word_1_39' title='bbox 2227 923 2679 990; x_wconf 76' lang='lat' dir='ltr'><strong>Romanorum</strong></span> 
     </span>
     <span class='ocr_line' id='line_1_6' title="bbox 354 1014 2677 1100; baseline 0.003 -19"><span class='ocrx_word' id='word_1_40' title='bbox 354 1014 659 1100; x_wconf 77' lang='lat' dir='ltr'><strong>paternis</strong></span> <span class='ocrx_word' id='word_1_41' title='bbox 706 1015 884 1081; x_wconf 77' lang='lat' dir='ltr'><strong>ulnis</strong></span> <span class='ocrx_word' id='word_1_42' title='bbox 940 1016 1419 1097; x_wconf 79' lang='lat' dir='ltr'><strong>amplectentes,</strong></span> <span class='ocrx_word' id='word_1_43' title='bbox 1479 1038 1724 1094; x_wconf 72' lang='lat' dir='ltr'><strong>munus</strong></span> <span class='ocrx_word' id='word_1_44' title='bbox 1778 1018 2182 1085; x_wconf 70' lang='lat' dir='ltr'><strong>inunctionis</strong></span> <span class='ocrx_word' id='word_1_45' title='bbox 2236 1023 2298 1085; x_wconf 82' lang='lat' dir='ltr'><strong>et</strong></span> <span class='ocrx_word' id='word_1_46' title='bbox 2340 1040 2677 1094; x_wconf 75' lang='lat' dir='ltr'><strong>consecra·</strong></span> 
     </span>
     <span class='ocr_line' id='line_1_7' title="bbox 366 1110 2682 1194; baseline 0.002 -17"><span class='ocrx_word' id='word_1_47' title='bbox 366 1110 565 1178; x_wconf 76' lang='lat' dir='ltr'><strong>tionis</strong></span> <span class='ocrx_word' id='word_1_48' title='bbox 627 1110 688 1176; x_wconf 81' lang='lat' dir='ltr'><strong>ei</strong></span> <span class='ocrx_word' id='word_1_49' title='bbox 749 1111 1134 1194; x_wconf 75' lang='lat' dir='ltr'><strong>conferendo</strong></span> <span class='ocrx_word' id='word_1_50' title='bbox 1197 1113 1273 1178; x_wconf 82' lang='lat' dir='ltr'><strong>de</strong></span> <span class='ocrx_word' id='word_1_51' title='bbox 1335 1115 1769 1180; x_wconf 78' lang='lat' dir='ltr'><strong>sacrosanctis</strong></span> <span class='ocrx_word' id='word_1_52' title='bbox 1841 1114 2145 1186; x_wconf 78' lang='lat' dir='ltr'><strong>manibus</strong></span> <span class='ocrx_word' id='word_1_53' title='bbox 2216 1115 2443 1184; x_wconf 75' lang='lat' dir='ltr'><strong>vestris</strong></span> <span class='ocrx_word' id='word_1_54' title='bbox 2505 1117 2682 1183; x_wconf 80' lang='lat' dir='ltr'><strong>sacri</strong></span> 
     </span>
     <span class='ocr_line' id='line_1_8' title="bbox 365 1208 2676 1295; baseline 0.002 -20"><span class='ocrx_word' id='word_1_55' title='bbox 365 1208 642 1292; x_wconf 73' lang='lat' dir='ltr'><strong>Imperii</strong></span> <span class='ocrx_word' id='word_1_56' title='bbox 687 1208 987 1273; x_wconf 80' lang='lat' dir='ltr'><strong>diadema</strong></span> <span class='ocrx_word' id='word_1_57' title='bbox 1033 1208 1398 1293; x_wconf 69' lang='lat' dir='ltr'><strong>diynemini</strong></span> <span class='ocrx_word' id='word_1_58' title='bbox 1445 1210 1576 1276; x_wconf 84' lang='lat' dir='ltr'><strong>loco</strong></span> <span class='ocrx_word' id='word_1_59' title='bbox 1622 1215 1685 1276; x_wconf 84' lang='lat' dir='ltr'><strong>et</strong></span> <span class='ocrx_word' id='word_1_60' title='bbox 1731 1215 2010 1294; x_wconf 79' lang='lat' dir='ltr'><strong>tempore</strong></span> <span class='ocrx_word' id='word_1_61' title='bbox 2052 1212 2509 1295; x_wconf 76' lang='lat' dir='ltr'><strong><em>favorabiliter</em></strong></span> <span class='ocrx_word' id='word_1_62' title='bbox 2532 1229 2536 1234; x_wconf 82' lang='grc'><strong><em>’</em></strong></span> <span class='ocrx_word' id='word_1_63' title='bbox 2556 1213 2676 1279; x_wconf 76' lang='lat' dir='ltr'><strong>im-</strong></span> 
     </span>
     <span class='ocr_line' id='line_1_9' title="bbox 350 1304 2680 1395; baseline 0.001 -24"><span class='ocrx_word' id='word_1_64' title='bbox 350 1305 617 1391; x_wconf 73' lang='lat' dir='ltr'><strong>pertiri.</strong></span> <span class='ocrx_word' id='word_1_65' title='bbox 720 1304 1074 1390; x_wconf 89' lang='lat' dir='ltr'><strong>Postquam</strong></span> <span class='ocrx_word' id='word_1_66' title='bbox 1132 1308 1335 1391; x_wconf 85' lang='lat' dir='ltr'><strong>igitur</strong></span> <span class='ocrx_word' id='word_1_67' title='bbox 1391 1307 1679 1373; x_wconf 82' lang='lat' dir='ltr'><strong>Joannes</strong></span> <span class='ocrx_word' id='word_1_68' title='bbox 1726 1308 1934 1373; x_wconf 89' lang='lat' dir='ltr'>XXII.</span> <span class='ocrx_word' id='word_1_69' title='bbox 1995 1305 2302 1376; x_wconf 85' lang='lat' dir='ltr'><strong>thronum</strong></span> <span class='ocrx_word' id='word_1_70' title='bbox 2358 1310 2680 1395; x_wconf 88' lang='lat' dir='ltr'><strong>Apostoli-</strong></span> 
     </span>
     <span class='ocr_line' id='line_1_10' title="bbox 365 1402 2679 1482; baseline 0.001 -14"><span class='ocrx_word' id='word_1_71' title='bbox 365 1426 509 1468; x_wconf 91' lang='lat' dir='ltr'><strong>cum</strong></span> <span class='ocrx_word' id='word_1_72' title='bbox 568 1402 884 1479; x_wconf 81' lang='lat' dir='ltr'><strong>ascendit,</strong></span> <span class='ocrx_word' id='word_1_73' title='bbox 948 1424 1094 1478; x_wconf 87' lang='lat' dir='ltr'><strong>mox</strong></span> <span class='ocrx_word' id='word_1_74' title='bbox 1152 1424 1383 1468; x_wconf 88' lang='lat' dir='ltr'><strong>causae</strong></span> <span class='ocrx_word' id='word_1_75' title='bbox 1439 1405 1547 1468; x_wconf 90' lang='lat' dir='ltr'><strong>isti</strong></span> <span class='ocrx_word' id='word_1_76' title='bbox 1606 1404 2109 1471; x_wconf 88' lang='lat' dir='ltr'><strong>sollicitudinem</strong></span> <span class='ocrx_word' id='word_1_77' title='bbox 2162 1429 2342 1482; x_wconf 84' lang='lat' dir='ltr'><strong>suam</strong></span> <span class='ocrx_word' id='word_1_78' title='bbox 2402 1408 2679 1472; x_wconf 84' lang='lat' dir='ltr'><strong>devovit.</strong></span> 
     </span>
     <span class='ocr_line' id='line_1_11' title="bbox 366 1496 2676 1585; baseline 0 -20"><span class='ocrx_word' id='word_1_79' title='bbox 366 1500 579 1565; x_wconf 87' lang='lat' dir='ltr'><strong>Facile</strong></span> <span class='ocrx_word' id='word_1_80' title='bbox 619 1503 835 1568; x_wconf 87' lang='lat' dir='ltr'><strong>autem</strong></span> <span class='ocrx_word' id='word_1_81' title='bbox 882 1496 1083 1578; x_wconf 86' lang='lat' dir='ltr'><strong>vides,</strong></span> <span class='ocrx_word' id='word_1_82' title='bbox 1140 1521 1283 1565; x_wconf 89' lang='lat' dir='ltr'><strong>eum</strong></span> <span class='ocrx_word' id='word_1_83' title='bbox 1314 1499 1463 1564; x_wconf 74' lang='lat' dir='ltr'><strong>&#39;fere</strong></span> <span class='ocrx_word' id='word_1_84' title='bbox 1529 1500 1729 1565; x_wconf 91' lang='lat' dir='ltr'><strong>fuisse</strong></span> <span class='ocrx_word' id='word_1_85' title='bbox 1775 1500 1896 1565; x_wconf 92' lang='lat' dir='ltr'><strong>hoc</strong></span> <span class='ocrx_word' id='word_1_86' title='bbox 1951 1506 2238 1585; x_wconf 90' lang='lat' dir='ltr'><strong>tempore</strong></span> <span class='ocrx_word' id='word_1_87' title='bbox 2285 1525 2495 1568; x_wconf 88' lang='lat' dir='ltr'><strong>rerum</strong></span> <span class='ocrx_word' id='word_1_88' title='bbox 2544 1509 2676 1568; x_wconf 88' lang='lat' dir='ltr'><strong>sta-</strong></span> 
     </span>
     <span class='ocr_line' id='line_1_12' title="bbox 363 1595 2678 1683; baseline 0 -21"><span class='ocrx_word' id='word_1_89' title='bbox 363 1602 535 1675; x_wconf 83' lang='lat' dir='ltr'><strong>tum,</strong></span> <span class='ocrx_word' id='word_1_90' title='bbox 594 1596 804 1679; x_wconf 87' lang='lat' dir='ltr'><strong>qualis</strong></span> <span class='ocrx_word' id='word_1_91' title='bbox 859 1595 989 1659; x_wconf 87' lang='lat' dir='ltr'><strong>fuit</strong></span> <span class='ocrx_word' id='word_1_92' title='bbox 1045 1596 1196 1659; x_wconf 91' lang='lat' dir='ltr'><strong>dum</strong></span> <span class='ocrx_word' id='word_1_93' title='bbox 1253 1597 1371 1661; x_wconf 93' lang='lat' dir='ltr'><strong>sub</strong></span> <span class='ocrx_word' id='word_1_94' title='bbox 1425 1596 1816 1662; x_wconf 88' lang='lat' dir='ltr'><strong>Innocentio</strong></span> <span class='ocrx_word' id='word_1_95' title='bbox 1863 1596 1980 1663; x_wconf 92' lang='lat' dir='ltr'><strong>III.</strong></span> <span class='ocrx_word' id='word_1_96' title='bbox 2040 1598 2374 1683; x_wconf 82' lang='lat' dir='ltr'>Philippus</span> <span class='ocrx_word' id='word_1_97' title='bbox 2430 1597 2678 1664; x_wconf 84' lang='lat' dir='ltr'><strong>Suevus</strong></span> 
     </span>
     <span class='ocr_line' id='line_1_13' title="bbox 365 1689 2680 1779; baseline 0.001 -22"><span class='ocrx_word' id='word_1_98' title='bbox 365 1699 436 1757; x_wconf 91' lang='lat' dir='ltr'><strong>et</strong></span> <span class='ocrx_word' id='word_1_99' title='bbox 492 1691 649 1758; x_wconf 89' lang='lat' dir='ltr'><strong>Otto</strong></span> <span class='ocrx_word' id='word_1_100' title='bbox 705 1689 975 1756; x_wconf 84' lang='lat' dir='ltr'><strong>Guelfus</strong></span> <span class='ocrx_word' id='word_1_101' title='bbox 1033 1692 1111 1755; x_wconf 91' lang='lat' dir='ltr'><strong>de</strong></span> <span class='ocrx_word' id='word_1_102' title='bbox 1167 1691 1444 1775; x_wconf 90' lang='lat' dir='ltr'><strong>Imperio</strong></span> <span class='ocrx_word' id='word_1_103' title='bbox 1502 1693 2000 1762; x_wconf 76' lang='lat' dir='ltr'><strong>contendebant.</strong></span> <span class='ocrx_word' id='word_1_104' title='bbox 2093 1695 2312 1779; x_wconf 85' lang='lat' dir='ltr'><strong>Atque</strong></span> <span class='ocrx_word' id='word_1_105' title='bbox 2368 1717 2457 1770; x_wconf 44' lang='lat' dir='ltr'><strong>ea„</strong></span> <span class='ocrx_word' id='word_1_106' title='bbox 2499 1718 2680 1760; x_wconf 91' lang='lat' dir='ltr'><strong>occa-</strong></span> 
     </span>
     <span class='ocr_line' id='line_1_14' title="bbox 363 1788 2678 1876; baseline 0 -21"><span class='ocrx_word' id='word_1_107' title='bbox 363 1792 546 1855; x_wconf 90' lang='lat' dir='ltr'><strong>sione</strong></span> <span class='ocrx_word' id='word_1_108' title='bbox 597 1789 668 1853; x_wconf 91' lang='lat' dir='ltr'><strong>in</strong></span> <span class='ocrx_word' id='word_1_109' title='bbox 725 1788 1044 1853; x_wconf 85' lang='lat' dir='ltr'><strong>Decretali</strong></span> <span class='ocrx_word' id='word_1_110' title='bbox 1102 1790 1335 1855; x_wconf 82' lang='lat' dir='ltr'><strong>celebri</strong></span> <span class='ocrx_word' id='word_1_111' title='bbox 1381 1788 2292 1874; x_wconf 39' lang='lat' dir='ltr'><strong>Venerabilemklnnocentius</strong></span> <span class='ocrx_word' id='word_1_112' title='bbox 2348 1792 2678 1876; x_wconf 90' lang='lat' dir='ltr'><strong>perspicue</strong></span> 
     </span>
     <span class='ocr_line' id='line_1_15' title="bbox 363 1880 2680 1973; baseline 0 -22"><span class='ocrx_word' id='word_1_113' title='bbox 363 1886 907 1952; x_wconf 76' lang='lat' dir='ltr'><strong>determinaverat</strong></span> <span class='ocrx_word' id='word_1_114' title='bbox 952 1886 1294 1969; x_wconf 80' lang='lat' dir='ltr'><strong>principia,</strong></span> <span class='ocrx_word' id='word_1_115' title='bbox 1348 1886 1579 1969; x_wconf 90' lang='lat' dir='ltr'><strong>quibus</strong></span> <span class='ocrx_word' id='word_1_116' title='bbox 1628 1885 1907 1951; x_wconf 87' lang='lat' dir='ltr'><strong>Romani</strong></span> <span class='ocrx_word' id='word_1_117' title='bbox 1953 1885 2286 1958; x_wconf 87' lang='lat' dir='ltr'><strong>Pontificis</strong></span> <span class='ocrx_word' id='word_1_118' title='bbox 2324 1880 2476 1973; x_wconf 84' lang='lat' dir='ltr'><strong>jura</strong></span> <span class='ocrx_word' id='word_1_119' title='bbox 2523 1910 2680 1972; x_wconf 92' lang='lat' dir='ltr'><strong>quo-</strong></span> 
     </span>
     <span class='ocr_line' id='line_1_16' title="bbox 365 1981 2681 2068; baseline 0 -21"><span class='ocrx_word' id='word_1_120' title='bbox 365 1982 447 2048; x_wconf 88' lang='lat' dir='ltr'><strong>ad</strong></span> <span class='ocrx_word' id='word_1_121' title='bbox 508 1981 922 2065; x_wconf 88' lang='lat' dir='ltr'><strong>Imperatoris</strong></span> <span class='ocrx_word' id='word_1_122' title='bbox 982 1983 1361 2047; x_wconf 89' lang='lat' dir='ltr'><strong>electionem</strong></span> <span class='ocrx_word' id='word_1_123' title='bbox 1424 1983 1902 2048; x_wconf 83' lang='lat' dir='ltr'><strong>statuebantur.</strong></span> <span class='ocrx_word' id='word_1_124' title='bbox 2021 1983 2231 2060; x_wconf 82' lang='lat' dir='ltr'><strong>Quum</strong></span> <span class='ocrx_word' id='word_1_125' title='bbox 2293 1984 2452 2050; x_wconf 89' lang='lat' dir='ltr'><strong>haec</strong></span> <span class='ocrx_word' id='word_1_126' title='bbox 2512 1985 2681 2068; x_wconf 89' lang='lat' dir='ltr'><strong>prin-</strong></span> 
     </span>
     <span class='ocr_line' id='line_1_17' title="bbox 364 2078 2679 2163; baseline 0 -18"><span class='ocrx_word' id='word_1_127' title='bbox 364 2079 533 2163; x_wconf 82' lang='lat' dir='ltr'><strong>cipia</strong></span> <span class='ocrx_word' id='word_1_128' title='bbox 589 2100 742 2162; x_wconf 89' lang='lat' dir='ltr'><strong>prae</strong></span> <span class='ocrx_word' id='word_1_129' title='bbox 790 2078 987 2143; x_wconf 90' lang='lat' dir='ltr'><strong>oculis</strong></span> <span class='ocrx_word' id='word_1_130' title='bbox 1037 2078 1272 2155; x_wconf 80' lang='lat' dir='ltr'><strong>habere</strong></span> <span class='ocrx_word' id='word_1_131' title='bbox 1322 2080 1600 2142; x_wconf 90' lang='lat' dir='ltr'><strong>multum</strong></span> <span class='ocrx_word' id='word_1_132' title='bbox 1651 2080 1867 2163; x_wconf 80' lang='lat' dir='ltr'><strong>juvet,</strong></span> <span class='ocrx_word' id='word_1_133' title='bbox 1929 2080 2209 2145; x_wconf 89' lang='lat' dir='ltr'><strong>breviter</strong></span> <span class='ocrx_word' id='word_1_134' title='bbox 2254 2102 2329 2144; x_wconf 89' lang='lat' dir='ltr'><strong>ea</strong></span> <span class='ocrx_word' id='word_1_135' title='bbox 2373 2080 2494 2145; x_wconf 92' lang='lat' dir='ltr'><strong>hoc</strong></span> <span class='ocrx_word' id='word_1_136' title='bbox 2543 2082 2679 2145; x_wconf 92' lang='lat' dir='ltr'><strong>loco</strong></span> 
     </span>
     <span class='ocr_line' id='line_1_18' title="bbox 367 2175 726 2240; baseline 0 -1"><span class='ocrx_word' id='word_1_137' title='bbox 367 2175 726 2240; x_wconf 78' lang='lat' dir='ltr'><strong>recolimus,</strong></span> 
     </span>
    </p>
   </div>
   <div class='ocr_carea' id='block_1_3' title="bbox 363 2293 3010 2670">
    <p class='ocr_par' dir='ltr' id='par_1_3' title="bbox 363 2293 3010 2670">
     <span class='ocr_line' id='line_1_19' title="bbox 551 2293 3010 2389; baseline 0 -29"><span class='ocrx_word' id='word_1_138' title='bbox 551 2293 616 2360; x_wconf 91' lang='lat'><strong>1⁰</strong></span> <span class='ocrx_word' id='word_1_139' title='bbox 681 2295 1084 2379; x_wconf 83' lang='lat' dir='ltr'><strong>Principibus</strong></span> <span class='ocrx_word' id='word_1_140' title='bbox 1150 2296 1535 2372; x_wconf 82' lang='lat' dir='ltr'><strong>Germaniae</strong></span> <span class='ocrx_word' id='word_1_141' title='bbox 1596 2299 1706 2380; x_wconf 86' lang='lat' dir='ltr'><strong>jus</strong></span> <span class='ocrx_word' id='word_1_142' title='bbox 1776 2300 2086 2381; x_wconf 89' lang='lat' dir='ltr'><strong>competit</strong></span> <span class='ocrx_word' id='word_1_143' title='bbox 2145 2301 2335 2382; x_wconf 88' lang='lat' dir='ltr'><strong>plane</strong></span> <span class='ocrx_word' id='word_1_144' title='bbox 2388 2299 2678 2364; x_wconf 74' lang='lat' dir='ltr'><strong>,liberum</strong></span> <span class='ocrx_word' id='word_1_145' title='bbox 2699 2318 2916 2389; x_wconf 55' lang='lat' dir='ltr'><strong>Principia</strong></span> <span class='ocrx_word' id='word_1_146' title='bbox 2955 2318 3010 2361; x_wconf 73' lang='lat' dir='ltr'><strong>do</strong></span> 
     </span>
     <span class='ocr_line' id='line_1_20' title="bbox 364 2381 2960 2479; baseline 0 -20"><span class='ocrx_word' id='word_1_147' title='bbox 364 2394 699 2468; x_wconf 85' lang='lat' dir='ltr'><strong>electionis</strong></span> <span class='ocrx_word' id='word_1_148' title='bbox 760 2391 964 2475; x_wconf 64' lang='lat' dir='ltr'><strong>regi-5,</strong></span> <span class='ocrx_word' id='word_1_149' title='bbox 1033 2397 1226 2476; x_wconf 87' lang='lat' dir='ltr'><strong>atque</strong></span> <span class='ocrx_word' id='word_1_150' title='bbox 1286 2393 1479 2457; x_wconf 88' lang='lat' dir='ltr'><strong>etiam</strong></span> <span class='ocrx_word' id='word_1_151' title='bbox 1552 2398 1696 2475; x_wconf 91' lang='lat' dir='ltr'><strong>post</strong></span> <span class='ocrx_word' id='word_1_152' title='bbox 1760 2416 2082 2459; x_wconf 85' lang='lat' dir='ltr'><strong>annexam</strong></span> <span class='ocrx_word' id='word_1_153' title='bbox 2149 2394 2679 2479; x_wconf 72' lang='lat' dir='ltr'><strong>regno2Germa-</strong></span> <span class='ocrx_word' id='word_1_154' title='bbox 2760 2381 2960 2432; x_wconf 60' lang='lat' dir='ltr'><strong>Impem</strong></span> 
     </span>
     <span class='ocr_line' id='line_1_21' title="bbox 366 2489 2681 2576; baseline 0.002 -22"><span class='ocrx_word' id='word_1_155' title='bbox 366 2491 513 2556; x_wconf 90' lang='lat' dir='ltr'><strong>niae</strong></span> <span class='ocrx_word' id='word_1_156' title='bbox 568 2489 953 2572; x_wconf 85' lang='lat' dir='ltr'><strong>dignit-atem</strong></span> <span class='ocrx_word' id='word_1_157' title='bbox 1001 2489 1289 2573; x_wconf 86' lang='lat' dir='ltr'><strong>Imperii,</strong></span> <span class='ocrx_word' id='word_1_158' title='bbox 1346 2489 1545 2554; x_wconf 89' lang='lat' dir='ltr'><strong>libere</strong></span> <span class='ocrx_word' id='word_1_159' title='bbox 1603 2506 1713 2554; x_wconf 84' lang='lat' dir='ltr'><strong>rex</strong></span> <span class='ocrx_word' id='word_1_160' title='bbox 1765 2491 2232 2574; x_wconf 84' lang='lat' dir='ltr'><strong>promovendus</strong></span> <span class='ocrx_word' id='word_1_161' title='bbox 2290 2492 2360 2557; x_wconf 92' lang='lat' dir='ltr'><strong>in</strong></span> <span class='ocrx_word' id='word_1_162' title='bbox 2406 2490 2681 2576; x_wconf 86' lang='lat' dir='ltr'><strong>Impera-</strong></span> 
     </span>
     <span class='ocr_line' id='line_1_22' title="bbox 363 2588 900 2670; baseline -0.004 -18"><span class='ocrx_word' id='word_1_163' title='bbox 363 2592 570 2653; x_wconf 90' lang='lat' dir='ltr'><strong>torem</strong></span> <span class='ocrx_word' id='word_1_164' title='bbox 619 2588 900 2670; x_wconf 86' lang='lat' dir='ltr'><strong>eligitur.</strong></span> 
     </span>
    </p>
   </div>
   <div class='ocr_carea' id='block_1_4' title="bbox 364 2708 2682 3278">
    <p class='ocr_par' dir='ltr' id='par_1_4' title="bbox 364 2708 2682 3278">
     <span class='ocr_line' id='line_1_23' title="bbox 544 2708 2682 2795; baseline 0.002 -22"><span class='ocrx_word' id='word_1_165' title='bbox 544 2710 630 2773; x_wconf 70' lang='lat'><strong>20&#39;</strong></span> <span class='ocrx_word' id='word_1_166' title='bbox 661 2709 991 2774; x_wconf 86' lang='lat' dir='ltr'><strong>Romanus</strong></span> <span class='ocrx_word' id='word_1_167' title='bbox 1038 2708 1339 2773; x_wconf 83' lang='lat' dir='ltr'><strong>Pontifex</strong></span> <span class='ocrx_word' id='word_1_168' title='bbox 1393 2710 1502 2792; x_wconf 89' lang='lat' dir='ltr'><strong>jus</strong></span> <span class='ocrx_word' id='word_1_169' title='bbox 1547 2708 1748 2772; x_wconf 86' lang='lat' dir='ltr'><strong>habet</strong></span> <span class='ocrx_word' id='word_1_170' title='bbox 1796 2709 2205 2775; x_wconf 88' lang='lat' dir='ltr'><strong>examinandi</strong></span> <span class='ocrx_word' id='word_1_171' title='bbox 2260 2716 2324 2776; x_wconf 92' lang='lat' dir='ltr'><strong>et</strong></span> <span class='ocrx_word' id='word_1_172' title='bbox 2368 2713 2682 2795; x_wconf 88' lang='lat' dir='ltr'><strong>probandi</strong></span> 
     </span>
     <span class='ocr_line' id='line_1_24' title="bbox 368 2805 2679 2893; baseline 0.001 -21"><span class='ocrx_word' id='word_1_173' title='bbox 368 2829 585 2893; x_wconf 85' lang='lat' dir='ltr'><strong>regem</strong></span> <span class='ocrx_word' id='word_1_174' title='bbox 632 2807 937 2881; x_wconf 81' lang='lat' dir='ltr'><strong>electum,</strong></span> <span class='ocrx_word' id='word_1_175' title='bbox 985 2810 1204 2871; x_wconf 85' lang='lat' dir='ltr'><strong>utrum</strong></span> <span class='ocrx_word' id='word_1_176' title='bbox 1252 2805 1547 2869; x_wconf 86' lang='lat' dir='ltr'><strong>videlicet</strong></span> <span class='ocrx_word' id='word_1_177' title='bbox 1591 2805 1827 2869; x_wconf 89' lang='lat' dir='ltr'><strong>habeat</strong></span> <span class='ocrx_word' id='word_1_178' title='bbox 1873 2805 2220 2889; x_wconf 88' lang='lat' dir='ltr'><strong>qualitates</strong></span> <span class='ocrx_word' id='word_1_179' title='bbox 2266 2810 2679 2886; x_wconf 84' lang='lat' dir='ltr'><strong>necessarias,</strong></span> 
     </span>
     <span class='ocr_line' id='line_1_25' title="bbox 370 2901 2679 2987; baseline 0.001 -17"><span class='ocrx_word' id='word_1_180' title='bbox 370 2909 441 2970; x_wconf 92' lang='lat' dir='ltr'><strong>ut</strong></span> <span class='ocrx_word' id='word_1_181' title='bbox 504 2905 589 2969; x_wconf 92' lang='lat' dir='ltr'><strong>sit</strong></span> <span class='ocrx_word' id='word_1_182' title='bbox 639 2903 872 2987; x_wconf 86' lang='lat' dir='ltr'><strong>dignus</strong></span> <span class='ocrx_word' id='word_1_183' title='bbox 933 2902 1277 2980; x_wconf 84' lang='lat' dir='ltr'><strong>advocatus</strong></span> <span class='ocrx_word' id='word_1_184' title='bbox 1335 2906 1400 2965; x_wconf 89' lang='lat' dir='ltr'><strong>et</strong></span> <span class='ocrx_word' id='word_1_185' title='bbox 1454 2901 1754 2965; x_wconf 86' lang='lat' dir='ltr'><strong>defensor</strong></span> <span class='ocrx_word' id='word_1_186' title='bbox 1813 2901 2149 2967; x_wconf 87' lang='lat' dir='ltr'><strong>Ecclesiae.</strong></span> <span class='ocrx_word' id='word_1_187' title='bbox 2255 2903 2492 2979; x_wconf 84' lang='lat' dir='ltr'><strong>Quodsi</strong></span> <span class='ocrx_word' id='word_1_188' title='bbox 2546 2928 2679 2972; x_wconf 89' lang='lat' dir='ltr'><strong>non</strong></span> 
     </span>
     <span class='ocr_line' id='line_1_26' title="bbox 366 2995 2681 3086; baseline 0 -20"><span class='ocrx_word' id='word_1_189' title='bbox 366 3001 770 3066; x_wconf 87' lang='lat' dir='ltr'><strong>inveniretur</strong></span> <span class='ocrx_word' id='word_1_190' title='bbox 830 2999 1091 3084; x_wconf 82' lang='lat' dir='ltr'><strong>dignus,</strong></span> <span class='ocrx_word' id='word_1_191' title='bbox 1156 2999 1257 3062; x_wconf 87' lang='lat' dir='ltr'><strong>vel</strong></span> <span class='ocrx_word' id='word_1_192' title='bbox 1316 2997 1634 3081; x_wconf 85' lang='lat' dir='ltr'><strong>principes</strong></span> <span class='ocrx_word' id='word_1_193' title='bbox 1696 2995 2004 3063; x_wconf 88' lang='lat' dir='ltr'><strong>deberent</strong></span> <span class='ocrx_word' id='word_1_194' title='bbox 2063 2999 2260 3064; x_wconf 88' lang='lat' dir='ltr'><strong>alium</strong></span> <span class='ocrx_word' id='word_1_195' title='bbox 2319 3002 2554 3086; x_wconf 87' lang='lat' dir='ltr'><strong>eligere</strong></span> <span class='ocrx_word' id='word_1_196' title='bbox 2610 3002 2681 3067; x_wconf 89' lang='lat' dir='ltr'><strong>in</strong></span> 
     </span>
     <span class='ocr_line' id='line_1_27' title="bbox 367 3093 2678 3183; baseline 0 -21"><span class='ocrx_word' id='word_1_197' title='bbox 367 3118 614 3183; x_wconf 85' lang='lat' dir='ltr'><strong>regem,</strong></span> <span class='ocrx_word' id='word_1_198' title='bbox 678 3095 778 3159; x_wconf 84' lang='lat' dir='ltr'><strong>vel</strong></span> <span class='ocrx_word' id='word_1_199' title='bbox 843 3094 1191 3178; x_wconf 84' lang='lat' dir='ltr'><strong>imperialis</strong></span> <span class='ocrx_word' id='word_1_200' title='bbox 1258 3093 1539 3177; x_wconf 80' lang='lat' dir='ltr'><strong>dignitas</strong></span> <span class='ocrx_word' id='word_1_201' title='bbox 1605 3093 1686 3157; x_wconf 89' lang='lat' dir='ltr'><strong>ad</strong></span> <span class='ocrx_word' id='word_1_202' title='bbox 1755 3094 1952 3158; x_wconf 87' lang='lat' dir='ltr'><strong>alium</strong></span> <span class='ocrx_word' id='word_1_203' title='bbox 2020 3117 2232 3178; x_wconf 87' lang='lat' dir='ltr'><strong>regem</strong></span> <span class='ocrx_word' id='word_1_204' title='bbox 2304 3098 2678 3177; x_wconf 84' lang='lat' dir='ltr'><strong>deferretur,</strong></span> 
     </span>
     <span class='ocr_line' id='line_1_28' title="bbox 364 3189 2107 3278; baseline -0.002 -21"><span class='ocrx_word' id='word_1_205' title='bbox 364 3216 568 3278; x_wconf 88' lang='lat' dir='ltr'><strong>quum</strong></span> <span class='ocrx_word' id='word_1_206' title='bbox 615 3192 901 3257; x_wconf 87' lang='lat' dir='ltr'><strong>Ecclesia</strong></span> <span class='ocrx_word' id='word_1_207' title='bbox 946 3190 1235 3273; x_wconf 87' lang='lat' dir='ltr'><strong>indigeat</strong></span> <span class='ocrx_word' id='word_1_208' title='bbox 1281 3189 1589 3254; x_wconf 85' lang='lat' dir='ltr'><strong>advocato</strong></span> <span class='ocrx_word' id='word_1_209' title='bbox 1638 3195 1704 3253; x_wconf 91' lang='lat' dir='ltr'><strong>et</strong></span> <span class='ocrx_word' id='word_1_210' title='bbox 1751 3190 2107 3257; x_wconf 88' lang='lat' dir='ltr'><strong>defensore.</strong></span> 
     </span>
    </p>
   </div>
   <div class='ocr_carea' id='block_1_5' title="bbox 364 3311 2682 3980">
    <p class='ocr_par' dir='ltr' id='par_1_5' title="bbox 364 3311 2682 3980">
     <span class='ocr_line' id='line_1_29' title="bbox 545 3311 2682 3401; baseline 0.002 -23"><span class='ocrx_word' id='word_1_211' title='bbox 545 3311 617 3378; x_wconf 86' lang='lat'><strong>3⁰</strong></span> <span class='ocrx_word' id='word_1_212' title='bbox 663 3315 739 3378; x_wconf 91' lang='lat' dir='ltr'><strong>In</strong></span> <span class='ocrx_word' id='word_1_213' title='bbox 787 3314 1101 3378; x_wconf 88' lang='lat' dir='ltr'><strong>electione</strong></span> <span class='ocrx_word' id='word_1_214' title='bbox 1148 3313 1223 3376; x_wconf 93' lang='lat' dir='ltr'><strong>de</strong></span> <span class='ocrx_word' id='word_1_215' title='bbox 1271 3334 1397 3396; x_wconf 89' lang='lat' dir='ltr'><strong>qua</strong></span> <span class='ocrx_word' id='word_1_216' title='bbox 1443 3313 1978 3392; x_wconf 81' lang='lat' dir='ltr'><strong>controvertitur,</strong></span> <span class='ocrx_word' id='word_1_217' title='bbox 2030 3314 2327 3381; x_wconf 88' lang='lat' dir='ltr'><strong>Pontifici</strong></span> <span class='ocrx_word' id='word_1_218' title='bbox 2377 3319 2682 3401; x_wconf 89' lang='lat' dir='ltr'><strong>competit</strong></span> 
     </span>
     <span class='ocr_line' id='line_1_30' title="bbox 367 3408 2682 3500; baseline 0.001 -25"><span class='ocrx_word' id='word_1_219' title='bbox 367 3408 435 3495; x_wconf 87' lang='lat' dir='ltr'><strong>a)</strong></span> <span class='ocrx_word' id='word_1_220' title='bbox 494 3415 569 3475; x_wconf 86' lang='lat' dir='ltr'><strong>ut</strong></span> <span class='ocrx_word' id='word_1_221' title='bbox 623 3410 939 3494; x_wconf 88' lang='lat' dir='ltr'><strong>principes</strong></span> <span class='ocrx_word' id='word_1_222' title='bbox 993 3413 1246 3474; x_wconf 84' lang='lat' dir='ltr'><strong>moveat</strong></span> <span class='ocrx_word' id='word_1_223' title='bbox 1308 3408 1387 3471; x_wconf 89' lang='lat' dir='ltr'><strong>ad</strong></span> <span class='ocrx_word' id='word_1_224' title='bbox 1452 3409 1920 3473; x_wconf 88' lang='lat' dir='ltr'><strong>restituendam</strong></span> <span class='ocrx_word' id='word_1_225' title='bbox 1979 3414 2322 3478; x_wconf 89' lang='lat' dir='ltr'><strong>unitatem.</strong></span> <span class='ocrx_word' id='word_1_226' title='bbox 2397 3412 2484 3500; x_wconf 90' lang='lat' dir='ltr'><strong>b)</strong></span> <span class='ocrx_word' id='word_1_227' title='bbox 2541 3416 2682 3479; x_wconf 88' lang='lat' dir='ltr'><strong>Aut</strong></span> 
     </span>
     <span class='ocr_line' id='line_1_31' title="bbox 371 3505 2681 3595; baseline 0.002 -24"><span class='ocrx_word' id='word_1_228' title='bbox 371 3507 738 3573; x_wconf 83' lang='lat' dir='ltr'><strong>voluntarie</strong></span> <span class='ocrx_word' id='word_1_229' title='bbox 784 3507 1062 3590; x_wconf 86' lang='lat' dir='ltr'><strong>eligetur</strong></span> <span class='ocrx_word' id='word_1_230' title='bbox 1108 3505 1417 3570; x_wconf 86' lang='lat' dir='ltr'><strong>Pontifex</strong></span> <span class='ocrx_word' id='word_1_231' title='bbox 1465 3507 1534 3569; x_wconf 87' lang='lat' dir='ltr'><strong>in</strong></span> <span class='ocrx_word' id='word_1_232' title='bbox 1583 3505 1917 3584; x_wconf 84' lang='lat' dir='ltr'><strong>arbitrum,</strong></span> <span class='ocrx_word' id='word_1_233' title='bbox 1966 3513 2081 3573; x_wconf 89' lang='lat' dir='ltr'><strong>aut</strong></span> <span class='ocrx_word' id='word_1_234' title='bbox 2117 3511 2267 3593; x_wconf 87' lang='lat' dir='ltr'><strong>jure</strong></span> <span class='ocrx_word' id='word_1_235' title='bbox 2312 3512 2567 3595; x_wconf 88' lang='lat' dir='ltr'><strong>proprio</strong></span> <span class='ocrx_word' id='word_1_236' title='bbox 2615 3515 2681 3575; x_wconf 87' lang='lat' dir='ltr'><strong>et</strong></span> 
     </span>
     <span class='ocr_line' id='line_1_32' title="bbox 364 3601 2681 3686; baseline 0.001 -17"><span class='ocrx_word' id='word_1_237' title='bbox 364 3605 565 3670; x_wconf 89' lang='lat' dir='ltr'><strong>insito</strong></span> <span class='ocrx_word' id='word_1_238' title='bbox 622 3604 733 3668; x_wconf 87' lang='lat' dir='ltr'><strong>uni</strong></span> <span class='ocrx_word' id='word_1_239' title='bbox 780 3604 1081 3677; x_wconf 84' lang='lat' dir='ltr'><strong>assentit3</strong></span> <span class='ocrx_word' id='word_1_240' title='bbox 1143 3624 1292 3665; x_wconf 88' lang='lat' dir='ltr'><strong>nam</strong></span> <span class='ocrx_word' id='word_1_241' title='bbox 1341 3601 1623 3666; x_wconf 88' lang='lat' dir='ltr'><strong>Ecclesia</strong></span> <span class='ocrx_word' id='word_1_242' title='bbox 1681 3624 1815 3666; x_wconf 91' lang='lat' dir='ltr'><strong>non</strong></span> <span class='ocrx_word' id='word_1_243' title='bbox 1870 3610 2084 3686; x_wconf 83' lang='lat' dir='ltr'><strong>potest</strong></span> <span class='ocrx_word' id='word_1_244' title='bbox 2137 3606 2245 3671; x_wconf 90' lang='lat' dir='ltr'><strong>diu</strong></span> <span class='ocrx_word' id='word_1_245' title='bbox 2299 3629 2515 3672; x_wconf 90' lang='lat' dir='ltr'><strong>carere</strong></span> <span class='ocrx_word' id='word_1_246' title='bbox 2571 3607 2681 3672; x_wconf 89' lang='lat' dir='ltr'><strong>ad·</strong></span> 
     </span>
     <span class='ocr_line' id='line_1_33' title="bbox 368 3696 2682 3784; baseline 0.001 -19"><span class='ocrx_word' id='word_1_247' title='bbox 368 3706 593 3767; x_wconf 84' lang='lat' dir='ltr'><strong>vocato</strong></span> <span class='ocrx_word' id='word_1_248' title='bbox 642 3707 709 3765; x_wconf 87' lang='lat' dir='ltr'><strong>et</strong></span> <span class='ocrx_word' id='word_1_249' title='bbox 738 3700 1088 3764; x_wconf 85' lang='lat' dir='ltr'><strong>defensore.</strong></span> <span class='ocrx_word' id='word_1_250' title='bbox 1163 3696 1471 3763; x_wconf 87' lang='lat' dir='ltr'><strong>Pontifex</strong></span> <span class='ocrx_word' id='word_1_251' title='bbox 1516 3720 1652 3763; x_wconf 91' lang='lat' dir='ltr'><strong>non</strong></span> <span class='ocrx_word' id='word_1_252' title='bbox 1690 3698 1961 3783; x_wconf 89' lang='lat' dir='ltr'><strong>juridice</strong></span> <span class='ocrx_word' id='word_1_253' title='bbox 1994 3702 2267 3784; x_wconf 89' lang='lat' dir='ltr'><strong>inquirit</strong></span> <span class='ocrx_word' id='word_1_254' title='bbox 2303 3708 2368 3767; x_wconf 90' lang='lat' dir='ltr'><strong>et</strong></span> <span class='ocrx_word' id='word_1_255' title='bbox 2397 3703 2682 3769; x_wconf 90' lang='lat' dir='ltr'><strong>decernit</strong></span> 
     </span>
     <span class='ocr_line' id='line_1_34' title="bbox 370 3793 2679 3881; baseline 0.002 -20"><span class='ocrx_word' id='word_1_256' title='bbox 370 3797 579 3881; x_wconf 88' lang='lat' dir='ltr'><strong>quoad</strong></span> <span class='ocrx_word' id='word_1_257' title='bbox 613 3797 858 3861; x_wconf 88' lang='lat' dir='ltr'><strong>factum</strong></span> <span class='ocrx_word' id='word_1_258' title='bbox 891 3795 1240 3871; x_wconf 77' lang='lat' dir='ltr'><strong>electioni8‚</strong></span> <span class='ocrx_word' id='word_1_259' title='bbox 1288 3793 1396 3858; x_wconf 88' lang='lat' dir='ltr'><strong>sed</strong></span> <span class='ocrx_word' id='word_1_260' title='bbox 1436 3793 1515 3858; x_wconf 89' lang='lat' dir='ltr'><strong>de</strong></span> <span class='ocrx_word' id='word_1_261' title='bbox 1547 3795 1969 3877; x_wconf 88' lang='lat' dir='ltr'><strong>qualitatibus</strong></span> <span class='ocrx_word' id='word_1_262' title='bbox 2011 3797 2281 3880; x_wconf 89' lang='lat' dir='ltr'><strong>inquirit</strong></span> <span class='ocrx_word' id='word_1_263' title='bbox 2312 3801 2679 3877; x_wconf 82' lang='lat' dir='ltr'><strong>electorum,</strong></span> 
     </span>
     <span class='ocr_line' id='line_1_35' title="bbox 367 3890 2680 3980; baseline 0.002 -24"><span class='ocrx_word' id='word_1_264' title='bbox 367 3898 436 3957; x_wconf 90' lang='lat' dir='ltr'><strong>et</strong></span> <span class='ocrx_word' id='word_1_265' title='bbox 492 3893 774 3977; x_wconf 84' lang='lat' dir='ltr'><strong>praefert</strong></span> <span class='ocrx_word' id='word_1_266' title='bbox 831 3914 975 3957; x_wconf 89' lang='lat' dir='ltr'><strong>eum</strong></span> <span class='ocrx_word' id='word_1_267' title='bbox 1043 3892 1151 3975; x_wconf 92' lang='lat' dir='ltr'><strong>qui</strong></span> <span class='ocrx_word' id='word_1_268' title='bbox 1214 3892 1426 3973; x_wconf 87' lang='lat' dir='ltr'><strong>aptior</strong></span> <span class='ocrx_word' id='word_1_269' title='bbox 1492 3895 1589 3955; x_wconf 90' lang='lat' dir='ltr'><strong>est</strong></span> <span class='ocrx_word' id='word_1_270' title='bbox 1650 3890 1728 3957; x_wconf 83' lang='lat' dir='ltr'><strong>ad</strong></span> <span class='ocrx_word' id='word_1_271' title='bbox 1788 3890 2223 3961; x_wconf 87' lang='lat' dir='ltr'><strong>defensionem</strong></span> <span class='ocrx_word' id='word_1_272' title='bbox 2280 3895 2680 3980; x_wconf 81' lang='lat' dir='ltr'><strong>Ecclesiae.¹)</strong></span> 
     </span>
    </p>
   </div>
   <div class='ocr_carea' id='block_1_6' title="bbox 370 4053 791 4060">
    <p class='ocr_par' dir='ltr' id='par_1_6' title="bbox 370 4053 791 4060">
     <span class='ocr_line' id='line_1_36' title="bbox 370 4053 791 4060; baseline 0 0"><span class='ocrx_word' id='word_1_273' title='bbox 370 4053 791 4060; x_wconf 95' lang='lat' dir='ltr'><strong> </strong></span> 
     </span>
    </p>
   </div>
   <div class='ocr_carea' id='block_1_7' title="bbox 367 4108 2678 4281">
    <p class='ocr_par' dir='ltr' id='par_1_7' title="bbox 367 4108 2678 4281">
     <span class='ocr_line' id='line_1_37' title="bbox 367 4108 2678 4281; baseline 0.002 -93"><span class='ocrx_word' id='word_1_274' title='bbox 367 4214 410 4267; x_wconf 66' lang='lat' dir='ltr'>C</span> <span class='ocrx_word' id='word_1_275' title='bbox 468 4214 514 4268; x_wconf 72' lang='lat' dir='ltr'>G</span> <span class='ocrx_word' id='word_1_276' title='bbox 552 4135 616 4266; x_wconf 49' lang='lat'><strong>¹33</strong></span> <span class='ocrx_word' id='word_1_277' title='bbox 631 4134 739 4265; x_wconf 45' lang='lat' dir='ltr'><strong>cg.</strong></span> <span class='ocrx_word' id='word_1_278' title='bbox 768 4134 1010 4281; x_wconf 50' lang='lat' dir='ltr'><strong>pissegt.</strong></span> <span class='ocrx_word' id='word_1_279' title='bbox 1049 4134 1198 4189; x_wconf 71' lang='lat' dir='ltr'><strong>rom.</strong></span> <span class='ocrx_word' id='word_1_280' title='bbox 1227 4133 1292 4187; x_wconf 73' lang='lat' dir='ltr'><strong>v.</strong></span> <span class='ocrx_word' id='word_1_281' title='bbox 1334 4134 1570 4189; x_wconf 81' lang='lat' dir='ltr'><strong>Dissert.</strong></span> <span class='ocrx_word' id='word_1_282' title='bbox 1608 4134 1812 4188; x_wconf 67' lang='lat' dir='ltr'><strong>xxm.</strong></span> <span class='ocrx_word' id='word_1_283' title='bbox 1852 4133 1894 4187; x_wconf 91' lang='lat'><strong>1.</strong></span> <span class='ocrx_word' id='word_1_284' title='bbox 1941 4151 2031 4188; x_wconf 81' lang='lat' dir='ltr'><strong>nn.</strong></span> <span class='ocrx_word' id='word_1_285' title='bbox 2079 4137 2142 4188; x_wconf 86' lang='lat'><strong>16</strong></span> <span class='ocrx_word' id='word_1_286' title='bbox 2182 4150 2323 4205; x_wconf 83' lang='lat' dir='ltr'><strong>sqq.;</strong></span> <span class='ocrx_word' id='word_1_287' title='bbox 2375 4143 2431 4192; x_wconf 73' lang='lat' dir='ltr'><strong>et</strong></span> <span class='ocrx_word' id='word_1_288' title='bbox 2467 4108 2678 4204; x_wconf 57' lang='lat' dir='ltr'><strong>Hefeoe,</strong></span> 
     </span>
     <span class='ocr_line' id='line_1_38' title="bbox 415 4217 978 4268; baseline -0.002 -1"><span class='ocrx_word' id='word_1_289' title='bbox 415 4255 427 4267; x_wconf 91' lang='lat'><strong>.</strong></span> <span class='ocrx_word' id='word_1_290' title='bbox 518 4254 530 4267; x_wconf 93' lang='lat'><strong>.</strong></span> <span class='ocrx_word' id='word_1_291' title='bbox 621 4255 633 4268; x_wconf 91' lang='lat'><strong>.</strong></span> <span class='ocrx_word' id='word_1_292' title='bbox 717 4254 728 4265; x_wconf 92' lang='lat'><strong>.</strong></span> <span class='ocrx_word' id='word_1_293' title='bbox 806 4255 818 4267; x_wconf 94' lang='lat'><strong><em>.</em></strong></span> <span class='ocrx_word' id='word_1_294' title='bbox 858 4217 926 4266; x_wconf 83' lang='lat'><strong>64</strong></span> <span class='ocrx_word' id='word_1_295' title='bbox 967 4254 978 4266; x_wconf 94' lang='lat'>.</span> 
     </span>
    </p>
   </div>
  </div>
 </body>
</html>
