3281 5014
1139 450 1567 506 Dissertationis
1605 450 1834 504 indoles.
2536 453 2644 505 237

320 612 435 657 seu
489 590 922 657 historiarum
981 591 1089 657 sui
1149 591 1453 675 temporis
1507 590 1665 657 libri
1710 588 1859 669 III,
1923 612 1996 656 ac
2052 589 2302 656 Nemus
2354 589 2644 656 unionis,

321 688 754 754 Theodoricus
812 689 913 753 hic
961 690 1272 755 oriundus
1319 712 1396 753 ex
1443 690 1675 774 oppido
1723 687 1996 753 Neheim
2055 688 2358 752 dioecesis
2400 688 2638 753 Pader-

320 786 661 851 bornensis
708 788 776 850 in
825 785 1199 862 Westfalia,
1258 786 1662 852 Avenionem
1713 784 1793 849 ad
1839 783 2097 849 Curiam
2154 785 2477 869 profectus
2521 792 2644 863 est,

321 888 385 946 et
446 904 666 947 versus
727 905 973 947 annum
1032 883 1198 946 1371
1267 906 1304 948 a
1363 881 1673 967 Gregorio
1720 879 1831 945 XI.
1895 902 2126 945 munus
2190 882 2478 946 obtinuit
2538 904 2639 946 se-

321 978 578 1043 cretarii
654 1000 766 1043 seu
841 979 1169 1062 scriptoris
1244 980 1597 1062 apostolici.
1721 976 2220 1042 Bartholomaeo
2289 976 2645 1062 PrignanO,

320 1074 430 1158 qui
477 1080 703 1158 postea
747 1074 874 1139 fuit
920 1073 1224 1139 Urbanus
1258 1074 1368 1141 VI.
1438 1075 1676 1139 ibidem
1721 1072 2168 1138 familiaritate
2217 1076 2483 1158 junctus
2525 1080 2639 1139 est.

322 1169 479 1234 Cum
530 1169 844 1255 Gregorio
890 1168 1010 1236 XI.
1063 1170 1333 1236 Romam
1382 1173 1592 1250 venit,
1655 1172 1745 1236 ibi
1803 1171 1993 1235 initia
2049 1170 2412 1235 schismatis
2458 1170 2643 1248 vidit,

321 1273 517 1351 atque
563 1288 643 1331 ex
684 1272 867 1351 parte
922 1268 1110 1332 stetit
1157 1267 1543 1333 Pontificum
1595 1268 2031 1332 Romanorum
2087 1289 2293 1352 usque
2352 1267 2430 1331 ad
2479 1266 2639 1332 Gre-

319 1363 479 1447 gorii
528 1361 675 1427 XII.
740 1369 1051 1447 tempora.
1158 1363 1397 1428 Factus
1459 1371 1556 1428 est
1618 1365 1689 1429 in
1745 1363 2151 1429 Cancellaria
2209 1364 2646 1428 Abbreviator

322 1465 388 1523 et
419 1459 930 1524 ProtonotariuS.
1007 1456 1369 1525 Secundum
1418 1458 1725 1545 quosdam
1762 1467 2054 1525 auctores
2088 1483 2125 1524 a
2160 1457 2490 1525 Bonifatio
2522 1459 2638 1527 IX.

320 1555 695 1620 nominatus
743 1562 839 1621 est
868 1559 1200 1640 episcopus
1234 1557 1576 1621 Verdensis
1622 1579 1696 1621 ac
1744 1557 1892 1620 dein
1926 1557 2433 1639 Cameracensis;
2488 1578 2641 1621 neu·

320 1660 425 1716 tra
482 1657 702 1716 tamen
765 1652 1037 1718 dioecesi
1098 1654 1288 1737 potiri
1352 1653 1563 1737 potuit
1627 1653 2002 1738 Romaeque
2064 1654 2393 1720 remansit.
2509 1649 2643 1717 Sed

319 1749 440 1812 viri
497 1750 701 1815 critici
757 1752 893 1833 jam
959 1755 1202 1816 certum
1257 1750 1529 1821 habent,
1597 1749 1677 1814 ad
1742 1753 2176 1834 episcopatum
2224 1749 2637 1814 Cameracen-

320 1866 453 1909 sem
496 1867 639 1908 eum
700 1868 827 1910 non
884 1852 1245 1930 promotum
1293 1847 1523 1925 fuisse,
1590 1846 1855 1910 dubium
1903 1867 2159 1930 quoque
2218 1845 2492 1923 habent,
2551 1868 2635 1910 an

320 1941 670 2006 Verdensis
731 1944 1064 2027 episcopus
1122 1942 1262 2027 ipse
1321 1943 1542 2008 fuerit.
1654 1942 1956 2019 Constat,
2019 1942 2481 2007 Theodoricum
2534 1965 2636 2007 or-

321 2037 504 2104 dines
574 2040 846 2123 majores
914 2062 1045 2105 non
1118 2042 1489 2124 suscepisse.
1602 2039 1918 2124 Tempore
1983 2040 2236 2104 concilii
2308 2038 2531 2103 Pisani
2601 2061 2646 2102 a

323 2135 633 2220 Gregorio
679 2135 831 2200 XII.
885 2136 1020 2219 ipse
1075 2136 1341 2202 descivit
1395 2158 1466 2200 ac
1523 2158 1591 2201 se
1643 2136 1869 2219 junxit
1917 2135 2290 2200 Alexandro
2319 2135 2426 2209 V..
2488 2136 2637 2199 dein

321 2232 441 2296 sub
499 2231 756 2297 Joanne
812 2230 1067 2298 XXIII.
1129 2234 1310 2297 venit
1371 2233 1450 2296 ad
1513 2233 1871 2299 Concilium
1937 2231 2462 2313 Constantiense‚
2525 2232 2634 2295 ubi

319 2328 448 2400 fuit
514 2334 800 2413 tempore
867 2330 1196 2395 electionis
1260 2329 1527 2394 Martini
1578 2329 1659 2394 V.
1725 2326 1979 2413 (1416).
2085 2327 2246 2393 Inde
2310 2328 2643 2412 profectus

320 2429 421 2490 est
475 2423 845 2512 Trajectum
905 2427 983 2490 ad
1044 2426 1319 2505 Mosam,
1387 2449 1586 2512 quum
1648 2426 2097 2491 canonicatum
2161 2425 2241 2491 ad
2303 2426 2633 2490 ecclesiam

322 2521 386 2587 S.
437 2521 714 2588 Servatii
761 2523 1061 2599 haberet,
1118 2524 1336 2609 ibique
1380 2531 1667 2590 mortuus
1716 2529 1815 2589 est
1874 2524 1975 2589 die
2034 2523 2151 2587 22⁰
2198 2523 2420 2588 Martii
2464 2546 2640 2589 anno

327 2619 493 2684 1418
542 2627 606 2684 et
654 2620 723 2684 in
772 2621 1036 2684 ecclesia
1085 2618 1147 2685 S.
1198 2619 1473 2686 Servatii
1518 2623 1827 2705 sepultus.
1922 2619 2131 2705 Opera
2188 2622 2384 2686 citata
2432 2619 2636 2686 Theo-

321 2717 516 2782 dorici
564 2723 630 2781 et
684 2718 810 2781 alia
856 2718 1173 2802 quaedam
1235 2721 1372 2801 ejus
1426 2719 1733 2803 opuscula
1787 2717 2122 2782 historiam
2173 2717 2429 2782 illorum
2474 2726 2633 2781 tem·

320 2836 546 2898 porum
606 2815 762 2878 satis
819 2814 1181 2892 illustrant,
1245 2819 1539 2879 attamen
1595 2816 1904 2880 acerrimo
1955 2836 2028 2879 ac
2088 2814 2411 2879 virulento
2467 2814 2641 2897 stylo

320 2915 543 2977 auctor
588 2910 692 2974 hic
737 2933 926 2994 saepe
957 2911 1022 2975 in
1072 2912 1394 2996 legitimos
1438 2933 1694 2996 quoque
1728 2911 2071 2976 Pontifices
2113 2911 2382 2986 invehit,
2429 2910 2641 2974 multa

320 3006 544 3071 scribit
608 3006 835 3070 leviter
894 3012 961 3071 et
1022 3009 1295 3091 injuste,
1358 3030 1584 3072 sanam
1638 3008 1998 3074 doctrinam
2054 3008 2122 3071 in
2186 3006 2461 3071 diatribe
2521 3028 2642 3070 sua

321 3105 573 3187 saepius
630 3102 844 3168 laedit.
936 3103 1111 3168 Hinc
1167 3126 1324 3188 opus
1382 3106 1520 3188 ejus
1566 3104 1644 3168 de
1691 3104 2030 3169 schismate
2085 3105 2364 3169 relatum
2421 3106 2521 3167 est
2564 3102 2631 3166 in

321 3200 603 3266 Indicem
660 3200 966 3264 librorum
1025 3200 1512 3284 prohibitorum.
1604 3199 1753 3265 Non
1800 3201 2034 3264 desunt
2079 3205 2327 3282 autem,
2386 3199 2493 3284 qui
2554 3198 2640 3264 ob

322 3297 606 3361 rationes
670 3319 800 3361 non
871 3296 1263 3381 spernendas
1330 3297 1733 3374 existimant,
1804 3295 2178 3362 Theodorici
2247 3318 2433 3380 opum
2504 3295 2635 3380 pri·

323 3415 497 3457 mum
557 3415 612 3457 a.
668 3394 832 3457 1609
889 3415 926 3456 a
985 3392 1508 3458 Protestantibus
1562 3392 1832 3473 editum,
1890 3399 2258 3475 corruptum
2318 3396 2384 3457 et
2436 3394 2632 3457 inter-

322 3491 612 3574 polatum
682 3487 954 3572 fuisse.1)
1026 3527 1106 3534 ——-
1180 3489 1594 3572 Reliquorum
1658 3510 2031 3553 coaevorum
2089 3510 2248 3573 quos
2300 3489 2642 3555 citabimus

324 3592 656 3652 auctorum
719 3587 974 3650 brevem
1033 3588 1457 3671 adjungemus
1518 3587 1851 3661 notitiam,
1913 3586 2025 3650 ubi
2085 3607 2305 3650 eorum
2362 3585 2635 3650 mentio·

324 3706 472 3749 nem
546 3684 874 3748 faciamus.
987 3682 1216 3749 Notari
1284 3685 1497 3746 autem
1567 3687 1808 3764 potest,
1880 3685 2050 3747 teste
2105 3680 2498 3747 Theodorico
2559 3682 2638 3745 de

323 3779 535 3859 Niem‚
581 3786 869 3862 tempore
900 3780 1258 3843 schismatis
1305 3779 1381 3842 de
1413 3779 1537 3842 ista
1583 3800 1652 3840 re
1681 3787 1812 3842 tam
1862 3779 2098 3844 multos
2142 3780 2411 3862 script-os
2440 3779 2640 3842 fuisse

322 3882 660 3952 tractatus,
713 3880 823 3957 „ut
869 3886 1127 3940 centum
1174 3874 1398 3939 cameli
1448 3881 1705 3958 portare
1752 3895 1883 3938 non
1933 3883 2195 3958 possent
2241 3876 2632 3940 volumina.“

506 4101 547 4169 ¹)
588 4102 696 4155 Cfr.
734 4101 1060 4169 Rattinger,
1109 4118 1193 4169 ap.
1231 4101 1571 4169 Damberger
1617 4101 1680 4153 Τ.
1718 4101 1834 4154 XV.
1910 4101 2101 4155 Kritik
2149 4119 2198 4170 p.
2251 4105 2347 4155 101
2388 4118 2532 4169 sqq.‚
2580 4106 2640 4156 et

323 4180 383 4235 in
420 4182 693 4249 periodico
736 4176 1163 4247 „Litterarischc
1203 4179 1572 4233 Rundschau“
1610 4197 1659 4234 a.
1702 4183 1854 4244 1875,
1892 4197 1984 4249 pp.
2023 4183 2141 4235 210.
2180 4183 2300 4234 229.
2339 4183 2458 4235 249.
