3281 5014
585 433 688 485 140
1036 431 1237 484 XXXI.
1273 432 1355 485 De
1392 430 1688 486 abolitione
1725 430 1950 484 Ordinis
1988 430 2433 497 Templariorum.

581 577 869 656 tempore
926 576 1074 656 post
1120 571 1381 637 Ordinis
1440 573 1919 637 institutionem
1972 574 2037 636 in
2099 594 2244 636 eum
2298 576 2674 657 penetrasse
2722 572 2896 637 hanc

581 667 914 733 haeresim.
930 665 977 751 ¹)
1068 667 1127 733 J.
1179 668 1379 732 Prutz
1440 667 1782 733 ostendere
1847 669 2024 732 nisus
2086 672 2211 744 est,
2273 668 2671 752 Templarios
2731 690 2885 733 con·

580 765 871 829 stituisse
931 765 1315 849 peculiarem
1384 766 1715 830 ecclesiam
1788 786 1929 829 cum
2007 765 2384 848 specialibus
2460 764 2890 850 dogmatibuS,

580 863 760 927 cultu
817 884 891 926 ac
947 858 1467 945 sacerdotibus,²)
1525 882 1602 925 ex
1664 860 1916 925 haeresi
1962 860 2388 926 catharorum
2445 883 2514 925 se
2573 861 2885 925 evolvisse

581 959 920 1042 specialem
974 957 1481 1041 Templariorum
1536 954 1934 1039 haeresim,⁸)
1992 979 2159 1042 quae
2210 960 2281 1021 in
2326 958 2520 1021 variis
2570 957 2892 1041 capitibus

579 1055 806 1119 similis
880 1056 1076 1120 fuerit
1145 1054 1551 1138 turpissimae
1614 1053 1864 1118 haeresi
1926 1051 2563 1132 Luciferianorum.⁴)
2669 1053 2883 1118 Etiam

582 1150 932 1235 Loyseleur
986 1150 1299 1235 ejusmodi
1351 1151 1689 1234 opiniones
1743 1150 2062 1229 emittit,⁶)
2116 1157 2313 1236 atque
2359 1149 2441 1216 N.
2493 1150 2890 1233 Deschamps

578 1249 649 1312 in
694 1270 884 1332 opere
939 1247 1282 1332 posthumo
1332 1248 1410 1311 de
1465 1247 1881 1312 societatibus
1939 1250 2202 1313 secretis
2259 1248 2465 1313 eidem
2518 1249 2884 1312 sententiae

572 1344 982 1428 suffragatur.
995 1342 1048 1428 ⁶)
1151 1344 1463 1408 Absolute
1533 1343 1793 1431 quidem
1862 1366 1992 1408 non
2067 1350 2423 1429 repugnat,
2486 1344 2886 1427 Templarios

572 1443 898 1525 integram
941 1442 1313 1504 societatem
1366 1439 1760 1506 haereticam
1813 1463 1958 1505 cum
2008 1441 2315 1506 doctrinis
2372 1441 2737 1525 ritibusque
2784 1462 2879 1505 se-

573 1538 767 1602 cretis
821 1538 1264 1614 constituisse,
1321 1544 1518 1622 atque
1575 1536 1697 1601 hac
1758 1540 2084 1602 sententia
2144 1537 2419 1602 admissa
2479 1539 2643 1602 ritus
2698 1538 2880 1620 impii

573 1634 829 1718 aliaque
913 1634 1202 1698 facinora
1271 1633 1598 1697 commode
1676 1634 2100 1717 explicantur.
2227 1633 2577 1698 Censemus
2640 1639 2880 1708 tamen,

572 1737 955 1815 argumenta
1000 1753 1165 1815 quae
1211 1730 1574 1795 afferuntur
1621 1730 1683 1793 id
1727 1753 1862 1794 non
1907 1731 2230 1809 evincere,
2275 1752 2486 1815 neque
2532 1729 2689 1795 satis
2736 1751 2883 1814 pro-

570 1830 795 1893 batum
871 1850 1036 1903 esse,
1129 1827 1454 1891 exstitisse
1521 1832 1769 1892 stat-uta
1835 1834 2083 1892 secreta
2157 1827 2464 1912 ejusmodi
2533 1827 2877 1891 societatis.

573 1924 1024 1989 Confessiones
1070 1923 1319 2006 aliquot
1349 1922 1862 2006 Templariorum
1909 1924 1987 1988 de
2034 1924 2286 2008 scriptis
2318 1923 2630 1988 libellisve
2674 1944 2881 1987 secre-

568 2020 683 2096 tis,
728 2042 863 2085 non
908 2019 1207 2084 videntur
1253 2020 1751 2085 fundamentum
1796 2020 2119 2086 sufficiens
2167 2019 2247 2083 ad
2296 2019 2465 2084 hanc
2510 2020 2878 2104 opinionem

567 2116 894 2181 tuendam.
941 2153 1031 2162 ——
1075 2115 1416 2182 Sententia
1456 2138 1623 2194 vero,
1676 2116 2321 2182 Francomuratorum
2355 2117 2693 2181 societates
2724 2137 2879 2179 con-

565 2214 999 2278 tinuationem
1059 2235 1196 2277 esse
1240 2211 1500 2277 Ordinis
1556 2213 2093 2296 Templariorum,
2158 2213 2387 2278 merito
2442 2214 2581 2297 jam
2626 2212 2881 2295 saepius

567 2311 828 2393 explosa
881 2299 1007 2387 est,
1069 2331 1188 2374 nec
1240 2310 1480 2375 talibus
1540 2310 1909 2374 fictionibus
1964 2331 2291 2374 censemus
2346 2330 2482 2373 esse
2530 2307 2877 2373 inhaeren-

566 2405 737 2470 dum.
779 2443 867 2452 —
913 2404 1042 2471 Sed
1088 2407 1280 2470 etiam
1337 2408 1391 2471 si
1447 2428 1579 2471 non
1625 2405 2021 2482 admittitur,
2076 2411 2288 2471 totum
2336 2405 2644 2470 Ordinem
2689 2403 2876 2468 Tem·

564 2503 916 2586 plariorum
961 2503 1032 2568 in
1078 2509 1318 2568 sectam
1376 2503 1765 2568 haereticam
1813 2502 2264 2587 degenerasse,
2317 2503 2454 2567 fieri
2511 2501 2751 2586 potuit,
2801 2506 2878 2565 ut

565 2601 756 2664 multi
821 2602 1238 2666 afficerentur
1301 2600 1758 2665 incredulitate
1816 2601 2140 2684 variisque
2202 2600 2373 2663 vitiis
2444 2599 2742 2682 turpibus
2804 2597 2878 2661 in

565 2698 874 2780 ejusmodi
921 2696 1164 2762 Ordine
1213 2698 1493 2779 militari,
1542 2699 1727 2782 cujus
1771 2697 2059 2762 membra
2103 2696 2373 2760 decursu
2417 2696 2722 2778 temporis
2765 2693 2877 2758 do-

565 2793 931 2875 minationi,
972 2794 1235 2877 divitiis,
1283 2795 1721 2877 voluptatibus
1770 2793 1975 2878 magis
2020 2794 2349 2876 magisque
2395 2791 2754 2856 inhiabant.

231 2917 523 3033 essssssiffijg‘s
741 2925 844 2988 55.
905 2921 1150 2988 Notum
1211 2928 1333 3000 est,
1399 2929 1612 3011 aetate
1669 2921 1721 2986 F
1724 2922 1974 2987 riderici
2021 2922 2104 2986 Π.
2159 2920 2679 2986 incredulitatem
2738 2942 2873 2985 mo-

525 3013 838 3103 'rumque
895 3021 963 3084 in
1024 3021 1388 3102 voluptates
1449 3019 1965 3095 dissolutionem,
2034 3019 2230 3101 ipsius
2291 3017 2707 3102 Imperatoris
2766 3038 2874 3080 ex-

741 3210 782 3276 1)
830 3212 913 3265 De
962 3210 1178 3278 Ophitis
1230 3210 1438 3264 erudite
1491 3209 1710 3277 scripsit
1759 3211 1826 3264 cl.
1874 3209 1963 3264 Fr.
2014 3210 2220 3264 Giraud
2267 3210 2325 3262 in
2373 3224 2559 3277 opere:
2616 3208 2870 3276 Ophitae,

559 3288 894 3344 Dissertatio
932 3287 1556 3356 historico-theologica3
1601 3288 1777 3342 Paris.
1806 3304 1891 3356 ap.
1927 3288 2275 3343 Lethellieux
2306 3289 2457 3342 1884.
2530 3287 2868 3342 Sententiam

557 3368 784 3436 Josephi
829 3369 895 3422 de
933 3369 1125 3423 Haller
1169 3368 1368 3422 ibidem
1416 3383 1509 3436 pp.
1556 3370 1663 3421 280
1699 3383 1814 3435 sqq.
1865 3368 2143 3422 examinat
2190 3372 2245 3421 et
2292 3367 2481 3421 solidis
2529 3357 2871 3435 argumentis

558 3447 780 3502 refellit.
2858 3495 2870 3505 .

733 3523 777 3592 ³)
813 3526 1190 3593 Geheimlehre
1219 3527 1325 3580 und
1355 3526 1832 3581 Geheimstatuten
1865 3527 1960 3580 des
1988 3525 2463 3592 Templerordens,
2499 3524 2688 3578 Berlin
2714 3524 2869 3589 1879,

733 3681 779 3751 ⁸)
819 3681 1029 3736 Ibidem
1065 3697 1117 3748 p.
1155 3684 1238 3736 58.

731 3758 778 3826 ⁴)
814 3761 874 3813 P.
917 3761 1000 3812 70.

732 3836 779 3904 ὃ)
816 3837 899 3891 La
937 3837 1185 3892 doctrine
1223 3841 1434 3893 secrete
1469 3838 1565 3893 des
1601 3840 1926 3907 Templiers,
1965 3838 2122 3893 Paris
2163 3840 2315 3893 1872.

725 3915 778 3981 .⁶)
815 3916 880 3970 N.
910 3917 1265 3984 DeschampS‚
1290 3917 1398 3971 Les
1424 3917 1658 3972 societes
1696 3921 1935 3973 secretes
1972 3924 2031 3972 et
2066 3918 2122 3971 la
2160 3917 2385 3983 sociem,
2423 3933 2492 3972 ou
2519 3915 2865 3986 philosophie

556 3997 622 4050 de
667 3995 940 4052 l'histoire
990 3995 1451 4064 contemporaine.
1522 3996 1822 4051 Deuxieme
1859 3995 2095 4062 edition,
2134 3997 2303 4051 Tome
2341 3997 2385 4050 I.
2426 3997 2490 4051 L.
2535 3997 2608 4049 H.
2656 3995 2754 4049 Ch.
2785 3995 2863 4048 I.:

555 4074 664 4128 Les
701 4074 943 4144 origines
983 4076 1050 4129 de
1086 4076 1142 4129 la
1176 4075 1720 4144 Francmaconnerie3
1758 4076 1806 4130 5.
1842 4075 1948 4130 Les
1986 4076 2286 4142 templiers,
2335 4075 2635 4142 quati-ieme
2674 4089 2862 4129 source

556 4154 623 4208 de
660 4154 716 4208 la
754 4153 1096 4224 maconnerie
1137 4155 1342 4222 (Paris,
1380 4155 1556 4209 Oudin
1586 4155 1784 4210 Freres
1819 4156 1996 4220 1880).
