3281 5014
301 578 595 624 Commendae.

441 3784 485 3860 ><

623 428 727 479 218
1040 423 1280 492 {XXXIL
1317 424 1399 478 De
1434 422 1793 477 Pontificibus
1828 423 2107 478 Avenione
2146 422 2507 477 commoratiS.

805 567 904 631 74.
968 564 1490 631 Commendae.
1554 601 1642 608 —
1709 562 1908 649 Origo
1970 562 2505 650 commendaram*
2540 564 2943 649 ,perantiqua

625 669 722 728 est
771 663 837 727 in
889 661 1190 727 Ecclesia.
1288 661 1546 726 Etenim
1595 664 1732 746 jam
1789 684 1827 725 a
1884 651 2105 745 priscis
2160 661 2556 744 temporibus
2612 683 2765 725 usus
2819 661 2936 726 ob·

621 760 853 836 tinuit,
924 763 1000 823 ut
1058 760 1320 824 ecclesia
1388 757 1761 841 episcopalis
1830 763 1944 822 aut
2009 760 2138 824 alia
2190 757 2292 821 vel
2358 757 2621 823 abbatia
2682 779 2938 847 ins,

622 856 1178 921 commendaretur
1252 853 1671 919 custodienda
1748 860 1812 919 et
1886 853 2403 919 administranda
2479 854 2770 938 episcopo
2832 852 2936 917 vel

620 937 837 1042 abbati
857 953 878 960 ”
889 954 1027 1037 jam
1087 952 1416 1016 ecclesiam
1469 950 1874 1016 abbatiamve
1930 950 2224 1033 habenti,
2283 950 2486 1015 donec
2547 973 2748 1016 novus
2800 953 2940 1034 epi-

619 1071 845 1133 scopus
908 1049 1006 1112 vel
1072 1048 1364 1113 sacerdos
1433 1054 1545 1112 aut
1608 1048 1805 1111 abbas
1869 1053 2040 1113 esset
2095 1047 2499 1113 constitutus.
2616 1046 2719 1112 Sic
2780 1048 2932 1132 legi·

620 1168 757 1211 mus
824 1168 875 1210 e.
934 1167 997 1231 g.
1063 1147 1130 1210 in
1210 1146 1390 1228 epist.
1464 1143 1526 1209 S.
1593 1144 1917 1209 Ambrosii
1987 1144 2066 1207 ad
2131 1143 2584 1209 Constantium
2649 1141 2776 1228 (ep.
2837 1144 2937 1223 2):

623 1238 1005 1307 Commendo
1063 1239 1213 1321 tibi,
1275 1239 1404 1321 fili,
1467 1238 1793 1305 ecclesiam
1855 1258 2019 1321 quae
2076 1243 2170 1303 est
2224 1239 2310 1304 ad
2364 1239 2588 1322 forum
2649 1237 2935 1305 Cornelii

618 1339 876 1420 (Imola)
895 1389 910 1416 ,
974 1359 1099 1421 quo
1155 1357 1295 1402 eam
1353 1337 1429 1401 de
1476 1336 1785 1420 proximo
1836 1334 2189 1400 intervisas
2238 1334 2678 1418 frequentiae,
2740 1335 2942 1402 donec

617 1433 677 1498 ei
722 1433 1065 1499 ordinetur
1121 1433 1467 1517 episcopus.
1562 1433 1930 1516 Occupatus
1984 1431 2207 1497 diebus
2259 1430 2719 1516 inyruentibus
2775 1452 2933 1514 qua-

618 1529 1047 1613 drayesimae,
1119 1535 1254 1596 tam
1320 1530 1503 1614 lonqe
1566 1550 1699 1595 non
1753 1548 2023 1612 possum
2086 1549 2444 1594 excurrere.
2521 1565 2607 1574 —-
2669 1529 2941 1594 Praeter

618 1629 926 1713 ejusmodi
985 1629 1392 1695 commendas
1440 1629 1519 1693 ad
1565 1633 1851 1710 tempuS,
1911 1626 2104 1690 variis
2158 1648 2237 1691 ex
2282 1627 2486 1691 causis
2543 1626 2734 1691 etiam
2784 1648 2932 1691 con-

616 1724 1012 1790 cedebantur
1068 1724 1475 1815 commendae
1536 1728 1902 1809 perpetuae.
1995 1723 2263 1800 Quando
2321 1723 2620 1787 videlicet
2679 1722 2933 1787 evenie-

616 1821 754 1899 bat,
814 1828 884 1886 ut
931 1809 1227 1888 ecclesiae
1274 1809 1675 1886 cathedrales
1722 1817 2006 1884 hostium
2063 1842 2172 1884 seu
2225 1819 2642 1885 barbarorum
2689 1819 2935 1903 impetu

616 1922 837 1983 essent
901 1922 1194 1983 vastatae
1259 1923 1324 1982 et
1387 1918 1667 2001 episcopi
1731 1919 1880 1984 inde
1934 1916 2254 1982 discedere
2316 1922 2731 2000 cogerentur,
2799 1915 2931 1980 Ro-

616 2014 790 2077 mani
864 2013 1212 2079 Pontifices
1272 2014 1385 2078 hos
1450 2014 1549 2077 vel
1629 2015 2088 2098 praeficiebant
2155 2012 2296 2077 aliis
2365 2013 2643 2077 ecclesiis
2712 2012 2938 2078 cathe-

615 2109 897 2174 dralibus
959 2116 1116 2175 tunc
1181 2111 1588 2189 vacantibus,
1657 2112 1755 2176 vel
1817 2113 1908 2177 eis
1972 2109 2509 2176 commendabant
2573 2109 2640 2174 in
2713 2132 2939 2193 perpe-

615 2211 799 2270 tuum
847 2207 1166 2286 abbatiaS,
1213 2212 1286 2271 ut
1333 2229 1412 2270 ex
1457 2207 1687 2272 harum
1737 2208 2094 2273 redditibus
2139 2206 2454 2271 viverent.
2520 2204 2626 2271 Ita
2671 2205 2733 2271 S.
2771 2205 2933 2271 Gre-

615 2303 830 2385 gorius
880 2303 968 2368 M.
1019 2303 1122 2384 (L.
1167 2303 1289 2371 111.
1336 2326 1434 2387 ep.
1489 2301 1619 2386 13.)
1715 2305 2055 2389 Agnellum
2115 2304 2475 2387 episcopum
2535 2300 2937 2380 Fundorum,

616 2403 872 2464 vastata
934 2401 1016 2464 ab
1077 2400 1369 2466 hostibus
1432 2400 1694 2464 civitate
1758 2400 2100 2483 Fundana,
2161 2401 2503 2465 constituit
2565 2400 2930 2484 episcopum

616 2496 913 2562 ecclesiae
982 2495 1494 2574 Terracinensis,
1564 2496 1722 2562 adeo
1791 2500 1866 2562 ut
1934 2498 2046 2563 uni
2112 2496 2390 2582 Agnello
2458 2496 2692 2580 duplex
2763 2507 2935 2562 esset

613 2593 905 2671 ecclesia,
957 2595 1162 2657 altera
1207 2595 1274 2657 in
1318 2593 1612 2671 titulum,
1662 2595 1865 2659 altera
1911 2596 1980 2658 in
2027 2593 2484 2659 commendam.
2580 2590 2714 2672 Sic,
2771 2595 2927 2660 scri·

612 2690 710 2755 bit
782 2689 1082 2754 Pontifex
1099 2739 1114 2768 ,
1195 2693 1254 2753 te
1322 2688 1813 2755 Terracinensis
1872 2690 2165 2755 ecclesiae
2232 2689 2629 2755 cardinalem
2694 2689 2931 2754 consti-

612 2784 863 2851 tuimus
929 2804 1061 2849 esse
1127 2785 1547 2862 sacerdotem,
1628 2790 1705 2850 ut
1778 2791 1840 2851 et
1900 2784 2277 2852 Fundensis
2344 2785 2639 2851 ecclesiae
2704 2786 2924 2869 ponti·

606 2881 723 2964 fex
761 2901 893 2945 esse
936 2901 1069 2947 non
1114 2881 1392 2962 desinas,
1440 2902 1555 2947 nec
1601 2903 1828 2948 curam
1861 2882 2525 2967 yubernationemque
2555 2882 2695 2965 ejus
2730 2902 2931 2966 prae-

610 2981 833 3042 tereas
923 2978 1102 3043 Idem
1163 2978 1505 3054 Pontifex,
1573 2978 1674 3059 (L.
1732 2978 1782 3045 I.
1845 3003 1940 3064 ep.
1999 2980 2138 3065 40.)
2202 2981 2348 3045 dum
2423 2980 2729 3045 Paulinus
2792 2982 2925 3064 epi-

608 3098 835 3159 scopus
910 3076 1327 3141 Taurinensis
1414 3077 1483 3140 in
1563 3075 1817 3158 Sicilia,
1900 3083 2048 3161 post
2120 3082 2436 3142 vastatam
2519 3100 2556 3140 a
2632 3077 2929 3142 barbaris

608 3173 934 3238 civitatem
1005 3177 1353 3238 secesserat
1416 3171 1816 3255 Messanam,
1884 3173 1977 3238 ibi
2045 3174 2103 3237 ei
2171 3174 2639 3238 commendavit
2711 3196 2925 3238 mona-

607 3271 889 3334 sterium.
995 3268 1089 3333 Et
1148 3266 1267 3332 tibi
1325 3271 1593 3351 yratum
1658 3268 2067 3350 confidimus,
2131 3270 2356 3334 scribit
2419 3270 2498 3334 ad
2560 3271 2920 3354 episcopum

608 3364 1088 3430 Messanensem
1110 3415 1125 3439 ,
1203 3364 1262 3428 si
1332 3364 1577 3447 fratris
1653 3364 1756 3431 tui
1826 3364 2217 3432 venerabilis
2291 3364 2570 3449 episcopi
2645 3364 2928 3431 Paulini

595 3459 1156 3543 pereyrinationis
1201 3481 1400 3525 onera
1446 3461 1845 3546 releventur,
1907 3467 1967 3527 et
2013 3463 2130 3528 sub
2177 3463 2318 3547 ejus
2363 3461 2712 3544 reyimine,
2759 3482 2921 3526 com·

606 3557 793 3622 muni
852 3556 1156 3637 mercede,
1223 3556 1391 3622 beati
1454 3556 1781 3624 Theodori
1836 3560 2306 3626 monasterium
2361 3559 2436 3624 in
2490 3557 2748 3623 civitate
2804 3562 2927 3623 tua

598 3653 960 3733 fundatum
1027 3652 1385 3718 studiosius
1453 3654 1882 3737 omnipotenti
1950 3656 2093 3721 Deo
2164 3656 2499 3721 deserviat.
2578 3692 2665 3702 —
2747 3656 2926 3720 Dum

606 3751 935 3834 episcopus
984 3752 1080 3815 vel
1142 3752 1431 3816 sacerdos
1488 3760 1603 3815 aut
1658 3754 1855 3818 abbas
1911 3780 1945 3818 e
2000 3777 2114 3820 sua
2171 3755 2433 3820 ecclesia
2492 3759 2605 3818 aut
2660 3753 2919 3817 abbatia

604 3869 738 3911 non
784 3846 1063 3912 habebat
1108 3853 1427 3932 quantum
1477 3848 1556 3912 ad
1604 3848 1949 3914 honestam
1983 3852 2153 3915 vitae
2198 3850 2732 3916 sustentationem
2780 3856 2927 3914 erat

604 3945 1065 4022 necessarium,
1143 3945 1201 4008 ei
1280 3944 1665 4028 quandoque
1739 3945 2308 4012 commendabatur
2380 3948 2584 4011 altera
2656 3946 2921 4011 ecclesia

604 4048 720 4105 aut
795 4040 1077 4106 abbatia.
1202 4040 1531 4106 Interdum
1613 4042 1808 4106 etiam
1886 4042 2161 4108 Romani
2234 4043 2579 4108 Pontifices
2656 4048 2927 4126 propter

602 4138 911 4202 incuriam
972 4137 1342 4203 clericorum
1407 4140 1517 4222 qui
1580 4139 1649 4203 in
1713 4139 1901 4203 certis
1974 4141 2252 4205 ecclesiis
2316 4163 2493 4205 sacro
2561 4140 2925 4204 ministerio
