3281 5014
1117 385 1197 437 De
1240 382 1691 437 condemnatione
1726 381 1934 435 Hussii.
2577 382 2684 437 331

368 532 514 610 post
558 549 664 591 eos
713 526 1165 591 Protestantes
1213 547 1286 589 ac
1332 525 1672 601 increduli,
1721 522 1958 606 duplici
2004 523 2193 587 modo
2242 524 2481 588 factum
2534 546 2690 606 esse,

375 620 442 686 1⁰
486 622 657 707 quod
702 624 773 687 in
822 644 1138 688 carcerem
1185 624 1513 705 conjectus
1559 621 1759 684 fuerit
1809 618 2005 682 etiam
2055 624 2208 684 ante
2249 620 2563 703 judicium
2611 621 2687 685 de

370 742 556 785 causa
613 720 812 803 ipsius
863 721 1087 784 latum.
1200 718 1270 782 2⁰
1325 717 1505 794 Quod
1561 717 1709 780 dein
1763 716 2070 799 supplicio
2128 717 2418 781 addictus
2471 716 2686 783 fuerit.

371 816 497 882 Sed
544 817 717 881 nullo
763 815 950 880 modo
982 817 1292 879 violatum
1333 816 1533 878 fuisse
1576 814 1763 877 illum
1809 812 2056 876 salvu'm
2085 814 2473 877 conductum
2520 814 2688 879 clare

371 914 654 997 patebit,
701 919 841 978 tum
887 914 941 976 si
989 912 1238 977 indoles
1287 911 1494 993 hujus,
1523 909 1891 975 documenti
1939 910 2388 995 perpenditur,
2449 915 2585 975 tum
2634 913 2687 974 si

368 1012 744 1075 testimonia
789 1030 1167 1074 coaevorum
1214 1008 1665 1091 respiciuntur.

548 1109 649 1172 56.
706 1107 849 1172 Jam
909 1106 1213 1181 diximus,
1275 1104 1434 1169 nihil
1494 1104 1668 1167 aliud
1728 1124 1861 1166 esse
1919 1102 2103 1166 illum
2158 1103 2401 1166 salvum
2451 1105 2681 1168 condu-

370 1211 575 1282 ctum,
637 1204 763 1269 nisi
829 1205 1082 1267 litteras
1144 1225 1260 1285 pro
1305 1202 1655 1265 securitate
1716 1200 1995 1265 itineris,
2088 1198 2366 1264 Hussius
2429 1201 2686 1284 quando

374 1301 640 1366 Romam
688 1302 925 1365 citatus
957 1304 1116 1377 erat,
1165 1299 1647 1363 excusationem
1675 1295 1824 1360 inde
1870 1296 2168 1379 petierat,
2211 1297 2381 1380 quod
2428 1305 2689 1380 propter

368 1398 635 1463 insidias
700 1398 1205 1461 adversariorum
1273 1417 1533 1460 suorum
1603 1393 1916 1477 ejusmodi
1979 1393 2105 1456 iter
2172 1393 2482 1457 conficere
2552 1416 2682 1458 non

369 1499 600 1579 posset.
711 1494 953 1558 Contra
1013 1493 1177 1557 tales
1236 1492 1502 1557 insidias
1559 1491 1763 1573 igitur
1826 1512 1863 1552 a
1921 1487 2335 1574 Sigismundo
2392 1495 2686 1575 protege·

369 1592 560 1655 batur
608 1598 744 1654 tum
795 1590 1027 1654 additis
1066 1590 1404 1654 comitibus
1446 1586 1751 1651 Bohemis
1797 1586 2139 1661 nobilibus,
2188 1592 2327 1650 tum
2374 1591 2687 1652 concessis

367 1688 496 1752 illis
540 1688 806 1768 litteris,
860 1687 1092 1771 quibus
1149 1687 1284 1768 ipse
1331 1682 1693 1767 Imperator
1750 1704 1894 1746 eum
1942 1682 2331 1765 suscipiebat
2385 1684 2454 1748 in
2502 1707 2685 1748 suam

371 1785 833 1867 protectionem
873 1805 987 1868 pro
1026 1782 1424 1866 profectione
1469 1802 1541 1844 ac
1575 1800 1705 1861 pro
1735 1777 1970 1844 reditu.
2041 1779 2211 1844 Dum
2259 1802 2409 1845 vero
2442 1781 2685 1845 reditus

369 1885 929 1956 commemoratur,
1001 1878 1065 1943 id
1122 1883 1379 1943 tantum
1444 1879 1796 1962 significat,
1868 1877 2180 1941 Hussium
2244 1878 2438 1943 etiam
2502 1880 2555 1942 si
2616 1899 2684 1941 re

369 1977 661 2042 confecta
706 1982 772 2039 et
818 1976 1223 2040 absolutione
1265 1975 1534 2038 obtenta
1581 1975 1840 2050 rediret,
1886 1974 2131 2056 pariter
2176 1974 2245 2036 in
2291 1975 2402 2039 illo
2449 1975 2685 2040 itinere

367 2074 782 2158 Imperatoris
844 2073 1248 2156 protectione
1309 2072 1523 2152 ampla
1577 2069 1880 2153 gaudere.
1942 2107 2023 2114 —
2089 2069 2482 2134 Nullatenus
2536 2093 2687 2136 vero

366 2171 610 2235 talibus
658 2170 895 2233 litteris
943 2168 1219 2232 Hussius
1264 2164 1767 2230 subtrahebatur
1821 2168 2184 2231 sententiae
2233 2167 2525 2251 judicum
2583 2190 2684 2232 or-

367 2267 763 2331 dinariorum
825 2287 1114 2347 suorum,
1182 2264 1261 2328 ad
1322 2286 1482 2347 quos
1545 2263 1684 2346 ipse
1757 2265 2223 2346 appellaverat,
2294 2264 2396 2326 vel
2462 2268 2684 2328 contra

368 2386 588 2429 eorum
637 2363 1027 2426 sententiam
1072 2361 1554 2445 protegebatur.
1626 2358 1815 2423 Certe
1862 2361 2206 2425 absurdum
2257 2365 2442 2438 esset,
2494 2361 2684 2425 alicui

366 2461 616 2525 litteras
658 2459 1021 2524 securitatis
1062 2467 1393 2543 praestare
1448 2456 1517 2521 in
1565 2478 1707 2521 eum
1757 2457 1978 2539 finem,
2028 2461 2104 2521 ut
2141 2456 2468 2543 judicibus
2517 2458 2681 2523 ordi·

364 2558 564 2622 nariis
610 2579 679 2621 se
711 2557 938 2620 sistere
985 2557 1206 2639 possit,
1252 2554 1565 2638 simulque
1599 2554 1795 2617 etiam
1844 2575 1988 2617 eum
2033 2561 2262 2619 contra
2289 2556 2681 2620 sententiam

366 2655 593 2720 horum
629 2653 919 2740 judicum
966 2658 1303 2736 protegere
1349 2651 1531 2714 velle.
1582 2686 1672 2695 —
1717 2649 1958 2713 Eadem
2004 2651 2254 2715 ratione
2300 2652 2498 2716 etiam
2546 2652 2682 2735 ipsa

367 2751 667 2835 Synodus
737 2750 986 2816 salvum
1053 2749 1440 2814 conductum
1509 2747 1822 2812 concessit
1885 2746 2281 2830 Hieronymo
2344 2747 2677 2834 Pragensi,

367 2849 558 2912 simul
612 2846 982 2923 advertens,
1043 2845 1284 2910 talibus
1341 2844 1580 2908 litteris
1635 2866 1780 2907 eum
1836 2844 2086 2927 protegi
2142 2851 2367 2908 contra
2426 2868 2676 2909 omnem

366 2946 494 3009 vim
542 2944 967 3027 illegitimam,
1015 2965 1147 3007 non
1193 2964 1345 3005 vero
1392 2945 1618 3005 contra
1657 2939 1948 3024 judicum
1994 2942 2409 3006 sententiam.

543 3042 646 3105 57.
699 3039 1151 3124 sigismundus
1196 3038 1450 3122 quidem
1496 3036 1689 3101 initio
1736 3037 2036 3118 opinatus
2081 3042 2198 3115 est,
2244 3038 2489 3101 salvum
2536 3059 2679 3102 con-

365 3139 625 3203 ductum
679 3138 987 3201 violatum
1046 3158 1120 3200 eo
1162 3156 1327 3209 esse,
1383 3134 1554 3218 quod
1603 3133 1883 3197 Hussius
1939 3140 2093 3196 ante
2139 3154 2396 3198 causam
2435 3135 2679 3219 judica·

364 3241 496 3299 tam
546 3234 874 3299 custodiae
920 3232 1194 3296 traditus
1226 3235 1412 3308 esset,
1456 3236 1522 3295 et
1568 3252 1762 3314 quum
1812 3229 2043 3292 absens
2093 3235 2281 3306 esset,
2329 3229 2448 3295 hac
2492 3232 2567 3295 de
2612 3254 2680 3295 re

364 3354 478 3416 per
533 3332 800 3394 nuntios
857 3333 1245 3413 conquestus
1307 3333 1424 3391 est.
1536 3326 1788 3390 Pariter
1841 3326 2093 3390 nobiles
2154 3325 2418 3392 Bohemi
2473 3333 2680 3410 prote-

365 3428 682 3493 stationes
715 3431 939 3491 eontra
986 3426 1557 3491 incarcerationem
1592 3423 1812 3487 Hussii
1842 3423 2213 3489 emiserunt.
2293 3423 2417 3489 Sed
2459 3425 2682 3488 aderat

366 3524 679 3589 motivum
718 3522 1094 3607 juridicum,
1153 3527 1228 3585 ut
1282 3521 1606 3585 custodiae
1651 3520 2048 3601 traderetur,
2107 3542 2181 3586 eo
2239 3521 2409 3604 quod
2456 3525 2680 3586 contra

364 3620 849 3703 suspensionem
887 3641 921 3682 a
955 3619 1206 3684 Joanne
1236 3617 1491 3682 XXIII.
1541 3617 1661 3700 ipsi
1711 3616 2020 3682 inflictam
2067 3617 2285 3681 divina
2326 3624 2677 3701 perageret,

365 3724 431 3783 et
477 3739 612 3781 non
646 3709 1055 3780 obstantibus
1085 3716 1347 3779 monitis
1379 3716 1655 3797 episcopi
1690 3714 2228 3791 Constantiensi8‚
2277 3715 2677 3779 allocutioni-

364 3816 483 3879 bus
531 3817 597 3876 et
642 3812 1142 3876 discussionibus
1188 3812 1322 3875 suis
1367 3812 1606 3875 multos
1662 3815 2078 3894 perverteret.
2171 3809 2360 3875 Certe
2404 3811 2680 3894 legitimi

365 3917 432 3975 et
477 3909 781 3974 ordinarii
828 3911 967 3993 ejus
1014 3908 1260 3990 judices
1316 3909 1510 3972 talem
1557 3909 1761 3971 virum
1821 3906 2243 3990 periculosum
2295 3912 2360 3973 et
2406 3908 2482 3971 de
2529 3908 2680 3972 hae-

363 4009 485 4073 resi
534 4008 810 4071 maxime
856 4011 1239 4088 suspectum,
1288 4008 1361 4067 ut
1407 4004 1730 4068 custodiae
1778 4004 2084 4069 honestae
2130 4005 2532 4081 mandarent,
2571 4006 2680 4088 jus

361 4104 713 4169 habebant.
804 4103 1006 4187 quue
1055 4102 1249 4166 etiam
1298 4122 1443 4164 mox
1493 4099 1940 4186 Sigismundus
1986 4101 2347 4185 Imperator
2391 4104 2679 4185 agnovit.
