3281 5014
1059 430 1448 498 Depositiones
1485 430 1930 498 Templariorum.
2552 433 2653 485 123

344 570 603 636 dicebat
641 571 727 633 40
773 592 1089 636 annorum
1139 572 1235 635 vel
1285 573 1477 649 circa,
1533 574 1646 657 qui
1694 571 1947 636 dicebat
1994 592 2063 636 se
2108 572 2308 637 fuisse
2362 573 2432 637 in
2481 572 2651 638 dicto
2670 568 2990 675 Gussfffmdff

348 665 589 730 Ordine
635 665 1144 749 Templariorum
1203 690 1312 752 per
1359 674 1502 733 octo
1549 691 1755 736 annos
1802 674 1954 732 ante
2001 668 2366 752 captionem
2412 691 2649 746 eorum,
2815 647 2889 676 ω’

499 811 515 827 .
573 762 902 845 respondit
961 770 1035 827 ut
1096 765 1407 849 sequitur.
1521 764 1606 829 Et
1666 766 1872 849 primo
1934 764 2014 829 ad
2078 765 2315 848 primos
2376 772 2653 848 quatuor

343 859 646 924 articulos
706 861 784 923 de
845 860 1277 945 abnegatione
1338 862 1532 938 dixit,
1597 884 1667 926 se
1734 862 1979 926 nescire
2042 860 2210 945 quod
2274 862 2654 926 servabatur

344 957 413 1020 in
474 961 615 1022 toto
665 955 906 1021 Ordine
961 957 1039 1021 de
1097 960 1417 1025 contentis
1475 960 1544 1022 in
1600 960 1754 1042 ipsis
1808 959 2129 1034 articulis,
2189 960 2296 1023 sed
2353 958 2654 1023 credebat

344 1075 533 1135 super
587 1051 707 1118 hoc
761 1056 1002 1131 servari
1059 1055 1224 1138 quod
1278 1059 1601 1119 servatum
1662 1057 1729 1120 in
1787 1055 2150 1139 receptione
2203 1077 2321 1119 sua
2367 1056 2539 1120 facta
2584 1055 2652 1119 in

343 1150 586 1233 capella
655 1150 880 1214 domus
949 1150 1198 1234 Templi
1266 1151 1343 1215 de
1410 1152 1599 1217 Buris
1670 1152 2104 1237 Lingonensis
2171 1152 2472 1217 dioecesis
2543 1173 2655 1235 per

343 1246 612 1310 fratrem
676 1246 751 1311 P.
820 1247 897 1311 de
958 1246 1250 1331 Scivreys
1316 1258 1793 1333 praeceptorem
1864 1255 2023 1313 tunc
2090 1249 2297 1313 dictae
2365 1248 2651 1313 domuS.“

346 1342 560 1407 Factis
609 1345 946 1408 ‚consuetis
1008 1345 1492 1428 quaestionibus
1558 1349 1625 1409 et
1683 1346 2105 1410 caeremoniis
2167 1345 2415 1422 „dictus
2480 1365 2651 1409 rece-

345 1443 490 1522 ptor
535 1439 802 1504 tradidit
845 1440 966 1504 sibi
1013 1441 1412 1505 mantellum.
1503 1441 1640 1516 Quo
1688 1441 1925 1506 tradito
1962 1442 2211 1525 juravit
2254 1441 2418 1506 idem
2465 1441 2652 1506 testis

342 1557 534 1619 super
580 1536 861 1617 missale,
914 1538 1125 1620 posita
1183 1559 1376 1601 manu
1435 1539 1503 1601 in
1565 1539 1705 1603 loco
1763 1539 1871 1602 ubi
1934 1542 2074 1601 erat
2132 1559 2340 1603 canon
2398 1539 2650 1615 missae,

344 1632 697 1696 mandante
743 1631 914 1696 dicto
960 1639 1312 1717 receptore,
1364 1633 1531 1717 quod
1584 1639 1754 1698 esset
1800 1634 2100 1698 obediens
2147 1636 2500 1717 praeceptis
2545 1656 2651 1697 su-

342 1729 662 1810 periorum
721 1752 984 1794 suorum
1040 1732 1312 1815 ordiniS‚
1371 1730 1481 1795 sed
1541 1729 1705 1794 nihil
1768 1729 1940 1795 aliud
1991 1732 2266 1814 juravit,
2330 1736 2403 1794 ut
2467 1731 2649 1794 dixit.

342 1823 500 1889 Post
558 1825 798 1890 dictum
851 1832 1070 1890 autem
1122 1829 1570 1911 juramentum
1631 1826 1799 1890 dixit
1856 1827 2217 1911 praedictus
2275 1834 2650 1911 praeceptor

345 1922 548 1986 eidem
608 1923 801 2004 testi,
861 1922 1031 2007 quod
1089 1924 1436 1987 secundum
1493 1931 1735 2006 puncta
1783 1922 2041 1988 Ordinis
2102 1945 2319 1988 eorum
2377 1923 2650 1989 debebat

343 2018 663 2104 abnegare
722 2016 1074 2083 Christum,
1174 2020 1270 2084 De
1331 2042 1457 2104 quo
1519 2019 1691 2083 idem
1755 2019 1942 2084 testis
2005 2019 2132 2083 fuit
2187 2020 2371 2084 valde
2432 2023 2647 2103 stupe-

339 2116 580 2193 factus,
645 2121 719 2180 ut
781 2115 972 2197 dixit,
1029 2115 1138 2179 sed
1196 2117 1544 2181 mandante
1609 2117 1827 2182 eodem
1888 2122 2240 2199 receptore,
2304 2116 2652 2201 abnegavit

343 2233 449 2276 ore
505 2216 794 2288 tantum,
855 2235 988 2278 non
1043 2213 1229 2278 corde
1284 2218 1358 2278 ut
1415 2213 1595 2278 dixit.
1688 2213 1825 2288 Quo
1879 2213 2078 2289 facto,
2140 2212 2304 2277 idem
2354 2218 2649 2296 receptor

342 2309 538 2384 dixit,
605 2309 775 2392 quod
840 2308 1046 2373 adhuc
1104 2310 1294 2373 etiam
1352 2311 1700 2375 secundum
1764 2315 2004 2393 puncta
2072 2309 2313 2374 ordinis
2375 2310 2651 2375 debebat

343 2428 568 2488 spuere
643 2427 832 2489 super
899 2428 1186 2482 crucem,
1264 2410 1332 2470 et
1406 2408 1622 2471 ablata
1693 2429 1811 2490 per
1885 2407 2123 2471 dictum
2203 2407 2648 2491 presbyterum

341 2501 685 2584 (Joannem
741 2502 1169 2586 Templarium
1228 2506 1659 2586 praesentem)
1718 2504 1795 2568 de
1851 2504 2037 2569 altari
2091 2503 2365 2589 quadam
2414 2525 2649 2588 magna

341 2621 525 2664 cruce
573 2601 936 2676 metallina,
984 2602 1054 2665 in
1102 2623 1226 2685 qua
1272 2608 1414 2664 erat
1457 2603 1707 2686 sculpta
1753 2603 1964 2686 imago
2013 2601 2346 2677 Crucifixi,
2405 2608 2471 2665 et
2514 2608 2646 2664 tra-

341 2697 476 2760 dita
531 2695 700 2762 dicto
757 2697 1068 2780 receptori
1130 2698 1336 2761 dictus
1402 2699 1611 2775 testis,
1679 2699 2029 2763 mandante
2092 2698 2262 2762 dicto
2324 2701 2648 2780 receptore

343 2792 511 2877 quod
580 2798 836 2875 spueret
898 2816 1090 2878 super
1154 2815 1327 2875 eam,
1387 2797 1560 2878 spuit
1614 2818 1749 2860 non
1810 2817 2002 2878 super
2060 2795 2169 2860 sed
2230 2817 2425 2878 prope
2486 2813 2647 2871 eam,

342 2912 534 2973 quam
581 2890 749 2953 idem
807 2896 1179 2974 praeceptor
1236 2892 1503 2956 tenebat
1555 2892 1729 2956 inter
1775 2893 1933 2956 duas
1980 2914 2208 2956 manus
2264 2914 2413 2956 suas
2459 2912 2650 2973 super

340 2994 596 3050 terram.
706 2987 868 3052 Post
926 2987 1248 3070 praedicta
1311 3010 1459 3052 vero
1524 2989 1688 3053 dixit
1752 2989 2154 3073 supradictus
2213 2989 2414 3052 frater
2475 2986 2647 3051 Mar·

340 3085 520 3147 tinus
568 3081 917 3166 (praesens)
972 3084 1141 3148 dicto
1191 3086 1528 3168 receptori,
1589 3087 1752 3170 quod
1812 3085 2018 3150 adhuc
2058 3085 2399 3149 omittebat
2445 3105 2649 3147 unum

340 3179 418 3243 de
477 3181 732 3262 punctis
794 3181 1035 3244 ordinis
1096 3180 1389 3245 videlicet
1449 3183 1525 3246 de
1580 3184 1794 3246 osculo
1855 3183 2209 3266 posteriori.
2276 3231 2291 3245 .
2343 3232 2357 3246 .
2414 3231 2429 3245 .
2488 3179 2647 3243 Cum

342 3276 509 3340 idem
574 3278 759 3341 testis
821 3277 1200 3341 surrexisset
1268 3277 1522 3342 obedire
1592 3279 1814 3343 volens
1884 3283 2144 3362 propter
2204 3279 2644 3363 juramentum

341 3374 724 3457 praestitum
785 3396 899 3458 per
961 3374 1274 3452 eumdem,
1338 3374 1545 3439 dictus
1588 3379 1896 3459 receptor
1953 3375 2116 3438 dixit
2171 3377 2256 3453 ei,
2322 3374 2490 3457 quod
2546 3396 2649 3437 re-

344 3469 642 3535 mittebat
708 3471 830 3534 sibi
890 3470 1130 3534 dictum
1195 3471 1514 3559 osculum,
1583 3473 1733 3555 quia
1798 3475 1936 3535 erat
1997 3471 2306 3535 sacerdos,
2412 3470 2649 3554 Requi-

342 3568 535 3645 situs,
599 3569 652 3630 si
713 3567 983 3643 sciebat,
1054 3589 1130 3631 ex
1189 3589 1315 3649 qua
1374 3590 1559 3632 causa
1617 3569 1858 3632 fiebant
1918 3567 2286 3650 supradicta
2346 3568 2646 3643 nefanda,

338 3663 502 3727 dixit
565 3664 733 3747 quod
803 3686 963 3741 non,
1034 3668 1098 3727 et
1165 3663 1333 3746 quod
1403 3670 1812 3748 praeceptum
1883 3665 2008 3728 fuit
2078 3665 2166 3739 ei,
2236 3684 2349 3747 per
2408 3662 2649 3727 dictum

342 3766 765 3843 receptorem,
835 3761 1006 3845 quod
1067 3782 1200 3824 non
1262 3762 1578 3824 revelaret
1644 3762 1993 3842 praedicta,
2063 3762 2211 3844 quia
2272 3760 2324 3823 si
2389 3760 2646 3838 faceret,

338 3858 408 3920 in
455 3856 743 3922 districto
800 3879 1050 3923 carcere
1108 3861 1470 3940 poneretur.
1563 3855 1996 3922 Nihilominus
2053 3862 2273 3921 tamen
2327 3856 2495 3920 idem
2549 3861 2644 3920 te-

340 3954 484 4036 stis,
529 3959 604 4019 ut
651 3955 844 4030 dixit,
898 3955 1026 4018 fuit
1069 3956 1397 4018 confessus
1441 3954 1765 4037 praedicta
1809 3955 1980 4018 infra
2027 3961 2170 4018 octo
2216 3953 2349 4017 dies
2398 3975 2435 4016 a
2480 3958 2644 4018 tem—

342 4072 492 4132 pore
559 4052 946 4134 receptionis
1015 4073 1167 4114 suae
1235 4051 1492 4114 domino
1556 4050 1844 4115 Johanni
1909 4055 2065 4115 tunc
2129 4051 2419 4134 episcopo
2489 4050 2647 4114 Lin-

341 4148 639 4228 gonensi,
685 4156 751 4212 et
793 4148 1068 4212 absolvit
1111 4169 1280 4223 eum,
1329 4146 1622 4231 injuncta
1667 4147 1788 4212 sibi
1831 4147 2261 4230 poenitentia,
2320 4147 2486 4230 quod
2533 4168 2646 4230 per
