3281 5014
602 437 703 491 168
1024 437 1256 490 ΧΧΧΠ.
1296 437 1377 491 De
1416 436 1771 492 Pontificibus
1809 438 2088 493 Avenione
2126 438 2491 493 commorati&

600 578 858 642 maximi
903 579 1278 655 *momenti‚
1352 580 1539 663 paulo
1616 580 1818 644 fusius
1888 578 1965 643 de
2038 580 2256 644 eodem
2332 601 2520 665 agere
2598 584 2895 663 opportu-

598 696 752 739 num
799 674 941 739 erit.

807 831 910 895 21.
1002 829 1235 896 Variae
1295 854 1522 897 causae
1586 833 1831 898 reditus
1895 831 2186 917 Gregorii
2241 833 2308 897 in
2372 832 2631 897 Italiam
2687 855 2724 896 a
2785 854 2896 895 va·-

597 929 707 993 riis
788 928 1156 993 auctoribus
1232 934 1674 1008 recensentur,
1744 929 1855 994 sed
1922 929 2215 1012 pluribus
2278 930 2466 993 simul
2539 929 2895 994 rationibus

596 1047 741 1090 eum
803 1029 1050 1090 motum
1115 1024 1343 1101 fuisse,
1405 1026 1634 1090 merito
1699 1025 2087 1108 conjicimus.
2183 1023 2251 1088 1⁰
2304 1024 2498 1090 Ratio
2553 1027 2894 1110 praecipua

595 1145 668 1187 ea
725 1123 925 1187 fuisse
980 1120 1259 1199 videtur,
1319 1120 1485 1206 quod
1541 1123 1815 1187 schisma
1871 1123 2229 1186 timendum
2276 1126 2471 1200 esset,
2518 1144 2715 1206 quum
2764 1120 2894 1186 Ro-

595 1220 771 1283 mani
826 1220 1038 1302 plures
1096 1217 1427 1282 absentiae
1475 1215 1859 1284 Pontificum
1907 1218 2183 1302 pertaesi
2231 1217 2424 1303 impie
2471 1220 2894 1299 minarentur,

591 1337 659 1380 se
715 1316 908 1380 alium
971 1314 1210 1398 Papam
1263 1313 1507 1379 Romae
1566 1337 1939 1380 mansurum
1993 1316 2310 1379 electuros
2367 1337 2520 1379 esse.
2616 1313 2718 1378 Sic
2777 1315 2892 1379 Pe·

591 1417 727 1477 trus
791 1411 1137 1495 Rostagni,
1206 1410 1275 1474 in
1341 1412 1608 1495 epistola
1675 1411 1913 1495 scripta
1974 1410 2052 1475 ad
2115 1411 2435 1476 Joannem
2495 1432 2713 1496 regem
2776 1410 2891 1475 Ca-

590 1509 815 1573 stellae
880 1531 1053 1573 anno
1120 1508 1286 1571 1380
1350 1507 1450 1572 die
1520 1510 1626 1571 10·
1671 1506 2096 1592 SeptembriS,
2158 1511 2464 1586 testatur,
2521 1508 2691 1593 quod
2750 1530 2889 1573 cum

589 1607 723 1689 ipse
782 1609 947 1669 esset
991 1603 1236 1669 Romae
1291 1605 1360 1669 in
1418 1610 1629 1670 castro
1686 1603 1893 1670 sancti
1941 1604 2209 1688 Angefi,
2267 1607 2443 1687 cujus
2498 1605 2893 1689 gubernator

591 1709 730 1767 erat
788 1723 986 1784 nepos
1033 1700 1317 1786 ejusdem
1367 1700 1574 1779 Petri,
1633 1702 1988 1765 tractatum
2029 1697 2167 1781 fuit
2200 1719 2324 1781 per
2370 1698 2716 1765 nonnullos
2759 1699 2890 1764 Ro-

590 1817 818 1862 manos
879 1796 1076 1861 etiam
1138 1795 1512 1862 inductione
1573 1796 1836 1862 illorum
1900 1795 1974 1860 de
2037 1795 2245 1860 Italia
2261 1844 2278 1875 ,
2345 1795 2460 1877 qui
2522 1796 2892 1879 temporalis

586 1893 864 1959 dominii
924 1892 1135 1975 ipsius
1195 1893 1522 1958 Ecclesiae
1583 1891 2061 1960 subversionem·
2112 1897 2661 1975 procuraverant,
2725 1893 2893 1976 quod

585 1990 768 2071 fieret
804 2010 928 2072 per
969 1989 1345 2054 Romanum
1382 1988 1701 2072 populum
1748 2009 1828 2053 ex
1869 1988 1956 2053 iis
2000 2008 2175 2053 unus
2203 1988 2542 2073 Antipapa
2579 1989 2891 2073 Greyorio

589 2085 839 2152 vivente
883 2089 944 2149 et
987 2084 1063 2149 in
1109 2085 1440 2151 Avenione
1485 2085 1816 2150 existente.
1911 2085 2005 2149 Et
2047 2083 2227 2150 istud
2271 2085 2426 2150 adeo
2458 2086 2774 2169 processit
2816 2086 2887 2151 in

591 2186 810 2263 antea,
879 2182 1048 2264 quod
1110 2181 1293 2247 Rms.
1353 2180 1684 2247 Dominus
1745 2186 1806 2246 et
1867 2180 2068 2246 Pater
2127 2180 2456 2247 Dominus
2517 2181 2890 2248 Cardinalis

592 2278 656 2345 S.
704 2277 919 2358 Petri,
984 2277 1099 2359 qui
1160 2282 1315 2344 tunc
1378 2277 1626 2361 leqatus
1689 2277 2001 2342 eaeistebat
2059 2278 2133 2343 in
2193 2277 2383 2357 Urbe,
2441 2278 2581 2361 fuit
2635 2283 2890 2345 coactus

590 2374 864 2441 scribere
910 2375 1219 2457 praefato
1270 2379 1533 2440 sanctae
1577 2373 1922 2439 memoriae
1975 2373 2314 2457 Greqorio,
2373 2375 2543 2457 quod
2585 2375 2721 2441 nisi
2766 2375 2888 2441 cito

575 2493 701 2555 per
747 2473 1092 2539 adventum
1140 2474 1560 2551 succurreret,
1603 2469 1948 2555 spirituale
1992 2470 2372 2537 scandalum
2415 2471 2742 2539 Ecclesiae
2786 2472 2886 2538 in-

585 2570 779 2635 dubie
845 2568 1157 2635 sentiebat
1219 2573 1546 2652 paratum.
1656 2568 1749 2633 Et
1814 2589 1924 2651 eqo
1988 2572 2049 2632 et
2112 2567 2232 2633 alii
2294 2569 2486 2635 multi
2548 2569 2889 2635 servitores

588 2665 914 2731 Ecclesiae
969 2665 1136 2730 idem
1191 2666 1533 2730 sentientes
1590 2685 1632 2730 a
1687 2669 1856 2729 certo
1899 2665 2201 2747 praefato
2241 2669 2501 2731 sanctae
2546 2665 2888 2731 memoriae

591 2762 908 2845 Greyorio
969 2762 1458 2828 transmisimus
1512 2761 1910 2844 exponendo,
1975 2761 2142 2844 quod
2201 2761 2462 2827 omnino
2516 2762 2603 2828 ad
2660 2763 2887 2829 Urbem

587 2859 863 2938 veniret,
923 2857 981 2923 si
1033 2858 1281 2924 volebat
1315 2859 1624 2941 praefato
1685 2857 1988 2923 scandalo
2033 2856 2296 2924 indubie
2343 2857 2615 2924 obviare.
2707 2861 2887 2925 Haec

588 2960 805 3021 autem
863 2960 1163 3038 concepta
1217 2954 1475 3021 malitia
1529 2976 1662 3021 non
1718 2952 1944 3032 latuit,
2009 2954 2319 3035 quoniam
2373 2959 2434 3019 et
2487 2977 2604 3038 per
2667 2978 2887 3022 eorum

584 3052 1068 3119 ambaxiatores
1122 3052 1341 3118 abbati
1405 3050 1781 3118 Cassinensi
1841 3070 2063 3116 eorum
2121 3051 2367 3117 concivi
2422 3053 2560 3135 fuit
2614 3053 2885 3120 intima-

589 3154 757 3229 tum,
813 3148 872 3214 si
918 3154 1241 3232 papatum
1296 3149 1370 3214 in
1434 3169 1590 3215 casu
1636 3147 1805 3230 quod
1840 3168 1966 3231 per
2009 3148 2249 3213 clerum
2295 3152 2356 3213 et
2389 3150 2707 3232 populum
2752 3150 2883 3216 Ro-

587 3267 855 3312 manum
913 3245 1039 3311 sibi
1096 3246 1367 3311 daretur
1419 3245 1602 3310 vellet
1656 3248 2000 3326 acceptare.
2095 3243 2224 3323 Qui
2278 3245 2453 3311 ultro
2506 3266 2570 3310 se
2615 3246 2886 3329 offerens

581 3342 947 3426 respondit,
1005 3363 1070 3407 se
1124 3342 1321 3407 civem
1366 3341 1744 3407 Romanum
1802 3359 1960 3419 esse,
2018 3344 2078 3404 et
2133 3339 2302 3409 illud
2344 3341 2498 3406 velle
2545 3343 2713 3424 quod
2755 3341 2885 3425 ipsi

583 3438 887 3523 vellent.¹)
978 3438 1049 3503 2⁰
1104 3439 1491 3504 Nuntiatum
1556 3439 1752 3503 etiam
1800 3445 1937 3501 erat
1985 3436 2325 3521 Gregorio,
2385 3462 2500 3524 per
2545 3462 2730 3505 suum
2776 3441 2885 3506 ad-

583 3542 850 3603 ventum
914 3537 1433 3620 perturbationes
1488 3535 1716 3599 Italiae
1781 3535 2089 3617 compesci
2156 3557 2372 3618 posse,
2438 3541 2503 3601 et
2560 3538 2884 3604 territoria

587 3634 907 3699 Ecclesiae
989 3630 1317 3717 deperdita
1369 3626 1773 3715 recuperari.
1901 3624 2248 3696 Praedicta
2317 3635 2533 3697 autem
2606 3623 2895 3699 durante*

588 3733 955 3813 tempestate
1005 3728 1144 3812 fuit
1190 3749 1313 3812 per
1369 3727 1621 3792 litteras
1667 3731 1726 3791 et
1771 3727 2039 3791 nuntios
2081 3725 2461 3794 intimatum
2506 3729 2675 3794 dicto
2727 3730 2882 3796 Gre-

574 3826 767 3911 9ori0
832 3825 1053 3908 Papae
1070 3874 1086 3905 ,
1159 3824 1327 3906 quod
1387 3823 1447 3888 si
1507 3823 1644 3907 ipse
1698 3822 2135 3905 personaliter
2196 3824 2445 3890 veniret
2518 3825 2605 3890 ad
2655 3832 2883 3909 partes

763 4084 805 4151 ¹)
845 4086 1004 4153 Apud
1039 4086 1222 4140 Balut.
1260 4090 1301 4139 t.
1342 4085 1386 4138 Ι.
1427 4084 1603 4138 Notae
1639 4099 1691 4150 p.
1740 4084 1890 4149 1194,
1928 4084 2017 4137 ubi
2058 4084 2223 4138 etiam
2261 4085 2370 4139 alia
2404 4087 2567 4156 hujus
2604 4087 2687 4143 rei
2724 4089 2880 4142 testi-

581 4165 766 4218 monia
803 4164 1170 4218 inveniuntur.
1231 4239 1235 4243 ⁵
