3281 5014
1193 427 1275 481 De
1313 425 1820 482 Reservationibus.
2555 427 2658 480 215

347 589 522 631 sores
582 566 816 632 deferri
873 568 1114 633 debuit.
1213 568 1373 633 Post
1429 575 1696 633 mortem
1761 569 1982 652 itaque
2031 569 2485 651 Apostolorum
2539 567 2657 632 soli
2676 581 2987 652 Jusnafflon-

348 662 624 727 Romani
683 662 1060 743 Pontifices,
1126 688 1255 750 qua
1313 686 1703 730 successores
1763 664 1975 746 Petri,
2038 664 2364 748 episcopos
2423 666 2658 729 consti·
2744 643 2922 685 mmm·

345 768 528 824 tuere
590 764 946 843 potuerunt
1006 761 1225 827 eodem
1286 783 1414 848 quo
1466 761 1522 825 is
1577 762 1756 845 jure3
1820 761 1933 826 alii
1989 760 2055 825 id
2116 784 2247 826 non
2312 767 2659 845 potuerunt

346 856 589 938 facere,
656 856 782 920 nisi
842 878 919 921 ex
986 879 1285 941 expresso
1345 862 1461 922 aut
1519 858 1717 922 tacito
1780 857 2220 923 Romanorum
2274 858 2656 923 Pontificum

344 973 679 1017 consensu.
788 953 1004 1038 Lapsu
1063 955 1395 1038 temporis,
1458 955 1828 1019 constitutis
1885 955 2349 1039 episcopatibus
2406 961 2471 1019 et
2529 977 2658 1018 am-

346 1049 558 1133 pliatis
603 1070 823 1114 eorum
870 1049 1267 1135 regionibus,
1324 1054 1400 1113 ut
1443 1071 1548 1114 res
1596 1050 1984 1116 commodius
2033 1051 2467 1135 expediretur,
2525 1052 2655 1134 epi·

346 1167 681 1228 scoporum
739 1146 968 1211 electio
1021 1147 1328 1230 episcopis
1383 1146 1778 1229 provinciae,
1832 1148 2277 1231 principaliter
2335 1151 2656 1232 metropo-

342 1242 475 1305 litis
520 1242 910 1327 synodisque
957 1242 1457 1326 provincialibus
1502 1244 1837 1309 commissa
1881 1244 2026 1308 fuit.
2102 1243 2177 1308 Id
2222 1249 2443 1309 tamen
2490 1244 2654 1309 nihil

343 1338 677 1403 detrahere
732 1340 949 1422 potuit
1011 1338 1089 1403 de
1151 1360 1450 1423 supremo
1498 1341 1676 1423 jure,
1736 1362 1864 1425 quo
1926 1363 2175 1425 semper
2240 1342 2433 1425 potiti
2500 1345 2656 1406 sunt

343 1440 409 1500 et
471 1436 814 1519 potiuntur
875 1435 1151 1500 Romani
1215 1433 1567 1500 Pontifices
1631 1437 2066 1501 constituendi
2127 1439 2481 1522 episcopos,
2562 1440 2654 1505 ita

343 1532 627 1616 quidem,
688 1538 763 1595 ut
808 1554 973 1618 quae
1029 1531 1478 1615 metropolitae
1529 1532 1885 1617 synodique
1944 1534 2364 1616 provinciales
2417 1534 2487 1598 in
2533 1533 2654 1599 hac

341 1651 411 1693 re
479 1628 804 1706 fecerunt,
869 1629 992 1713 ipsi
1047 1631 1195 1713 jure
1266 1649 1300 1691 e
1371 1627 1805 1692 Romanorum
1879 1629 2265 1695 Pontificum
2336 1652 2651 1694 consensu

341 1725 655 1802 derivato,
725 1727 825 1790 vel
890 1746 1109 1790 eorum
1179 1746 1520 1800 consensu,
1586 1724 1815 1788 saltem
1879 1726 2110 1808 tacito,
2173 1727 2450 1803 sancito,
2520 1725 2650 1791 non

341 1843 490 1886 vero
546 1844 579 1885 e
630 1823 780 1905 jure
841 1822 964 1886 sibi
1025 1822 1278 1906 proprio
1327 1822 1600 1906 egerint.
1703 1820 1855 1885 Ideo
1917 1822 2109 1887 etiam
2162 1823 2247 1912 iis
2291 1824 2443 1907 ipsis
2495 1828 2654 1887 tem·

339 1919 627 2003 poribus,
672 1918 905 2003 quibus
954 1919 1388 2003 episcoporum
1438 1917 1664 1982 electio
1711 1940 1749 1982 a
1796 1919 2220 2002 metropolitis
2270 1941 2341 1984 ac
2388 1921 2651 2003 provin-

338 2016 607 2081 cialibus
668 2016 930 2099 synodis
998 2013 1476 2100 perficiebatur,
1550 2011 1827 2078 Romani
1887 2014 2240 2080 Pontifices
2297 2018 2451 2100 jura
2518 2017 2652 2100 pri-

339 2119 552 2178 matus
589 2111 684 2177 *ifi'
707 2111 838 2177 *hac
880 2134 950 2177 re
999 2117 1447 2187 exercuerunt,
1495 2112 1628 2175 sive
1675 2111 2126 2177 constituendo
2180 2113 2354 2197 leges
2399 2114 2476 2177 de
2523 2115 2651 2178 ele-

337 2211 546 2276 ctione
593 2209 1059 2293 episcoporum,
1118 2229 1276 2292 quas
1322 2212 1681 2292 temporum
1740 2229 1814 2271 ac
1867 2209 2144 2273 locorum
2203 2210 2371 2274 ratio
2430 2215 2651 2294 postu-

341 2308 543 2382 labat,
613 2306 744 2370 sive
806 2305 1160 2374 dirimendo
1221 2305 1368 2369 lites
1433 2311 1546 2369 aut
1600 2306 2031 2371 dissensiones
2095 2305 2165 2370 in
2230 2308 2650 2373 electionibus

337 2404 627 2481 obortas,
682 2403 816 2467 sive
865 2424 980 2486 per
1034 2423 1103 2466 se
1160 2402 1334 2485 ipsos
1381 2402 1834 2467 constituendo
1889 2424 1962 2466 ac
2008 2403 2365 2468 ordinando
2410 2405 2651 2488 episco-

335 2524 449 2585 pos
513 2524 629 2586 pro
694 2499 885 2565 certis
952 2499 1231 2565 ecclesiis
1293 2502 1408 2563 aut
1470 2498 1862 2584 regionibus.
1971 2499 2192 2576 Quoad
2254 2501 2651 2585 patriarchas

338 2598 624 2663 Orientis
683 2597 1166 2682 requirebatur,
1228 2600 1303 2660 ut
1362 2596 1613 2660 litteras
1675 2600 1742 2661 et
1799 2597 2254 2680 professionem
2319 2598 2463 2663 fidei
2525 2598 2647 2663 Ro-

334 2718 526 2760 mano
585 2694 884 2759 Pontifici
955 2692 1507 2770 transmitterent,
1579 2714 1617 2755 a
1681 2714 1809 2777 quo
1878 2693 1932 2757 si
2005 2716 2138 2759 non
2210 2696 2644 2779 agnosceban-

333 2801 471 2870 tur,
527 2794 664 2876 jam
720 2791 865 2874 jure
926 2789 1006 2854 ad
1065 2789 1278 2854 sedem
1338 2810 1518 2853 suam
1576 2786 1989 2869 cadebant&
2041 2827 2125 2835 —
2183 2789 2647 2876 Subsequenti·

332 2888 451 2953 bus
518 2888 786 2953 saeculis
855 2909 932 2950 ex
1005 2908 1133 2971 quo
1207 2891 1494 2969 tempore
1567 2887 1799 2950 summi
1869 2888 2258 2970 imperantes
2333 2911 2648 2974 regesque

332 2985 669 3050 christiani
732 2984 1113 3068 religionem
1170 2982 1586 3047 christianam
1646 2983 1917 3065 professi
1966 2992 2154 3061 sunt,
2217 3007 2354 3049 mos
2409 2987 2643 3050 sensim

331 3081 647 3158 obtinuit,
702 3085 775 3145 ut
829 3086 896 3145 et
953 3080 1071 3163 ipsi
1127 3079 1198 3142 in
1251 3078 1690 3162 episcoporum
1748 3080 2061 3145 electione
2116 3088 2362 3164 partem
2420 3105 2643 3167 quam-

329 3178 477 3242 dam
537 3178 871 3243 haberent.
976 3177 1050 3241 Id
1109 3182 1330 3240 tamen
1390 3196 1525 3239 non
1586 3176 1811 3240 nativo
1872 3177 2147 3260 quodam
2209 3200 2322 3242 seu
2384 3181 2643 3263 proprio

321 3278 472 3361 jure
528 3275 608 3339 iis
667 3275 1122 3351 conveniebat,
1188 3272 1295 3337 sed
1357 3292 1391 3336 e
1454 3293 1770 3337 consensu
1833 3277 1947 3336 aut
1997 3273 2252 3339 indulto
2314 3277 2414 3339 vel
2476 3278 2641 3342 tole-

328 3372 545 3436 rantia
591 3371 931 3436 Ecclesiae.

513 3605 554 3673 ¹)
593 3604 713 3658 Non
753 3610 842 3659 est
864 3605 1026 3672 hujus
1063 3603 1185 3665 loci,
1222 3602 1534 3671 dogmatice
1572 3618 1639 3657 ex
1668 3603 1900 3657 Romani
1929 3604 2215 3660 Pontificis
2253 3605 2496 3674 primatu
2522 3606 2642 3675 ejus

321 3685 453 3753 jura
498 3683 675 3752 quoad
721 3683 1091 3750 episcoporum
1139 3681 1470 3739 creationem
1516 3682 1761 3749 probare.
1813 3712 1881 3720 —
1928 3683 2106 3738 Dictis
2155 3686 2356 3740 addere
2405 3685 2638 3753 juvabit,

326 3762 751 3832 applicationem
789 3761 1136 3816 auctoritatis
1182 3760 1240 3813 in
1277 3760 1571 3815 Occidente
1617 3760 1796 3830 magis
1842 3760 2209 3817 immediatam
2261 3764 2428 3819 fuisse
2479 3781 2638 3831 quam

325 3843 383 3896 in
420 3841 673 3907 Oriente,
725 3857 887 3909 quum
936 3840 992 3894 in
1037 3839 1333 3897 Occidente
1383 3838 1449 3892 R.
1487 3836 1751 3893 Pontifex
1798 3840 1963 3894 etiam
2014 3843 2363 3908 patriarchae
2413 3859 2641 3899 munera

325 3925 624 3976 exerceret.
714 3919 902 3986 Quoad
956 3919 1235 3974 Orientem
1291 3918 1357 3973 R.
1413 3917 1710 3973 Pontifices
1766 3919 2078 3986 plerumque
2134 3939 2252 3975 cum
2307 3924 2642 3989 patriarchis

323 4000 592 4069 agebant,
642 4000 834 4068 quibus
871 3999 1148 4053 variarum
1186 3998 1473 4066 regionum
1512 4013 1667 4063 cura,
1717 3997 2196 4067 episcoporumque
2240 4001 2520 4056 institutio
2559 4003 2639 4055 in·

325 4078 626 4134 cumbebat.
717 4078 828 4131 Cir.
883 4077 1173 4143 zaccaria,
1237 4076 1667 4131 Antifebronius.
1770 4077 2070 4131 Febronius
2127 4080 2476 4134 abbreviatus
2532 4085 2636 4135 etc·

323 4158 388 4211 Τ.
425 4157 501 4212 II.
541 4157 596 4211 C.
635 4156 731 4211 IV.
771 4156 820 4225 ξ.
860 4157 958 4210 ΙΧ.
1035 4156 1155 4224 (Ed.
1196 4155 1481 4210 Bruxelles
1522 4156 1699 4216 1829.)
