3281 5014
1052 426 1135 480 De
1171 426 1486 481 schismatis
1525 427 1878 481 incremento.
2509 425 2611 477 261

303 564 595 633 dentiam
642 586 891 649 semper
937 566 1157 631 adesse
1202 565 1479 645 cuilibet,
1546 571 1607 631 et-
1640 566 1980 650 potissime
2025 586 2168 630 cum
2214 569 2442 630 sancta
2485 564 2613 629 Ec·

307 660 500 727 clesia
534 662 816 744 patitur,
857 667 919 728 et
951 662 1399 740 concludendo,
1447 663 1616 745 quod
1634 667 1908 745 propter
1933 661 2307 727 inchoatum
2336 660 2616 726 schisma

300 757 378 822 in
443 757 626 823 nullo
691 759 1017 843 trepidare
1084 758 1397 838 deberent,
1465 760 1574 824 sed
1644 779 1835 843 aqere
1902 779 2067 841 quae
2135 757 2267 822 Dei
2332 762 2617 824 suntet

296 853 564 919 ‘nullum
612 853 852 920 timere.
949 854 1234 937 Cumque
1288 876 1411 921 sua
1463 855 1660 921 verba
1718 856 2100 938 complesset,
2149 853 2463 936 Pontifex
2507 874 2613 918 ex-

306 949 655 1031 hilaratus,
713 952 908 1017 verba
967 953 1109 1035 ejus
1154 952 1599 1035 reassumpsit,
1659 956 1914 1017 vertens
1974 972 2040 1016 se
2100 951 2187 1016 ad
2235 949 2617 1016 Cardinales

298 1046 557 1113 dicens:
593 1048 759 1114 Ecce
801 1049 1066 1131 fratres,
1128 1070 1261 1114 ecce
1303 1050 1569 1132 fratreS,
1627 1049 1784 1114 dum
1841 1048 2058 1113 timidi
2108 1069 2353 1128 sumus,
2407 1068 2614 1130 quan-

305 1150 447 1210 tum
491 1145 566 1210 in
611 1150 948 1228 conspectu
995 1145 1272 1211 Domini
1317 1144 1849 1229 reprehensibiles
1893 1144 2248 1212 reddimur.
2301 1198 2315 1211 .
2365 1194 2380 1209 .
2422 1193 2437 1208 .
2486 1142 2616 1209 His

304 1245 367 1306 et
422 1241 577 1307 aliis
627 1242 1032 1308 sermonibus
1086 1242 1400 1326 Pontifex
1455 1263 1523 1306 se
1572 1263 1650 1308 ac
1711 1244 1961 1323 fratres
2014 1262 2164 1307 suos
2220 1243 2617 1325 confortans,

300 1337 626 1422 virqinem
673 1345 969 1405 sanctam
1015 1340 1480 1405 commendavit
1519 1340 1592 1405 in
1644 1339 1950 1419 Domin0,
1999 1359 2075 1404 ac
2114 1339 2374 1422 qratias
2420 1359 2617 1450 quam

298 1434 629 1517 plurimas
673 1435 1052 1518 spirituales
1097 1436 1157 1501 ei
1192 1457 1319 1518 pro
1364 1457 1431 1501 se
1475 1456 1552 1501 ac
1597 1434 1741 1500 suis
1787 1434 2105 1503 concessit.
2117 1434 2166 1520 ¹)

479 1534 583 1598 27.
630 1533 900 1619 Scripsit
947 1534 1012 1599 S.
1062 1534 1413 1600 Catharina
1461 1535 1654 1599 aliam
1705 1534 2037 1617 epistolam
2086 1532 2164 1597 ad
2212 1532 2509 1598 Carolum
2533 1532 2614 1599 V.

303 1651 520 1714 regem
586 1629 868 1710 Galliae,
934 1631 1284 1712 Clementis
1345 1631 1666 1694 fautorem
1725 1630 2165 1713 praecipuum,
2234 1635 2307 1693 ut
2373 1652 2519 1694 eum
2579 1653 2617 1694 a

302 1725 652 1792 schismate
708 1727 986 1792 fovendo
1042 1707 1422 1812 dimoveret3
1491 1726 1707 1809 plures
1776 1748 1930 1791 vero
2000 1726 2176 1790 misit
2229 1726 2479 1790 litteras
2537 1726 2616 1791 ad

227 1867 230 1874 .
300 1821 624 1888 Joannem
693 1825 984 1908 reginam
1041 1823 1336 1907 Apuliae,
1400 1844 1567 1908 quae
1621 1844 1823 1907 quum
1876 1822 2068 1887 initio
2127 1822 2309 1886 valde
2364 1822 2616 1886 addicta

297 1918 533 1983 fuisset
577 1919 864 1999 Urbano,
925 1943 1075 1985 mox
1137 1942 1284 1984 eum
1344 1920 1789 2004 dereliquerat.
1879 1917 2112 1984 Iisdem
2179 1919 2414 1984 litteris
2478 1926 2615 1983 tum

298 2013 596 2097 'precibus
644 2039 778 2081 eam
831 2040 1084 2083 movere
1131 2017 1398 2094 studuit,
1448 2021 1525 2080 ut
1565 2016 1648 2079 ad
1693 2014 1944 2081 Urbani
1991 2016 2426 2080 obedientiam
2473 2017 2616 2081 red-

303 2113 448 2190 iret,
495 2119 634 2177 tum
684 2115 875 2179 minis
921 2137 1062 2179 eam
1112 2113 1454 2198 perterruit
1485 2114 1910 2176 maximarum
1941 2113 2400 2189 calamitatum,
2449 2134 2618 2196 quae

304 2230 527 2273 revera
573 2209 743 2274 haud
790 2212 884 2274 ita
929 2213 1137 2276 multo
1184 2214 1329 2293 post
1383 2208 1859 2274 infelicissimae
1920 2209 2183 2293 reginae
2238 2230 2613 2291 supervene-

307 2310 482 2385 runt,
528 2328 723 2389 quum
772 2314 837 2373 et
879 2330 1151 2392 regnum
1200 2310 1257 2372 ei
1306 2314 1372 2370 et
1418 2306 1553 2369 vita
1600 2305 1974 2388 eriperetur.
2065 2304 2419 2388 Postquam
2468 2328 2617 2370 vero

310 2398 614 2467 Urbanus
639 2403 756 2469 VI.
798 2404 1127 2470 Joannam
1175 2402 1773 2472 excommunicavit,
1829 2422 1968 2465 eam
2030 2423 2265 2465 corona
2319 2402 2617 2485 privavit,

298 2512 382 2561 'ac
431 2497 754 2566 Ludovico
799 2501 1178 2587 Hungariae
1222 2500 1360 2584 regi
1407 2504 1474 2564 et
1517 2498 1747 2564 carolo
1792 2496 2069 2563 Duratio
2125 2519 2395 2581 regnum
2457 2499 2616 2564 illud

308 2598 537 2679 utpote
574 2597 835 2663 feudum
871 2605 1114 2664 sanctae
1143 2596 1326 2662 Sedis
1359 2597 1616 2673 obtulit,
1651 2594 1715 2659 S.
1755 2595 2105 2660 Catharina
2146 2594 2224 2658 ad
2271 2601 2616 2680 utrumque

306 2692 656 2776 principem
718 2716 973 2781 quoque
1032 2695 1336 2779 epistolas
1402 2693 1596 2770 dedit,
1669 2714 1775 2755 eos
1834 2691 2200 2773 exhortans,
2260 2698 2334 2757 ut
2394 2697 2620 2758 contra

306 2787 703 2855 adversarios
747 2791 1065 2858 Ecclesiae
1097 2792 1355 2856 fortiter
1381 2790 1783 2854 dimicarent.
1856 2788 1960 2853 Ita
1990 2795 2217 2853 sancta
2247 2789 2385 2854 haec
2416 2791 2617 2874 virg0‚

303 2905 510 2969 usque
557 2887 636 2950 ad
679 2889 924 2952 obitum
985 2910 1170 2953 suum
1227 2887 1329 2951 die
1377 2887 1488 2950 30⁰
1540 2887 1780 2969 Aprilis
1831 2887 2000 2951 1380
2057 2908 2188 2950 non
2242 2888 2449 2952 solum
2497 2885 2619 2950 Ur-

307 2981 548 3047 baunm
593 2988 664 3048 ut
714 3007 929 3050 verum
981 2991 1046 3049 et
1092 2984 1421 3049 indubium
1469 2982 1848 3048 Pontificem
1912 2984 2199 3067 agnovit,
2252 2983 2364 3048 sed
2422 2985 2616 3049 etiam

307 3077 706 3145 Clementem
753 3084 937 3146 firmo
982 3080 1218 3145 mentis
1256 3079 1499 3163 judicio
1546 3084 1615 3143 ut
1662 3081 2031 3163 antipapam
2077 3080 2306 3144 habuit
2353 3102 2425 3145 ac
2470 3080 2619 3144 dae-

307 3178 516 3240 monis
565 3178 1087 3258 instrumentum,
1147 3185 1212 3240 et
1257 3196 1659 3261 quacumque
1710 3177 1924 3258 potuit
1977 3177 2229 3240 ratione
2275 3175 2616 3241 Urbanum

302 3273 386 3337 ad
433 3275 869 3434 constantiam
916 3274 1223 3338 excitavit
1267 3293 1542 3355 eumque
1587 3271 1856 3354 adjuvit.
1864 3268 1914 3351 ²)

575 3368 813 3435 ‚Idem
860 3392 1009 3434 vero
1055 3369 1189 3434 fere
1231 3368 1564 3433 dicendum
1618 3375 1718 3432 est
1763 3368 1840 3432 de
1897 3370 2100 3432 altera
2147 3367 2210 3433 S.
2260 3368 2677 3434 Catharinas.
2713 3387 2774 3430 ea
2777 3388 2919 3430 thurin
2892 3401 2946 3431 na

301 3463 570 3533 Suecica
634 3467 768 3532 filia
824 3466 889 3533 S.
953 3465 1296 3551 Brigittae,
1366 3486 1533 3549 quae
1602 3475 1890 3548 tempore
1960 3466 2291 3530 electionis
2362 3463 2614 3530 Urbani
2697 3449 2755 3492 8¹¹
2729 3462 2807 3492 ¹¹⁰³
2808 3462 2888 3492 ¹⁰⁸·

290 3551 530 3629 aderat
584 3563 838 3646 Romae,
902 3570 968 3627 et
1027 3586 1157 3628 non
1223 3562 1437 3627 minus
1502 3565 1560 3628 ei
1628 3562 1940 3640 adhaesit,
2006 3584 2197 3646 quam
2260 3563 2337 3626 de
2401 3564 2617 3627 valore

304 3661 641 3726 electionis
689 3665 914 3745 aperta
959 3660 1332 3725 testimonia
1377 3659 1569 3726 dedit.
1664 3659 1868 3724 Extat
1914 3660 2051 3743 ejus
2097 3659 2406 3743 depositio
2453 3658 2616 3743 juri·

306 3755 446 3821 dica
489 3757 568 3822 de
611 3758 688 3821 iis
735 3779 899 3841 quae
944 3756 1283 3821 Urbanum
1330 3753 1708 3840 spectant,³)
1766 3778 1844 3820 ex
1903 3778 2031 3840 qua
2088 3757 2211 3820 ista
2258 3756 2456 3821 citare
2503 3777 2615 3840 op-

304 3862 658 3937 portunum
706 3855 985 3919 videtur:
1037 3853 1234 3929 „Plus
1280 3853 1444 3917 dixit
1490 3856 1565 3917 se
1604 3854 1767 3918 scire
1825 3853 1894 3917 in
1950 3851 2122 3919 dicto
2178 3853 2462 3938 negotio,
2523 3854 2615 3917 vi-

485 4011 1334 4079 ι)1ὶ11.)’1111.1(1.ε1.1379.11.21.

485 4090 1601 4158 2)1Ξί(1.)’11111(1.11.1378,1379,1380,(11;
1639 4088 1821 4156 Epist.
1859 4089 1912 4142 S.
1951 4088 2107 4142 Cath.
2148 4089 2420 4144 Senensis
2497 4144 2502 4149 ,

483 4170 526 4237 ³)
564 4168 831 4236 Raynald.
871 4184 918 4222 a.
961 4170 1112 4222 1379.
1150 4185 1202 4221 n.
1240 4170 1325 4222 20.
