3281 5014
1263 442 1448 494 Sixtus
1486 441 1586 494 IV.
2473 445 2575 496 421

266 586 501 668 primas
558 589 775 668 partes
817 584 1151 650 tenebant.
1242 582 1361 648 Isti
1407 605 1587 660 ver0,
1647 604 1718 647 ac
1767 583 2040 648 maxime
2099 583 2353 668 quidem
2405 580 2580 647 Lau-

267 683 539 764 rentius,
590 682 809 765 inique
857 683 1176 764 potestate
1218 702 1334 744 sua
1378 679 1843 756 abutebantur,
1902 685 1967 763 et
2012 686 2240 745 contra
2287 701 2355 744 se
2401 702 2580 763 prae·

263 780 487 842 sertim
560 779 928 842 excitarunt
1001 775 1459 840 nobilissimam
1538 775 1909 841 Pazziorum
1984 776 2326 854 familiam,
2411 776 2583 860 quod

265 875 632 940 dominandi
697 873 996 957 cupidine
1058 873 1216 937 moti
1280 872 1653 938 muneribus
1717 873 1984 956 publicis
2051 872 2306 939 Pazzios
2366 874 2581 938 exclu-

266 971 508 1036 debant
565 971 826 1054 suisque
878 969 1135 1054 juribus
1198 970 1563 1052 privabant.
1672 969 1994 1035 Hostilem
2057 992 2248 1054 porro
2316 992 2383 1033 se
2443 971 2578 1053 jam

266 1069 613 1134 identidem
669 1066 1041 1132 ostenderat
1097 1065 1490 1130 Laurentius
1552 1087 1799 1131 summo
1842 1065 2177 1145 Pontifici,
2241 1076 2307 1130 et
2360 1066 2582 1149 inique

268 1165 449 1230 Sedis
481 1164 889 1248 Apostolicae
938 1168 1004 1229 et
1041 1163 1362 1228 Ecclesiae
1410 1164 1687 1228 laeserat
1726 1164 1894 1247 jura,
1940 1165 2035 1227 ita
2080 1168 2157 1228 ut
2201 1160 2422 1228 Sixtus
2466 1161 2582 1226 IV.

266 1264 456 1345 plane
500 1262 917 1345 perspiceret,
979 1283 1017 1324 a
1063 1261 1199 1325 viro
1251 1261 1374 1324 isto
1430 1261 1707 1345 superbo
1765 1265 1832 1324 et
1876 1261 2057 1325 vafro
2112 1260 2393 1344 pericula
2450 1281 2582 1322 non

267 1359 503 1444 exigua
573 1379 791 1422 sacrae
859 1356 1008 1422 Sedi
1083 1362 1148 1421 et
1224 1357 1453 1421 Italiae
1529 1357 1887 1423 imminere.
1962 1392 2047 1402 —
2122 1356 2218 1421 Eo
2293 1361 2583 1439 tempore

268 1457 470 1540 igitur
527 1452 1560 1536 Pazziorumfflcontra-Medjceos
1623 1455 1797 1518 facta
1859 1457 1964 1518 est·
2015 1454 2409 1537 conjuratio,
2483 1454 2584 1516 cui

270 1554 461 1617 etiam
499 1550 930 1634 Hieronymus
979 1550 1235 1636 Rhiarius
1282 1571 1516 1627 comeS,
1559 1550 1800 1615 Imolae
1846 1550 2162 1628 dominus,
2211 1546 2378 1614 Sixti
2417 1550 2587 1614 Pon-

268 1649 459 1713 tificis
518 1669 751 1731 nepos,
811 1651 877 1711 et
924 1646 1300 1711 Franciscus
1357 1645 1686 1712 Salviatus
1745 1647 2256 1730 archiepiscopus
2308 1647 2587 1711 Pisanus

269 1745 717 1809 adhaeserunt.
794 1742 1188 1808 Laurentius
1220 1741 1544 1807 Mediceus
1587 1744 1763 1807 enim
1811 1743 1880 1807 in
1909 1741 2199 1808 Riariuni
2254 1764 2324 1806 se
2370 1747 2584 1806 osten-

269 1843 452 1907 derat
506 1841 839 1918 hostilem,
901 1841 995 1905 ita
1054 1845 1133 1904 ut
1181 1841 1286 1904 hic
1341 1843 1692 1917 metueret,
1756 1863 1838 1905 ne
1886 1841 2152 1904 Imolam
2210 1842 2390 1924 cujus
2440 1861 2584 1922 pos-

268 1939 539 2004 sessioni
597 1938 707 2001 ille
762 1937 1083 2018 inhiabat,
1145 1937 1267 2000 sibi
1324 1938 1626 2022 eriperet3
1697 1936 2058 2002 Salviatum
2111 1960 2262 2002 vero
2318 1935 2585 2019 impedi·

269 2042 450 2101 verat
482 2034 900 2112 Laurentius,
950 2035 1287 2117 quominus
1318 2036 1688 2118 episcopatu
1722 2034 1958 2099 Pisano
2004 2035 2340 2116 potiretur.
2418 2033 2587 2097 Con-

270 2134 413 2197 silia
481 2135 790 2213 concepta
864 2132 1182 2215 conjurati
1254 2132 1484 2215 exequi
1553 2132 1679 2196 nisi
1747 2135 1900 2194 sunt
1966 2130 2067 2193 die
2144 2127 2259 2194 26⁰
2322 2130 2586 2213 Aprilis,

270 2251 468 2314 quum
536 2228 925 2292 Laurentius
986 2233 1052 2293 et
1117 2227 1418 2292 Julianus
1485 2227 1786 2308 Medicei‚
1852 2249 1984 2290 una
2047 2248 2190 2291 cum
2258 2226 2589 2310 Raphaele

272 2326 516 2402 Riario,
554 2324 892 2389 Pontificis
948 2328 1183 2408 nepote
1242 2325 1595 2388 octodecim
1652 2346 1970 2388 annorum
2029 2327 2321 2387 recenter
2369 2325 2449 2388 ad
2497 2323 2590 2386 di-

271 2425 591 2509 gnitatem
660 2421 1018 2485 cardinalis
1082 2421 1356 2498 elevato,
1430 2421 1499 2483 in
1562 2421 1827 2485 ecclesia
1893 2420 1968 2484 B.
2036 2417 2120 2484 M.
2166 2418 2245 2485 V.
2315 2420 2589 2484 interes-

272 2527 419 2586 sent
472 2521 702 2585 missae
759 2518 1047 2584 solemni.
1152 2519 1391 2584 Caesus
1447 2524 1545 2584 est
1600 2541 1638 2582 a
1695 2518 2048 2601 conjuratis
2104 2517 2404 2600 Julianus
2450 2516 2590 2581 Me-

276 2619 515 2696 diceus,
574 2617 783 2680 minor
828 2620 1020 2697 natu3
1074 2615 1465 2704 Laurentius
1513 2638 1693 2692 vero,
1742 2620 1897 2678 natu
1946 2615 2181 2699 major,
2240 2615 2471 2678 leviter
2518 2615 2587 2678 in

268 2716 500 2802 jugulo
568 2715 946 2792 vulneratus
1001 2714 1172 2798 fugit
1207 2707 1299 2777 'in
1359 2714 1739 2793 sacrarium,
1804 2733 1877 2774 ac
1932 2732 2080 2775 mox
2135 2734 2172 2773 a
2216 2710 2590 2794 sequacibus

275 2815 406 2878 suis
452 2812 693 2876 auxilio
727 2810 1135 2874 venientibus
1181 2833 1210 2874 s
1321 2832 1394 2873 us
1425 2810 1730 2874 deductus
1778 2813 1875 2872 est
1920 2808 1985 2870 in
2036 2808 2344 2890 palatium
2379 2830 2588 2871 suum.

276 2911 485 2986 Quum
540 2928 727 2993 porro
774 2906 1123 2971 multitudo
1178 2929 1311 2971 non
1356 2927 1423 2970 se
1467 2908 1777 2989 jungeret
1824 2904 2207 2988 conjuratiS,
2266 2904 2431 2967 facili
2483 2925 2590 2967 ne·

277 3008 454 3092 gotio
499 3006 565 3069 hi
611 3006 886 3090 repressi
930 3007 1103 3068 sunt.

452 3106 559 3170 26.
635 3103 905 3169 Medicei
978 3122 1128 3164 vero
1191 3097 1436 3163 Pazziis
1512 3100 1960 3181 praevalentes
2031 3097 2382 3161 terribilem
2456 3097 2588 3170 [in-
2616 3120 2910 3161 Mediceorum

278 3204 512 3268 dictam
582 3205 1006 3285 sumpserunt.
1134 3196 1424 3271 Riarius,
1506 3195 1867 3260 cardinalis
1941 3196 2194 3278 legatus
2269 3214 2341 3257 ac
2418 3188 2589 3257 Sixti
2660 3181 2868 3224 Vindia&

278 3322 506 3383 nepos,
581 3300 664 3362 ob
733 3296 1158 3380 suspicionem
1229 3294 1540 3376 injustam
1612 3293 1716 3356 vix
1789 3312 2008 3355 necem
2081 3290 2341 3373 effugit,
2421 3294 2486 3354 et
2558 3313 2591 3353 e

277 3398 518 3480 templo
593 3398 661 3461 in
739 3393 1091 3459 custodiam
1171 3392 1400 3454 ductus
1478 3394 1605 3463 est;
1684 3386 2009 3452 Salviatus
2085 3386 2592 3470 archiepiscopus

279 3496 584 3570 PisanUS,
653 3515 793 3557 cum
852 3490 1148 3554 omnibus
1203 3487 1367 3564 suiS,
1437 3485 1732 3549 sontibus
1779 3488 1844 3548 et
1888 3483 2284 3563 insontibus,
2357 3484 2592 3567 aliique

278 3593 400 3657 viri
474 3591 722 3655 nobiles
792 3588 868 3653 ad
938 3586 1151 3650 curiae
1219 3586 1539 3648 fenestras
1616 3581 1942 3663 extemplo
2006 3582 2235 3664 laqueo
2303 3580 2596 3663 suspensi

281 3691 455 3753 sunt.
548 3687 738 3751 Multi
788 3686 982 3750 etiam
1030 3679 1391 3745 sacerdotes
1439 3683 1505 3742 et
1552 3673 1965 3742 ecclesiastici
2013 3679 2132 3741 viri
2178 3677 2435 3761 gladiis,
2498 3677 2596 3740 fu-

279 3786 518 3860 stibuS,
582 3786 814 3867 laqueo
874 3779 1198 3845 interfecti
1253 3777 1540 3840 fuerunt.
1645 3772 1863 3839 Sixtus
1910 3772 2025 3837 IV.
2091 3781 2335 3850 autem,
2396 3795 2592 3856 quum

280 3886 533 3946 tantam
600 3878 906 3964 injuriam
975 3875 1187 3941 ordini
1249 3872 1683 3938 ecclesiastico
1745 3871 1994 3954 ipsique
2051 3868 2202 3934 Sedi
2271 3870 2594 3952 Apostoli-

283 4000 389 4044 cae
435 3979 503 4041 in
553 3975 801 4060 Legato
858 3997 973 4038 suo
1021 3974 1160 4038 sine
1218 3972 1350 4036 ulla
1396 3968 1625 4053 judicii
1671 3968 1877 4031 forma
1932 3967 2177 4031 illatam
2226 3966 2592 4039 audivisset,

281 4075 349 4139 in
397 4073 716 4138 Mediceos
763 4076 829 4136 et
873 4070 1289 4136 Florentinos
1337 4089 1552 4131 eorum
1600 4064 1937 4147 complices
1985 4060 2348 4139 anathema,
2397 4063 2595 4126 inter-

281 4155 547 4248 dictum,
608 4169 893 4252 aliasque
956 4188 1222 4252 poenas
1259 4162 1728 4248 pronuntiavit.
1836 4159 1937 4224 Illi
1998 4181 2148 4224 vero
2220 4159 2296 4222 ad
2366 4158 2601 4223 Conci-

2646 3454 2689 3514 x„l
