3281 5014
632 442 743 493 264
1141 440 1402 495 XXXIII.
1438 442 1520 496 De
1557 457 1759 511 magno
1798 442 2110 498 Occidentis
2150 446 2458 500 schismate.

638 603 779 647 cum
824 582 1074 647 fervore
1119 583 1575 648 auctoritatem
1619 605 1798 647 suam
1852 586 2104 650 firmare
2150 586 2470 668 studeret,
2517 596 2583 651 et
2631 586 2950 652 Obedien-

639 681 793 745 tiam
862 678 985 743 sibi
1043 679 1395 763 subjectam
1457 681 1653 745 etiam
1714 683 1919 765 magis
1980 684 2312 768 magisque
2373 683 2705 763 dilataret,
2779 683 2951 749 haud

635 785 857 841 tamen
905 776 1122 840 animo
1168 777 1342 840 laeto
1374 782 1675 861 exoptata
1720 778 1934 861 potuit
1978 778 2222 861 perfrui
2254 778 2593 864 dignitate,
2641 781 2753 844 sed
2798 802 2949 846 con-

633 873 837 938 tinuis
881 895 1141 957 pressus
1192 880 1290 938 est
1346 872 1864 939 difficultatibus».
1955 873 2047 940 Ut
2101 896 2289 960 reges
2334 883 2399 941 et
2454 877 2772 961 principes
2825 876 2948 941 sibi

635 970 920 1035 addictos
964 971 1301 1052 retineret,
1345 971 1654 1035 servitute
1700 972 1975 1055 quadam
2021 973 2177 1055 ipsis
2221 972 2292 1036 in
2344 972 2640 1038 omnibus
2685 974 2948 1057 obsequi

633 1073 892 1131 coactus
938 1072 1064 1143 est,
1111 1072 1313 1153 utque
1358 1065 1806 1132 cardinalibus
1854 1068 1986 1132 suis
2033 1068 2303 1152 triginta
2351 1091 2499 1145 sex,
2554 1071 2949 1153 reliquisque

635 1163 941 1246 praelatis
986 1164 1379 1228 necessarios
1426 1170 1802 1247 procuraret
1841 1170 2215 1249 proventus,
2261 1167 2327 1230 et
2372 1165 2451 1228 ad
2497 1165 2667 1230 bella
2712 1167 2782 1230 in
2823 1165 2954 1229 Ita·

634 1260 723 1324 lia
766 1259 1167 1324 meridionali
1212 1260 1493 1345 gerenda
1539 1261 1823 1325 subsidia
1869 1266 2087 1343 posset
2132 1262 2389 1345 largiri,
2428 1262 2623 1326 omni
2670 1284 2800 1346 quo
2845 1284 2949 1345 po-

633 1356 765 1420 tuit
808 1356 994 1421 modo
1036 1358 1346 1440 pecuniae
1390 1356 1517 1440 ipsi
1561 1362 1750 1421 erant
1796 1358 2245 1442 corrogandae.

810 1490 914 1553 30.
972 1487 1437 1553 Tristissimum
1484 1510 1701 1553 rerum
1746 1493 1992 1554 statum
2040 1490 2244 1554 fusius
2288 1489 2641 1555 describere
2686 1489 2949 1576 longum

637 1591 831 1669 esset3
881 1584 1123 1649 sufficit
1167 1583 1389 1649 audire
1433 1605 1530 1660 ea,
1581 1607 1743 1670 quae
1785 1586 2156 1651 scribuntur
2202 1608 2239 1649 a
2284 1586 2533 1651 duobus
2578 1585 2950 1650 auctoribus

633 1682 911 1758 coaevis,
968 1680 1164 1764 ipsius
1220 1680 1572 1745 Clementis
1620 1680 2045 1747 Obedientiae
2103 1682 2398 1762 addictis,
2454 1704 2726 1765 quorum
2784 1681 2953 1745 alter

637 1784 737 1843 est
792 1777 1096 1843 Nicolaus
1150 1801 1189 1842 a
1234 1776 1635 1861 Clemangis,
1694 1779 1860 1843 alter
1917 1802 2066 1844 vero
2122 1779 2472 1844 monachus
2523 1777 2588 1843 S.
2631 1777 2951 1878 Dionysii,

637 1876 748 1961 qui
810 1873 1180 1938 chronicum
1244 1874 1419 1938 illius
1492 1876 1799 1958 temporis
1868 1878 2179 1941 exaravit.
2294 1875 2526 1954 „Quid,
2594 1876 2688 1940 ait
2757 1876 2951 1958 prior,

536 2007 555 2020 ν
638 1972 968 2038 Clemente
1023 1978 1248 2034 nostro
1304 1971 1513 2053 quoad
1560 1970 1722 2035 vixit
1766 1971 2222 2056 miserabilius,
2280 1972 2392 2055 qui
2446 1971 2539 2035 ita
2583 1993 2650 2035 se
2695 1993 2949 2035 servum

635 2089 964 2133 servorum
1011 2064 1273 2131 Gallicis
1318 2066 1712 2168 principibus
1758 2067 2108 2151 adjecerat,
2161 2073 2235 2132 ut
2279 2090 2388 2133 eas
2434 2067 2630 2132 ferret
2674 2067 2950 2152 injurias

638 2173 704 2229 et
758 2163 1215 2240 contumelias,
1285 2165 1452 2246 quae
1510 2163 1633 2234 sibi
1697 2163 1984 2248 quotidie
2048 2163 2130 2227 ab
2192 2164 2415 2228 aulicis
2479 2164 2950 2242 inferebantur,

585 2250 799 2346 {quas
844 2260 951 2323 vix
1007 2258 1262 2323 deceret
1318 2261 1384 2323 in
1440 2259 1817 2323 vilissimum
1876 2261 2264 2344 mancipium
2318 2260 2469 2345 dici3
2527 2260 2794 2324 cedebat
2837 2260 2951 2325 ille

637 2357 868 2434 furori,
929 2355 1196 2421 cedebat
1255 2356 1559 2438 tempori,
1631 2356 1894 2421 cedebat
1950 2357 2384 2441 flagitantium
2449 2356 2953 2439 importunitati,

639 2454 957 2540 fingebat,
1005 2452 1479 2529 dissimulabat,
1531 2453 1799 2537 largiter
1844 2453 2290 2538 promittebat,
2346 2453 2516 2517 diem
2563 2475 2640 2517 ex
2688 2452 2790 2518 die
2838 2453 2953 2518 du-

635 2553 852 2628 cebat‚
916 2551 1015 2616 his
1076 2550 1385 2614 beneficia
1446 2550 1673 2626 dabat,
1734 2550 1864 2615 illis
1922 2551 2135 2615 verba.
2240 2549 2557 2616 Omnibus
2618 2572 2777 2634 quos
2838 2556 2956 2614 aut

634 2672 737 2714 ars
784 2649 1147 2713 assentoria
1209 2653 1324 2712 aut
1370 2646 1613 2710 ludicra
1672 2646 1740 2710 in
1801 2647 1990 2713 curiis
2036 2651 2327 2731 acceptos
2387 2648 2654 2725 fecerat,
2717 2669 2998 2731 summ-=

631 2767 821 2830 opere
877 2745 1128 2828 placere
1185 2743 1520 2820 studebat,
1570 2764 1805 2826 eosque
1865 2744 2189 2808 beneficiis
2242 2745 2617 2827 promereri,
2676 2765 2805 2826 quo
2858 2747 2955 2806 ta·

630 2844 791 2907 lium
860 2842 1220 2925 patrocinio
1287 2839 1690 2903 dominorum
1761 2840 2042 2924 gratiam
2102 2846 2168 2904 et
2234 2839 2515 2905 favorem
2579 2861 2953 2923 assequere·

632 2946 756 3004 tur.
805 2988 821 3004 .
871 2986 887 3002 .
938 2989 952 3003 .
999 2937 1120 3001 His
1164 2938 1384 3021 itaque
1425 2940 1492 2998 et
1531 2936 1879 3020 juvenibus
1927 2936 2152 3000 nitidis
2200 2942 2264 3001 et
2310 2935 2750 3020 elegantibus,
2797 2956 2952 3018 quo-

634 3059 776 3101 rum
822 3035 1097 3100 maxime
1130 3031 1452 3098 consortio
1494 3030 1841 3115 gaudebat,
1883 3033 2177 3117 singulos
2212 3033 2347 3097 fere
2368 3037 2674 3097 vacantes
2709 3032 2952 3115 episco-

632 3139 825 3216 patus
875 3136 1285 3214 caeterasque
1326 3128 1699 3211 praecipuas
1741 3126 2095 3212 dignitates
2139 3128 2574 3213 impendebat.
2652 3128 2952 3211 Denique

634 3234 708 3294 ut
752 3228 1115 3312 principum
1169 3225 1690 3290 benevolentiam
1747 3225 2006 3290 facilius
2065 3231 2538 3309 assequeretur,
2591 3229 2951 3289 assecutam

633 3325 912 3400 foveret,
959 3324 1292 3406 fotamque
1339 3327 1780 3399 conservaret,
1828 3327 2266 3386 conservatam
2314 3321 2763 3404 amplificaret,
2808 3322 2953 3404 plu-

633 3423 797 3486 rima
840 3423 1015 3485 ultro
1061 3419 1330 3484 donaria
1377 3425 1573 3504 atque
1603 3418 1797 3483 xenia
1842 3418 1970 3483 illis
2016 3417 2239 3497 dabat,
2285 3438 2715 3502 quascumque
2760 3439 2953 3499 super

633 3519 871 3583 clerum
929 3518 1297 3581 exactiones
1354 3520 1573 3599 petere
1631 3516 1988 3580 voluissent
2045 3515 2377 3578 annuebat
2434 3514 2636 3589 ultro,
2696 3512 2952 3596 saepius

635 3615 832 3679 etiam
898 3614 1258 3698 ingerebat.
1364 3611 1594 3698 Sicque
1659 3634 1917 3676 omnem
1978 3611 2215 3674 clerum
2278 3609 2704 3675 saecularium
2755 3610 2954 3694 magi-

635 3717 953 3777 stratuum
1010 3709 1415 3793 dispositioni
1461 3710 1556 3773 ita
1611 3708 2023 3793 subjiciebat,
2078 3712 2152 3772 ut
2197 3707 2373 3791 Papa
2429 3706 2631 3791 magis
2678 3705 2953 3790 quilibet

636 3830 887 3886 eorum,
947 3805 1122 3889 Papa
1169 3828 1360 3891 quam
1409 3807 1543 3890 ipse
1598 3808 1958 3889 putaretur.
2048 3802 2128 3868 In
2177 3803 2296 3868 hac
2340 3803 2708 3869 tristissima
2750 3805 2952 3867 servi·

635 3912 779 3971 tute
825 3926 955 3970 non
996 3903 1137 3967 dico
1185 3901 1650 3986 praesidentia,
1706 3901 1834 3966 tria
1889 3900 2018 3984 (vel
2064 3898 2285 3985 supra)
2341 3904 2700 3983 temporum
2745 3899 2952 3964 lustra

636 4025 778 4068 cum
824 4000 1187 4066 incredibili
1233 3998 1558 4065 Ecclesiae
1603 3999 1943 4062 attritione
1988 3998 2587 4081 consumpserunt.“
2612 3994 2659 4079 1)

818 4176 860 4241 ¹)
897 4175 980 4228 De
1019 4179 1274 4241 corrupto
1313 4172 1595 4227 Ecclesiae
1633 4177 1804 4238 statu,
1843 4186 1888 4224 c.
1917 4172 2001 4224 27.
