3281 5014
1025 434 1200 489 Series
1231 433 1555 487 Pontificum
1590 432 2071 489 Avenionensium.
2603 433 2705 487 157

393 574 490 639 tia
536 573 929 640 scholarium
976 574 1169 657 quasi
1211 573 1409 656 inftni
1413 577 1627 639 torum
1669 572 2149 652 determinaret,
2191 576 2251 637 et
2300 577 2541 639 teneret
2575 594 2704 657 pro
2722 570 2869 674 Μζξξξ
2880 572 3038 677 021³*

391 670 796 737 conclusione
840 670 1254 754 affirmando,
1303 670 1474 754 quod
1509 671 1772 737 animae
1816 668 2254 735 decedentium
2299 691 2414 737 seu
2442 670 2704 737 animae
2967 663 2979 674 ⁰

390 772 764 833 sanctorum
822 787 958 833 non
1017 766 1238 832 vident
1299 787 1414 833 nec
1465 766 1775 832 videbunt
1831 766 2049 831 Deum
2107 765 2354 832 visione
2410 765 2704 846 beatifica

391 869 452 929 et
505 864 793 949 qloriosa
851 880 1055 944 usque
1107 863 1193 928 ad
1244 861 1753 945 assumptionem
1814 861 1889 928 in
1944 861 2047 926 die
2101 862 2378 927 extremi
2418 862 2668 945 judicii
2682 883 2704 927 .·

388 961 506 1027 hoc
562 960 818 1040 audit0,
875 979 1186 1042 magnum
1242 981 1547 1026 murmur
1605 959 1782 1024 inter
1841 958 2162 1025 scholares
2220 958 2522 1025 auditum
2588 965 2699 1039 est,

388 1057 697 1138 dicentes,
756 1056 950 1123 talem
1001 1076 1286 1121 errorem
1340 1056 1482 1122 sine
1526 1055 1879 1139 punitione
1934 1055 2223 1121 transire
2277 1077 2409 1122 non
2463 1056 2700 1122 debere.

391 1154 688 1220 Audiens
732 1158 951 1219 autem
995 1152 1377 1219 scandalum
1424 1153 1594 1235 quod
1638 1156 1782 1219 erat
1812 1151 2120 1231 Parisiis,
2158 1173 2286 1235 pro
2331 1152 2453 1218 hac
2496 1153 2699 1219 deter-

387 1250 748 1317 minatione
792 1250 1037 1316 Frater
1078 1249 1534 1329 Praedicator,
1578 1249 1695 1331 qui
1740 1269 1885 1315 oum
1930 1247 2045 1313 illo
2088 1252 2372 1329 venerat,
2421 1249 2581 1331 quid
2624 1249 2699 1314 de

387 1348 493 1413 his
527 1368 656 1431 pro
698 1346 935 1430 quibus
967 1345 1205 1412 missus
1246 1347 1473 1429 fuerat
1511 1344 1585 1411 in
1616 1345 1980 1411 Franciam
2019 1346 2264 1428 faceret
2306 1344 2406 1410 vel
2444 1346 2699 1426 diceret,

387 1444 523 1510 nisi
564 1444 791 1511 statim
845 1443 932 1509 ad
977 1443 1232 1527 Papam
1285 1442 1575 1508 rediret?
1631 1442 2004 1508 Notandum
2062 1465 2212 1508 vero
2268 1450 2369 1508 est
2425 1446 2698 1509 maxime

388 1545 558 1628 quod
612 1542 789 1607 addit
843 1544 1143 1626 scriptor:
1210 1539 1338 1605 Sed
1389 1539 1465 1604 in
1522 1538 1801 1622 quodam
1857 1558 2147 1603 sermone
2197 1538 2415 1621 ipsum
2469 1538 2699 1605 Ponti-

382 1638 564 1720 ficem
623 1659 820 1721 super
866 1657 1087 1702 errore
1131 1634 1469 1719 praedicto
1524 1633 1860 1700 excusavit
1912 1633 2163 1699 dicens:
2220 1634 2405 1715 Quod
2455 1656 2698 1717 nequa-

386 1753 584 1817 quam
631 1733 909 1813 tenebat,
967 1753 1083 1799 nec
1134 1751 1429 1814 unquam
1483 1731 1682 1797 istam
1732 1734 2031 1797 tenuerat
2080 1731 2472 1810 doctrinam,
2532 1752 2699 1814 quae

376 1831 590 1915 ponit,
638 1831 807 1913 quod
849 1830 1113 1896 animae
1157 1832 1532 1894 sanctorum
1576 1847 1711 1893 non
1753 1826 2062 1892 videbunt
2105 1827 2320 1893 Deum
2365 1848 2569 1910 usque
2613 1828 2701 1893 ad

387 1927 555 1993 diem
592 1927 858 2010 judicii.
915 1964 993 1974 —
1023 1927 1368 1991 Venerunt
1423 1948 1613 2010 porro
1667 1925 1763 1990 illi
1818 1925 1943 1988 duo
1997 1926 2214 1989 nuntii
2264 1926 2335 1990 in
2391 1927 2698 2009 suspicio·
2829 1894 2896 1978 ἥθ’

386 2049 533 2091 nem
583 2028 775 2110 plane
835 2026 1095 2106 falsam,
1156 2046 1264 2089 eos
1320 2023 1614 2087 videlicet
1667 2044 1704 2086 a
1751 2021 2065 2086 Pontifice
2126 2023 2387 2088 nonnisi
2443 2022 2525 2088 ad
2578 2023 2698 2088 hoc

385 2124 614 2188 missos
675 2144 841 2201 esse,
903 2127 979 2186 ut
1031 2122 1209 2186 illam
1260 2120 1627 2203 opinionem
1691 2118 1951 2184 Parisiis
2008 2124 2455 2203 propagarent.
2557 2119 2697 2184 Rex

386 2220 721 2304 Philippus
789 2223 1036 2297 autem,
1115 2216 1478 2282 convocatis
1553 2214 1921 2304 droth'ibUS
1989 2213 2450 2299 Universitatis
2517 2218 2695 2282 Pari·

385 2317 644 2394 siensis,
727 2315 915 2399 petiit
986 2313 1374 2379 sententiam
1448 2332 1698 2387 eorum3
1779 2312 1892 2395 qui
1968 2333 2190 2376 omnes
2264 2313 2697 2393 affirmarunt,

384 2415 698 2478 visionem
754 2411 876 2476 Dei
940 2411 1147 2476 beatis
1208 2431 1349 2495 ngn„
1405 2408 1669 2472 differri.
1776 2406 1947 2472 Dein
2010 2430 2122 2471 rex
2185 2410 2463 2492 superba
2522 2433 2696 2476 arro·

382 2513 609 2596 gantia
666 2512 915 2574 litteras
970 2509 1226 2592 scripsit
1284 2504 1366 2571 ad
1410 2504 1821 2584 Pontificem,
1883 2505 2116 2589 quibus
2176 2506 2298 2589 ipsi
2344 2507 2695 2587 mandavit,

384 2611 706 2688 quatenus
747 2604 1135 2671 sententiam
1164 2601 1644 2686 Maqistrorum
1687 2599 1994 2680 Parisiis,
2040 2600 2154 2682 qui
2199 2602 2430 2669 melius
2478 2603 2698 2669 sciunt

383 2703 544 2786 quid
595 2702 774 2767 debet
829 2700 1038 2767 teneri
1090 2700 1187 2765 vel
1247 2697 1421 2764 credi
1478 2697 1554 2762 de
1607 2695 1803 2776 Fide,
1860 2714 2059 2778 quam
2104 2698 2402 2765 Juristae
2459 2704 2521 2765 et
2573 2700 2696 2766 alii

384 2799 628 2879 clerici,
682 2798 798 2881 qui
834 2818 1081 2881 parum
1124 2796 1223 2861 vel
1267 2794 1440 2862 nihil
1483 2793 1705 2859 sciunt
1758 2793 1835 2858 de
1881 2792 2226 2877 theoloyia,
2285 2796 2693 2879 approbaret,

381 2901 443 2962 et
486 2895 656 2978 quod
711 2895 1104 2960 sustinentes
1149 2891 1555 2959 contrarium
1601 2890 1970 2974 corriperet.
1966 2891 2058 2981 D«
2116 2892 2255 2958 Imo
2312 2916 2425 2958 rex
2470 2895 2697 2978 inepta

382 3016 499 3060 sua
554 2993 817 3058 audacia
875 2993 1110 3058 dicitur
1163 2991 1449 3056 minatus
1513 2990 1711 3075 fuisse
1754 2987 2057 3054 Pontifici
2120 3011 2355 3073 poenas
2418 2991 2694 3056 haereti·

382 3114 619 3172 corum,
665 3092 790 3155 nisi
832 3094 1163 3154 revocaret
1209 3107 1519 3162 errorem,
1567 3107 1764 3169 quem
1811 3087 2017 3169 ipsum
2064 3086 2480 3169 pertinaciter
2522 3087 2693 3152 tueri

380 3189 555 3254 fama
600 3187 875 3277 mendax
920 3187 1318 3270 vulgaverat.

561 3337 659 3402 12.
725 3337 1014 3403 Joannes
1055 3332 1275 3398 XXII.
1333 3332 1436 3396 die
1494 3328 1605 3395 18⁰
1653 3330 1814 3394 Nov.
1865 3329 2033 3395 1333
2091 3330 2343 3396 litteras
2389 3331 2563 3396 dedit
2611 3333 2690 3397 ad
2712 3339 2921 3390 Quaestio
2970 3340 3027 3382 de

383 3434 752 3520 Philippum
800 3431 1131 3496 Valesium
1190 3450 1406 3514 regem
1472 3428 1886 3504 Francorum,
1945 3429 2015 3492 in
2079 3428 2311 3510 quibus
2371 3434 2694 3494 contesta-
2707 3413 2877 3443 v¹⁸¹⁰ne
2909 3400 3028 3444 ΒΜ

381 3532 607 3610 bat-ur,
665 3553 732 3596 se
783 3529 861 3593 de
915 3527 1238 3612 praesenti
1300 3526 1682 3610 quaestione
1736 3522 1900 3586 nihil
1958 3522 2317 3588 definivisse
2363 3526 2462 3589 vel
2523 3548 2691 3592 asse-

1765 3603 1928 3628 Ἢ...

559 3768 605 3835 ²)
643 3766 859 3822 Contin.
898 3763 1129 3832 Nangii3
1176 3762 1287 3816 vid.
1325 3762 1453 3816 Nat.
1490 3761 1648 3815 Alex.
1721 3760 1785 3813 In
1836 3774 1977 3813 saec.
2014 3759 2164 3814 XIV.
2202 3761 2349 3817 Dies,
2386 3762 2482 3814 XI.
2529 3778 2577 3815 a.
2616 3761 2689 3815 II.

380 3877 450 3886 —
472 3847 648 3901 Valde
699 3850 1023 3914 arroganter
1074 3842 1281 3897 Gerson
1333 3841 1391 3894 in
1443 3855 1686 3895 sermone
1737 3839 1802 3893 de
1850 3839 2016 3893 Festo
2055 3840 2370 3893 Paschatis:
2426 3842 2692 3909 „Propter

381 3926 522 3993 quod
559 3926 781 3992 insuper
818 3929 1052 3990 apparet
1090 3920 1312 3974 falsitas
1350 3919 1634 3973 doctrinae
1671 3918 1856 3985 Papae
1897 3917 2129 3972 Joannis
2167 3919 2371 3983 XXH.,
2422 3936 2559 3987 quae
2597 3921 2690 3973 da-

378 4012 566 4058 mnata
601 4004 708 4057 fuit
746 4019 865 4056 cum
903 4018 1034 4055 sono
1080 3998 1426 4054 buccinarum
1464 4014 1647 4053 coram
1693 4013 1824 4064 rege
1863 3996 2115 4066 Philippo
2154 3999 2421 4052 avunculo
2460 4005 2560 4063 tuo
2593 4014 2690 4066 per

377 4084 670 4152 theologos
707 4080 1046 4136 Parisienses
1085 4080 1151 4133 de
1179 4078 1405 4133 Visione
1442 4077 1626 4144 beata3
1675 4082 1732 4131 et
1768 4075 2000 4130 credidit
2044 4076 2223 4144 potius
2271 4077 2547 4146 theologis
2583 4078 2689 4131 Pa·

377 4162 701 4217 risiensibus
741 4175 899 4227 quam
937 4157 1179 4213 Curiae.“
1219 4157 1284 4210 V.
1322 4156 1506 4211 Natal.
1543 4156 1702 4210 Alex.
1739 4155 1776 4209 1.
1816 4170 1861 4208 c.
