3281 5014
1219 408 1649 476 Templariorum
1685 415 1887 464 reatuS.
2607 375 2710 467 145

392 550 592 613 centii
642 548 755 614 IV.
815 550 1063 615 obitum
1114 551 1313 635 aliqui
1375 552 1749 615 tribuerunt
1808 552 2128 617 vindictae
2190 553 2475 633 divinae,
2537 554 2708 639 quod

396 645 699 711 Fratrum
757 645 1076 711 Minorum
1143 652 1210 710 et
1273 646 1796 715 Praedicatorum
1855 649 1992 732 ipse
2054 649 2456 716 diminuisset
2512 651 2707 734 privi-

393 741 641 827 legia.¹)
732 743 832 807 De
875 748 1084 808 morte
1127 742 1403 808 Joannis
1449 742 1664 825 XXI„
1717 745 1831 828 qui
1877 766 2166 811 camerae
2219 748 2407 813 ruina
2449 770 2708 831 oppres·

394 862 499 904 sus
546 841 725 915 obiit,
772 840 1011 904 similes
1054 839 1265 904 factae
1304 847 1460 905 sunt
1499 836 1984 925 conjecturae.²)
2052 842 2272 907 Vitam
2315 865 2464 908 vero
2510 845 2707 927 ipsius

395 935 743 1001 Clementis
780 936 855 1002 V.
924 935 1338 1002 Ptolomaeus
1385 936 1693 1002 Lucensis
1760 940 2083 1004 concludit
2151 942 2395 1014 verbis,
2472 941 2707 1025 quibus

392 1032 565 1097 haud
610 1031 868 1117 quidem
911 1034 1424 1117 suppressionem
1476 1032 1736 1099 Ordinis
1781 1034 2320 1119 Templariorum,
2380 1039 2490 1103 sed
2534 1036 2707 1101 aliud

392 1129 665 1208 factum,
733 1129 902 1215 quod
968 1130 1089 1214 ipsi
1150 1135 1374 1214 utpote
1437 1130 1865 1196 Dominicano
1935 1132 2348 1216 displicebat,
2418 1133 2708 1199 insinuat

391 1227 591 1294 fuisse
637 1248 890 1291 causam
946 1226 1172 1292 mortis
1220 1225 1570 1295 Pontificis.
1663 1227 1839 1305 „Nec
1892 1251 2213 1314 unquam,
2269 1229 2524 1308 scribit,
2579 1230 2706 1294 fuit

392 1328 616 1405 postea
661 1346 888 1401 sanus,
946 1332 1286 1407 postquam
1332 1325 1831 1389 constitutiones
1877 1331 2102 1390 contra
2146 1325 2481 1409 religiosos
2527 1349 2699 1391 men-

391 1420 681 1485 dicantes
728 1421 1082 1497 renovavit,
1129 1421 1295 1484 sicut
1325 1420 1537 1484 audivi
1583 1443 1620 1484 a
1667 1420 2028 1485 confessore
2069 1443 2182 1486 suo
2203 1421 2336 1486 ,fide
2382 1419 2703 1507 dign0.“³)

393 1514 726 1600 Ejusmodi
783 1524 1003 1582 autem
1057 1517 1444 1601 conjecturis
1501 1517 1829 1594 inanibus,
1888 1519 2253 1584 rumoribus
2300 1520 2402 1583 vel
2450 1519 2704 1584 fabellis

390 1612 552 1705 nihil
598 1614 1015 1679 tribuendum
1061 1635 1215 1695 esse,
1259 1613 1447 1677 facile
1492 1611 1687 1676 videa.

566 1744 670 1808 59.
726 1742 815 1807 Ut
853 1745 989 1827 jam
1036 1744 1231 1807 finem
1278 1745 1681 1827 imponamus
1727 1742 1878 1807 huic
1923 1744 2410 1822 Dissertationi,
2467 1743 2700 1807 iterum
2792 1765 2958 1795 011cu1

389 1840 722 1904 advertere
769 1840 990 1921 liceat,
1047 1841 1492 1925 gravissimum
1539 1844 2023 1923 argumentum,
2077 1840 2248 1925 quod
2293 1841 2531 1904 nostris
2576 1840 2702 1904 die·

388 1938 507 2000 bus
542 2007 556 2016 x„
569 1943 713 2020 post
774 1937 1165 2020 publicatam
1219 1938 1473 2001 Bullam
1534 1936 1670 1999 Vox
1724 1934 1799 2000 in
1858 1936 2100 2002 eoecelso
2161 1936 2518 2001 evidentius
2575 1937 2700 2001 cla·

388 2035 551 2117 ruit,
607 2034 915 2097 constitui
969 2055 1085 2116 pro
1129 2034 1457 2099 sententia
1520 2055 1715 2118 quam
1771 2035 2205 2117 exposuimus,
2272 2052 2354 2096 ex
2396 2030 2704 2096 unanimi

387 2149 726 2208 consensu,
787 2129 911 2194 hac
969 2128 1042 2193 in
1103 2151 1202 2208 re,
1268 2127 1617 2193 Clementis
1663 2129 1732 2195 V.
1781 2128 2120 2209 Pontifieis
2182 2150 2328 2195 cum
2385 2128 2703 2194 Patribus

389 2224 714 2291 universis
777 2225 1052 2292 Concilii
1112 2225 1497 2291 oecumenici
1557 2224 1952 2291 Viennensis
2059 2227 2271 2311 Hujus
2333 2227 2699 2311 argumenti

388 2324 517 2388 vim
549 2326 689 2408 jam
736 2331 960 2390 auctor
1018 2325 1377 2408 praeclarus
1427 2322 1527 2404 (P.
1574 2322 1927 2407 Brunengo
1971 2320 2036 2386 S.
2085 2322 2175 2405 J.)
2223 2323 2392 2388 hisce
2442 2324 2698 2388 evolvit.

391 2419 489 2484 Ex
537 2420 807 2486 historia
853 2422 1040 2486 modo
1079 2423 1213 2505 jam
1262 2425 1438 2484 certo
1481 2422 1761 2499 constat,
1805 2421 1899 2484 ita
1944 2421 2200 2504 quidem
2251 2427 2321 2484 ut
2366 2420 2429 2485 id
2476 2421 2700 2505 negari

389 2520 653 2583 omnino
697 2542 827 2584 non
875 2519 1097 2604 possit,
1143 2518 1560 2582 abolitionem
1604 2516 1860 2581 Ordinis
1892 2517 2400 2601 Templariorum
2448 2541 2485 2581 a
2530 2518 2698 2582 Pon·

389 2615 559 2679 tifice
606 2617 795 2679 simul
844 2624 1039 2700 atque
1087 2615 1428 2699 episcopis,
1490 2620 1742 2678 matura
1795 2614 2256 2680 deliberatione
2305 2614 2698 2698 praehabita,

387 2717 714 2794 peractam
772 2712 987 2775 fuisse.
1082 2711 1255 2775 Hinc
1308 2731 1384 2774 ea
1437 2712 1800 2793 suppressio
1844 2734 1974 2775 non
2029 2716 2244 2795 potest
2288 2711 2699 2777 condemnari

390 2814 461 2873 ut
506 2810 782 2893 injusta,
831 2809 988 2893 quin
1034 2808 1175 2893 quis
1225 2805 1471 2887 incidat
1517 2807 1585 2870 in
1632 2809 1989 2872 sententias
2035 2809 2406 2873 temerarias
2451 2813 2516 2872 et
2561 2809 2701 2871 ina·

386 2928 526 2970 neS.
628 2903 697 2970 Si
754 2906 895 2990 quis
949 2904 1287 2968 admittere
1345 2902 1591 2984 renuit,
1651 2902 1982 2968 Ordinem·
2008 2904 2518 2987 Templariorum
2569 2926 2701 2969 cor-

385 3004 686 3087 ruptione
746 3003 855 3066 illa
921 3023 1086 3086 quae
1146 3002 1213 3065 in
1277 2999 1628 3065 Clementis
1663 2999 1742 3065 V.
1789 2999 1995 3065 Bullis
2050 3001 2465 3082 describitur,
2531 3001 2699 3065 infe-

386 3108 555 3164 ctam
614 3100 842 3175 fuisse,
893 3097 1002 3161 sed
1058 3097 1420 3174 contendit,
1477 3095 1873 3179 Templarios
1929 3106 2005 3161 ut
2052 3098 2343 3161 victimas
2387 3099 2700 3162 innocen-

386 3202 488 3261 tes
543 3196 946 3261 succubuisse
1001 3196 1145 3260 odio
1192 3193 1475 3277 Philippi
1532 3191 1823 3257 Pulchri:
1881 3194 1934 3258 is
1984 3216 2343 3278 supponere
2399 3194 2697 3279 adigitur,

385 3293 782 3360 Clementem
818 3291 896 3356 V.
954 3297 1020 3357 et
1077 3313 1221 3357 cum
1277 3291 1415 3374 ipso
1472 3289 1785 3353 Pontifice
1844 3295 2048 3354 totum
2108 3290 2466 3355 Concilium
2497 3290 2699 3354 Vien-

386 3413 616 3470 nense,
672 3411 1020 3473 omnesque
1067 3388 1225 3453 alios
1272 3387 1622 3470 praelatOS,
1680 3386 2098 3469 inquisitores
2147 3393 2212 3450 et
2250 3387 2531 3472 judiceS,
2591 3388 2698 3471 qui

385 3510 517 3552 non
562 3489 767 3552 solum
817 3487 884 3549 in
935 3484 1166 3566 Gallia,
1212 3481 1321 3546 sed
1369 3483 1439 3545 in
1487 3482 1680 3545 variis
1728 3481 1899 3546 orbis
1945 3481 2281 3547 christiani
2326 3484 2699 3568 regionibus

385 3592 636 3667 partem
693 3582 1062 3646 habuerunt
1114 3581 1184 3645 in
1243 3578 1507 3642 ferenda
1561 3577 1637 3640 de
1695 3576 2192 3662 Templariorum
2251 3580 2699 3663 suppressione

385 3680 740 3756 sententia,
799 3700 1021 3743 omnes
1079 3676 1158 3739 ad
1206 3696 1407 3738 unum
1467 3675 1755 3738 homines
1810 3673 2008 3738 fuisse
2062 3676 2411 3740 imbecilles
2466 3681 2700 3752 mente,

386 3799 458 3841 ac
504 3799 694 3841 sensu
739 3775 1106 3860 judicioque
1153 3771 1531 3848 destitutos,
1584 3771 1684 3833 vel
1730 3770 1897 3834 viros
1943 3773 2135 3855 plane
2179 3773 2512 3856 indignOS,
2565 3792 2698 3835 sor·

566 3984 609 4051 ¹)
646 3984 712 4037 V.
749 3984 985 4039 Dissert.
1024 3982 1283 4037 XXVIII.
1322 3998 1377 4036 n.
1418 3982 1541 4048 1155
1578 3979 1848 4047 Raynald.
1887 3982 1956 4034 ad
1994 3996 2041 4033 a.
2085 3981 2222 4033 1254
2256 3998 2307 4033 n.
2349 3983 2431 4034 70.

564 4063 607 4129 2)
645 4063 711 4117 V.
750 4063 987 4118 Dissert.
1024 4060 1283 4116 XXVIII.
1322 4078 1374 4114 n.
1416 4063 1541 4127 1263
1579 4058 1851 4126 Raynald.
1890 4059 1958 4112 ad
1996 4074 2044 4112 a.
2085 4060 2219 4111 1277
2258 4076 2310 4112 n.
2351 4061 2432 4112 19.

562 4142 605 4210 ⁸)
641 4142 896 4197 Balutius
922 4142 1087 4197 Vitae
1126 4142 1167 4195 I.
1208 4144 1291 4195 56.
2451 4222 2478 4251 *

2381 4226 2445 4276 10
