3281 5014
655 422 866 489 Causae
903 430 1294 491 praeparantes
1334 424 1697 480 defectionem
1732 426 2187 481 Protestantium.
2466 430 2573 481 463

256 569 615 646 temporum
677 563 1064 643 socordiam,
1133 563 1368 644 quibus
1417 564 1647 646 plures
1706 565 2011 648 episcopi,
2082 566 2329 650 abjecta
2388 567 2571 632 ecclc-

254 660 510 724 siarum
570 678 730 724 cura
787 663 1324 742 terrenarumque
1384 681 1607 727 rerum
1659 681 1878 727 amore
1922 662 2201 742 irretiti,
2258 663 2573 729 inanibus

253 755 434 821 curis
478 777 543 820 se
590 755 1230 862 implicabantfflf—
1289 757 1645 823 Concilium
1697 760 2137 826 Lateranense
2186 763 2359 826 inter
2405 761 2571 828 Con-

253 854 399 918 cilia
444 854 853 918 oecumenica
897 854 1362 919 recensendum
1411 878 1546 920 esse
1576 856 1999 920 manifestum
2048 862 2176 942 est3
2226 858 2350 922 fuit
2398 858 2567 922 enim

251 950 616 1015 universale
689 949 1047 1015 Concilium
1126 955 1264 1015 tum
1334 954 1827 1031 convocatione,
1909 957 2048 1017 tum
2117 954 2570 1033 celebratione,

249 1052 390 1109 tum
464 1045 969 1111 confirmatione.
1096 1045 1437 1113 Sufficiens
1513 1050 2025 1132 repraesentatio
2103 1048 2428 1115 Ecclesiae
2502 1052 2570 1116 in

248 1143 713 1219 celebratione,
792 1143 1085 1226 quamvis
1154 1166 1459 1210 numerus
1528 1145 1966 1230 episcoporum
2036 1147 2248 1211 minus
2319 1148 2569 1231 amplus

249 1247 448 1317 esset,
516 1238 899 1315 habebatur,
975 1243 1039 1302 et
1101 1241 1409 1325 quidquid
1465 1242 1678 1326 quoad
1746 1244 2148 1307 materialem
2209 1266 2569 1328 repraesen-

251 1337 593 1413 tationem,
666 1356 740 1398 eo
796 1334 966 1418 quod
1030 1337 1218 1400 multi
1289 1339 1497 1402 vocati
1560 1361 1695 1403 non
1756 1344 2102 1421 venerant,
2168 1340 2569 1406 desideraba-

248 1437 383 1514 tur,
450 1431 859 1496 abundanter
922 1453 1037 1515 per
1098 1433 1430 1498 Pontificis
1497 1436 1929 1518 praesentiam
1992 1441 2058 1500 et
2115 1437 2567 1502 auctoritatem

246 1530 690 1613 supplebatur.

423 1644 521 1708 De
593 1641 879 1707 Concilio
951 1641 1164 1708 Later.
1222 1642 1293 1707 V.
1381 1645 1626 1709 consuli
1693 1650 1995 1728 possunt:
2068 1645 2235 1711 Acta
2298 1647 2569 1712 Concilii

250 1742 465 1808 Later.
499 1740 576 1803 V.
633 1762 734 1822 ap.
794 1737 1108 1805 Harduin.
1171 1741 1245 1804 T.
1290 1739 1411 1804 IX.
1467 1764 1527 1824 p.
1581 1743 2033 1807 1561—1856.
2085 1779 2173 1787 —
2227 1742 2568 1827 Raynald.,

247 1841 485 1905 Annal.
545 1863 600 1903 a.
667 1835 1123 1903 1512-1517.
1180 1875 1266 1883 —
1323 1837 1580 1902 Natalis
1637 1838 2039 1918 Alexander,
2105 1839 2277 1905 Hist.
2328 1839 2565 1914 EccleS,

240 1959 405 2004 saec.
462 1937 599 2002 XV.
650 1941 716 2002 et
763 1936 940 2001 XVI.
988 1935 1258 2001 Dissert.
1307 1934 1422 2000 XI.
1468 1970 1554 1981 —
1601 1934 1852 2013 Hefele,
1901 1936 1971 2001 G.
2022 1936 2098 2002 G.
2132 1936 2280 2002 VII.

1335 2228 1466 2297 ΙΙΙ.

326 2360 457 2425 Dc
502 2361 783 2426 causis
814 2359 1343 2440 praecipuis,
1392 2359 1696 2439 quibus
1727 2366 2264 2439 praeparata
2296 2360 2489 2439 fuit

858 2456 1207 2537 defectio
1252 2455 1541 2521 Prote-s
1549 2456 1950 2522 tantalum.

424 2612 524 2678 ¹75.
574 2612 879 2697 Magnam
921 2612 1096 2676 illam
1131 2611 1579 2692 defectionem,
1623 2634 1751 2696 qua
1789 2613 2058 2677 ineunte
2097 2613 2345 2677 saeculo
2376 2611 2558 2678 XVI.

243 2711 518 2775 societas
575 2709 925 2774 christiana
974 2708 1337 2774 Occidentis
1390 2708 1633 2772 afflicta
1681 2712 1807 2785 est,
1864 2709 2056 2773 variis
2114 2710 2319 2774 causis
2375 2732 2562 2793 prae-

242 2810 533 2890 paratam
600 2806 822 2888 fuisse,
893 2811 1032 2870 tum
1099 2827 1175 2869 ex
1244 2806 1382 2889 ipsa
1444 2811 1679 2870 natura
1746 2809 2094 2869 eventuum
2160 2826 2561 2890 magnorum,

241 2903 360 2985 qui
404 2924 560 2967 sane
606 2924 740 2966 non
787 2902 986 2967 veluti
1035 2924 1112 2966 ex
1161 2902 1436 2985 abrupto
1479 2902 1763 2966 accidere
1804 2902 2050 2978 solent,
2099 2902 2359 2986 conjici,
2419 2906 2558 2966 tum

242 3020 324 3061 ex
398 2998 490 3063 eis
556 3019 721 3082 quae
789 2997 1199 3062 disseruimus
1260 3000 1393 3083 jam
1453 2999 1671 3081 colligi
1733 3002 1963 3082 potest.
2072 2996 2393 3063 Convenit
2461 3004 2559 3063 ta·

245 3116 425 3172 men,
479 3099 552 3159 ut
597 3093 716 3159 hoc
774 3096 909 3159 loco
957 3095 1176 3177 paucis
1231 3095 1633 3158 insinuemus
1688 3096 2061 3178 praecipuas
2119 3117 2370 3177 causae,
2424 3096 2563 3180 qui-

244 3191 366 3255 bus
409 3190 1028 3273 pseudoreformatio
1085 3192 1209 3255 ista
1268 3195 1651 3275 praeparata
1696 3191 1840 3256 fuit.
1934 3192 2143 3267 Quum
2191 3213 2340 3256 vero
2387 3193 2559 3257 defe-

241 3288 373 3351 ctio
431 3288 500 3351 in
561 3308 635 3352 eo
692 3289 911 3367 fuerit,
978 3293 1051 3352 ut
1106 3292 1562 3371 rumperentur
1617 3311 1657 3352 a
1710 3288 1935 3352 multis
1990 3289 2249 3371 penitus
2304 3290 2560 3354 vincula

242 3382 390 3447 fidei
437 3388 504 3448 et
550 3385 1016 3449 communionis
1063 3384 1296 3468 quibus
1348 3385 1567 3448 unitas
1615 3382 1941 3448 Ecclesiae
1988 3385 2311 3466 consistit,
2372 3385 2560 3450 facile

245 3481 419 3545 vides
476 3480 628 3545 inde
674 3482 807 3564 peti
851 3481 1210 3565 generatim
1267 3480 1498 3544 debere
1546 3480 1926 3545 defectionis
1983 3481 2559 3563 praeparationem,

242 3576 416 3660 quod
472 3577 881 3659 praecedenti
940 3584 1229 3660 tempore
1283 3574 1547 3641 vincula
1601 3574 1723 3640 illa
1771 3573 2242 3642 communionis
2293 3579 2355 3640 et
2407 3575 2561 3658 fidei

243 3671 457 3754 maqis
501 3671 836 3754 mayisque
881 3671 1078 3737 atteri
1123 3672 1461 3755 coeperint.
1676 3677 1683 3686 ‘

425 3914 465 3984 ¹)
501 3916 588 3969 Ad
632 3932 680 3970 a.
723 3919 874 3971 1517.
925 3947 996 3955 —
1042 3917 1204 3971 Falso
1252 3924 1436 3973 tamen
1485 3918 1678 3972 scribit
1727 3918 1896 3972 Janus
1941 3936 1991 3987 p.
2032 3923 2160 3985 369,
2212 3919 2271 3973 in
2317 3919 2557 3974 Concilio

243 3995 428 4048 Later.
457 3995 523 4048 V.
562 4000 777 4049 tantum
815 3997 882 4049 65
922 3996 1207 4063 episcopos
1246 3996 1504 4052 adfuisse.
1586 3997 1670 4052 De
1708 3998 1948 4052 sessione
1974 3998 2131 4052 VIII.
2179 3999 2259 4052 ait
2295 3997 2454 4051 Paris
2492 3998 2558 4052 de

242 4073 488 4127 Crassis:
552 4075 827 4143 „Fuerunt
874 4074 931 4128 in
980 4080 1158 4129 totum
1206 4074 1440 4131 mithrae
1492 4081 1709 4131 centum
1760 4081 1818 4131 et
1866 4076 2069 4145 viginti
2119 4079 2282 4144 duae,
2342 4082 2560 4145 praeter

244 4151 565 4210 Pontificem
604 4158 661 4207 et
698 4153 1015 4209 Cardinales
1054 4154 1145 4222 qui
1182 4161 1328 4221 sunt,
1366 4161 1429 4208 ut
1466 4155 1598 4222 dixi,
1633 4154 1838 4223 viginti
1879 4155 2161 4223 quinque.“

358 4247 622 4300 Jungmann,
650 4248 1006 4290 Dissertationes.
1060 4249 1185 4292 Tem.
1212 4249 1293 4292 VI.
2172 4245 2241 4296 30

2592 2617 2748 2681 Variae
2777 2648 2876 2679 cau-

2695 2713 2783 2746 sae.
