3281 5014
961 424 1295 481 Benedictus
1332 426 1458 480 XII.
1498 431 1555 480 et
1592 425 1842 481 Clemens
1869 425 1964 478 VI.
2526 425 2633 477 163

302 567 568 642 rediret3
642 566 751 632 sed
822 565 1151 650 respondit
1221 568 1555 642 Pontifex,
1631 590 1700 631 se
1774 567 1838 632 id
1908 566 2161 650 quidem
2238 565 2470 629 habere
2546 565 2614 628 in

301 662 496 738 votis,
554 668 623 727 at
667 685 912 728 moram
970 685 1145 727 suam
1197 664 1267 728 in
1309 663 1727 747 transalpinis
1773 664 2145 746 regionibus
2195 662 2616 727 necessariam

304 781 439 824 esse
508 758 928 825 conciliandis
1002 758 1246 824 Galliae
1317 765 1383 826 et
1451 760 1729 843 Angliae
1801 760 2078 844 regibus.
2199 757 2613 823 Concordiam

301 860 524 919 tamen
570 856 743 920 inter
794 856 965 939 ipsos
1010 857 1353 921 restituere
1399 857 1570 921 haud
1616 858 1844 940 potuit.
1901 893 1976 901 —
2028 855 2365 921 Nicolaum
2413 853 2617 919 Rieu-

304 974 475 1032 zum,
532 952 641 1035 qui
683 953 908 1017 infimo
967 954 1108 1017 loco
1156 960 1346 1018 natus
1393 955 1503 1019 sed
1554 953 1817 1037 ingenio
1878 957 1945 1018 et
1999 953 2372 1036 eloquentia
2429 972 2614 1035 prae·

304 1048 510 1126 ditus,
588 1072 625 1113 a
683 1049 919 1133 populo
979 1047 1271 1114 Romano
1335 1051 1637 1115 tribunus
1701 1055 1952 1114 creatus
2019 1050 2266 1130 fuerat,
2340 1048 2615 1132 primum

305 1144 558 1227 quidem
623 1146 1054 1229 confirmavit3
1121 1146 1230 1211 sed
1295 1168 1443 1211 mox
1507 1145 1832 1211 hominem
1900 1146 2450 1230 superbissimum,
2513 1149 2612 1228 ty-

305 1242 568 1306 rannice
615 1241 935 1325 dignitate
982 1264 1108 1327 qua
1164 1243 1555 1328 fungebatur
1604 1243 2013 1317 abutentem,
2070 1264 2265 1325 opera
2310 1241 2616 1307 Cardina·

302 1338 382 1400 lis
447 1336 786 1402 Bertrandi
854 1339 1050 1422 legati
1126 1338 1227 1403 sui
1295 1338 1525 1424 dejecit
1599 1343 1795 1423 atque
1864 1339 2133 1423 fugavit.
2232 1337 2292 1402 A
2358 1337 2619 1403 Joanna

308 1433 610 1518 Neapolis
675 1435 899 1518 regina
967 1440 1033 1499 et
1101 1434 1475 1500 Provinciae
1538 1437 1866 1501 comitissa
1921 1436 2144 1516 urbem
2209 1435 2617 1499 Avenionen-
2665 1437 2726 1504 Sl

302 1553 436 1595 sem
505 1532 687 1607 emit,
757 1528 1290 1616 magnificumque
1358 1532 1706 1616 palatium,
1779 1532 1949 1615 quod
2018 1531 2405 1596 Benedictus
2463 1530 2612 1595 XII.

304 1619 635 1692 aedificare
707 1628 1070 1711 inceperat,
1148 1628 1526 1711 complevit,
1612 1629 1933 1712 simulque
2010 1629 2165 1692 varii
2246 1627 2617 1692 Cardinales

305 1722 652 1806 splendidis
698 1723 1211 1788 habitationibus
1256 1724 1580 1789 civitatem
1633 1731 2049 1789 exornarunt.
2138 1724 2450 1807 Tempore
2495 1725 2616 1788 im-

306 1821 515 1884 manis
579 1821 804 1904 pestis,
870 1842 1034 1904 quae
1098 1841 1211 1904 per
1273 1821 1489 1904 plures
1551 1843 1758 1886 annos
1818 1823 2028 1887 varias
2089 1822 2260 1886 orbis
2321 1823 2617 1906 regiones

303 1916 691 2002 depopulata
747 1920 874 1999 est,
929 1917 1257 1999 praeclara
1316 1918 1576 2000 pietatis
1638 1918 1816 1985 dedit
1875 1919 2256 2002 specimina3
2318 1917 2619 1999 Judaeos‚

306 2016 416 2098 qui
479 2037 516 2078 a
586 2014 771 2099 plebe
832 2015 1062 2097 ignara
1127 2014 1620 2090 accusabantur,
1691 2014 1860 2098 quod
1928 2015 2208 2079 fontium
2274 2020 2340 2078 et
2404 2019 2618 2097 puteo-

304 2132 445 2174 rum
516 2132 747 2195 aquam
804 2131 1057 2175 veneno
1131 2110 1438 2176 infectam
1502 2110 1962 2187 reddidissent,
2034 2117 2262 2176 contra
2324 2111 2618 2175 multitu-

303 2207 522 2271 dinum
588 2206 870 2271 furorem
933 2207 1249 2291 protexit,
1304 2206 1774 2291 flagellantium
1822 2209 2327 2292 superstitiosam
2376 2212 2616 2271 sectam

310 2304 611 2387 repressit
690 2309 884 2387 atque
963 2302 1313 2368 damnavit.
1435 2303 1802 2369 Jubilaeum
1871 2305 2238 2389 petentibus
2308 2304 2617 2369 Romanis

310 2400 391 2464 ob
437 2401 607 2465 vitae
665 2400 984 2465 humanae
1043 2401 1426 2465 brevitatem
1486 2401 1564 2464 ad
1620 2424 1862 2466 annum
1923 2423 2239 2485 quemque
2297 2402 2617 2486 quinqua-

306 2498 619 2582 gesimum
670 2496 962 2563 extendit
1019 2519 1132 2581 per
1178 2495 1429 2562 Bullam
1494 2495 1914 2580 Uniqenitus;
1968 2498 2138 2563 unde
2191 2498 2381 2562 etiam
2443 2519 2617 2562 anno

311 2594 480 2660 1350
547 2594 802 2679 ingenti
872 2593 1157 2659 fidelium
1229 2593 1636 2659 affluentium
1714 2595 2081 2680 frequentia
2150 2595 2388 2659 Romae
2457 2595 2615 2659 illud

309 2690 668 2755 Jubilaeum
717 2695 1046 2773 peractum
1097 2696 1213 2756 est.

491 2788 589 2852 17.
639 2785 927 2852 Sollicite
973 2787 1265 2852 Clemens
1296 2785 1412 2850 VI.
1464 2786 1808 2852 Ecclesiam
1856 2789 2274 2872 gubernavit,
2334 2788 2615 2853 faustus-

308 2904 433 2968 que
481 2884 608 2949 fuit
659 2886 722 2948 in
783 2884 1070 2967 plurimis
1126 2883 1425 2968 negotiis·
1517 2883 1693 2960 Quae
1747 2907 1898 2949 vero
1957 2890 2215 2970 propter
2269 2885 2615 2952 humanam

307 2981 722 3064 fragilitatem
780 2981 851 3044 in
908 3002 983 3045 eo
1038 2982 1250 3044 minus
1312 2981 1495 3046 laude
1552 2980 1752 3064 digna
1808 2982 2082 3060 fuerint,
2139 2981 2387 3047 Auctor
2446 2983 2616 3047 vitae

308 3080 548 3161 primae
614 3076 965 3142 Clementis
1034 3076 1204 3162 apud
1273 3075 1600 3140 Balutium
1688 3079 1857 3142 hisce
1932 3085 2148 3144 notat:
2233 3077 2403 3143 Suos
2475 3080 2616 3162 fra-

308 3176 453 3252 tres,
507 3176 781 3256 nepotes,
829 3171 1355 3255 consanguineos,
1398 3171 1829 3254 propinquos,
1877 3174 2332 3257 compatriotas
2377 3179 2437 3239 et
2482 3197 2616 3241 ser·

305 3267 545 3334 vitores
589 3268 772 3335 valde
816 3268 1061 3333 dilexit.
1159 3267 1493 3334 Plurimos
1537 3288 1818 3350 namque
1862 3290 1943 3334 ex
1987 3270 2105 3350 eis,
2166 3272 2279 3354 qui
2336 3277 2617 3354 tempore

308 3385 466 3431 suae
519 3364 953 3448 promotionis
1016 3370 1204 3431 erant
1267 3365 1343 3431 in
1408 3369 1588 3431 statu
1661 3367 2106 3448 ecclesiastico,
2176 3372 2293 3434 aut
2359 3368 2614 3435 demum

306 3482 437 3526 esse
479 3460 854 3540 voluerunt,
909 3462 985 3527 in
1032 3462 1185 3527 altis
1228 3466 1288 3526 et
1327 3461 1588 3543 maynis
1622 3463 2030 3545 praelaturis
2075 3468 2136 3529 et
2181 3464 2616 3549 diynitatibus

305 3557 711 3638 sublimavit,
782 3558 1019 3625 multos
1085 3579 1233 3624 vero
1302 3558 1734 3641 inferioribus
1798 3558 2115 3641 beneficiis
2178 3562 2317 3644 fere
2380 3560 2616 3644 ubique

306 3659 636 3743 terrarum
701 3654 1127 3721 existentibus
1191 3653 1535 3720 collocavit.
1645 3655 1739 3720 Et
1805 3677 2202 3740 quamquam
2269 3658 2444 3723 inter
2512 3679 2617 3723 eos

304 3749 500 3816 multi
555 3750 811 3834 fuerint
867 3750 1083 3817 idonei
1140 3755 1200 3816 et
1256 3751 1679 3834 sufficientes,
1743 3752 1900 3835 quia
1961 3759 2174 3821 tamen
2232 3755 2619 3837 quandoque

301 3847 478 3930 ipsos
519 3847 839 3935 praetulit
885 3847 1152 3913 caeteris
1208 3847 1418 3931 maqis
1465 3853 1583 3915 aut
1640 3869 1837 3931 aeque
1894 3851 2393 3934 sufficientibus,
2451 3853 2618 3917 alios

304 3964 453 4009 vero
500 3943 594 4010 sic
634 3943 889 4028 passim
936 3948 996 4009 et
1040 3944 1415 4010 indistincte
1461 3950 1520 4010 et
1566 3947 1756 4028 quasi
1805 3944 2042 4029 ubique
2088 3948 2432 4029 collocavit,
2478 3950 2611 4032 for-

308 4040 501 4106 tassis
562 4040 816 4123 aliquid
879 4040 1057 4106 ultra
1121 4040 1404 4106 debitum
1467 4042 1527 4107 ei
1588 4062 1740 4110 caro
1805 4046 1865 4106 et
1926 4044 2198 4127 sanquis
2260 4045 2385 4110 sibi
2442 4065 2615 4110 reve·

305 4136 471 4203 lasse
502 4142 857 4204 censentur.
928 4136 1033 4202 De
1081 4137 1268 4204 laicis
1312 4142 1372 4203 et
1410 4139 1799 4221 praesertim
1831 4139 1907 4204 de
1952 4140 2134 4206 domo
2165 4161 2286 4206 sua
2324 4146 2611 4225 paterna
