3281 5014
881 1606 1597 1730 Dissertatio
1662 1610 2312 1756 trigesima
2364 1618 2750 1731 sexta.

1086 1799 1210 1878 De
1267 1800 1509 1882 statu
1568 1801 2020 1882 Ecclesiae
2076 1801 2187 1882 ad
2242 1798 2519 1882 flnem
2630 1809 2634 1813 ’

653 1912 1080 2010 vergente
1120 1914 1477 1997 saeculo
1519 1915 1706 1999 XV.
1757 1917 1847 1997 et
1896 1915 2270 1997 ineunte
2327 1913 2686 1997 saeculo
2721 1912 2965 1995 XVI.

338 2244 620 2348 Ῑῖῑὸῗθὲῑᾶἷῑο·
836 2239 892 2302 1.
959 2220 1253 2311 &mnium
1320 2246 1670 2305 eventuum
1733 2243 1842 2326 qui
1904 2242 1970 2306 in
2020 2241 2346 2306 Ecclesiae
2408 2241 2678 2304 historia
2720 2238 2969 2302 ultimis

337 2320 477 2348 ''¹⁸¹''
512 2320 615 2348 ⁰⁹⁸⁶
654 2335 922 2400 saeculis
982 2335 1347 2400 acciderunt
1409 2337 1878 2403 funestissimus
1934 2337 2060 2400 fuit
2115 2337 2390 2401 defectio
2446 2336 2592 2412 illa,
2653 2357 2776 2420 qua
2829 2355 2966 2399 sae·

654 2433 796 2496 culo
846 2433 1086 2497 decimo
1136 2437 1318 2497 sexto
1376 2432 1548 2498 haud
1606 2435 1847 2519 exigua
1884 2433 2400 2502 Christianorum
2462 2455 2609 2518 pars
2667 2433 2734 2496 in
2781 2429 2965 2495 Occi·

652 2530 847 2594 dente
907 2552 945 2594 a
1014 2551 1165 2593 vera
1230 2530 1351 2594 fide
1417 2535 1482 2595 et
1545 2532 1626 2595 ab
1690 2532 1976 2597 Ecclesia
2039 2532 2356 2596 catholica
2418 2531 2672 2596 defecit.
2783 2528 2968 2592 Haec

653 2626 922 2691 defectio
964 2626 1232 2690 aliorum
1281 2627 1535 2711 quidem
1583 2630 2038 2712 perversitate,
2087 2629 2355 2693 aliorum
2402 2628 2772 2693 seductione
2818 2647 2962 2689 con·

652 2727 973 2787 summata
1046 2727 1175 2806 est3
1243 2723 1348 2787 sed
1417 2725 1944 2807 quemadmodum
2010 2727 2076 2789 in
2145 2727 2280 2789 vita
2341 2726 2744 2809 singulorum
2814 2743 2968 2806 gra·

652 2822 858 2885 viores
915 2820 1131 2902 lapsus
1189 2822 1552 2903 praeparari
1613 2825 1826 2886 solent
1879 2822 2188 2886 diuturno
2248 2845 2435 2907 saepe
2490 2827 2805 2904 tempore,
2867 2819 2970 2882 ita

654 2918 848 2982 etiam
913 2917 980 2979 in
1038 2916 1340 2979 societate
1403 2939 1640 3002 magna
1704 2918 2060 2983 christiana
2118 2919 2430 3002 paulatim
2494 2919 2678 3002 plura
2735 2936 2957 2981 evene·

652 3019 838 3089 runt,
887 3012 1119 3097 quibus
1166 3013 1316 3075 talis
1364 3014 1740 3080 defectionis
1787 3018 2028 3081 crimen
2077 3016 2274 3079 veluti
2319 3019 2770 3099 praeparatum
2818 3011 2967 3076 fuit.

649 3112 818 3177 Illud
865 3114 1079 3174 autem
1136 3131 1365 3173 munus
1412 3116 1704 3177 nostrum
1753 3114 2095 3177 manifeste
2141 3112 2440 3196 requirit,
2495 3116 2570 3175 ut
2624 3110 2774 3173 dum
2820 3130 2961 3192 per-

648 3210 997 3273 lustramus
1054 3205 1389 3270 historiam
1446 3215 1836 3291 temporum,
1895 3232 2060 3293 quae
2118 3210 2505 3293 apostasiam
2564 3209 2735 3271 hanc
2782 3227 2967 3290 prae·

650 3308 1009 3378 cesserunt,
1069 3324 1409 3391 rerumque
1466 3312 1708 3369 statum
1759 3307 2166 3389 exponimuS‚
2223 3306 2303 3370 ad
2350 3327 2425 3369 ea
2479 3304 2701 3369 sedulo
2746 3307 2969 3367 atten-

652 3402 892 3478 damuS‚
928 3424 1089 3487 quae
1120 3406 1186 3470 in
1218 3404 1579 3489 praefatum
1614 3407 1915 3467 eventum
1949 3404 2228 3487 aliquem
2261 3402 2577 3467 influxum
2606 3420 2967 3465 exercuere?

651 3498 774 3565 Sed
840 3500 988 3565 inde
1056 3502 1136 3565 ab
1209 3502 1397 3566 initio
1465 3521 1929 3584 praeoccupare
1987 3500 2291 3564 convenit
2352 3520 2687 3563 erroneum
2749 3518 2963 3580 quem·

651 3597 795 3661 dam
854 3620 1066 3662 rerum
1126 3603 1521 3680 conceptum.
1614 3596 1716 3661 Ne
1771 3597 1849 3660 de
1898 3596 2408 3660 Protestantium
2470 3595 2809 3677 loquamur
2868 3613 2971 3655 er-

650 3716 823 3771 rore,
888 3696 994 3779 qui
1053 3694 1523 3779 praetendunt,
1577 3695 1770 3758 talem
1831 3694 2027 3758 fuisse
2083 3692 2408 3757 Ecclesiae
2466 3690 2960 3774 corruptionem,

652 3796 726 3857 ut
791 3792 1083 3877 legitima
1147 3799 1211 3858 et
1276 3795 1456 3877 justa
1524 3790 1725 3855 fuerit
1787 3790 2138 3874 separatio,
2204 3811 2397 3874 quam
2466 3788 2587 3851 sub
2655 3785 2969 3850 ementita

650 3889 1129 3954 reformationis
1210 3888 1637 3973 appellatione
1716 3887 2086 3972 designant:
2164 3889 2577 3970 praepostera
2651 3882 2960 3967 quaedam

649 3986 868 4069 opinio
916 3987 1109 4050 etiam
1159 3985 1325 4069 apud
1374 3984 1736 4049 Catholicos
1785 3982 2109 4049 interdum
2159 3982 2508 4047 invenitur.
2596 3979 2962 4045 Autumant
3028 4011 3031 4014 1

652 4083 945 4147 videlicet
1005 4083 1234 4165 aliqui,
1310 4082 1426 4147 tali
1487 4081 1893 4163 perversione
1954 4080 2321 4163 talibusque
2384 4077 2687 4142 abusibus
2749 4073 2968 4139 Eccle-
