3281 5014
1211 441 1293 494 De
1330 440 1574 494 Concilio
1610 440 1828 493 Pisano,
2573 443 2675 495 281

354 580 704 655 Pontifex3
772 582 870 645 vel
934 589 1300 665 opportuna
1361 581 1571 646 media
1633 580 1996 645 adhibenda
2058 585 2246 646 erant
2296 582 2374 645 ad
2430 587 2679 646 utrum·
2712 597 2784 639 An
2810 609 2993 668 οοωςοῃ-

356 699 489 761 que
551 676 934 743 Pontificem
996 678 1426 743 inducendum
1497 678 1577 742 ad
1644 678 2026 759 cessionem,
2094 682 2159 741 et
2222 678 2495 745 schisma
2558 679 2680 744 hoc
2737 659 2980 762 tfflffffh'

363 774 550 839 modo
622 775 1180 859 exstinguendum.
1248 812 1334 823 --
1396 775 1492 838 Ex
1560 776 1767 839 altera
1828 782 2047 837 tamen
2110 780 2294 858 parte
2357 777 2677 853 existim0‚

355 870 766 946 CardinaleS‚
833 872 1168 955 praecipue
1233 872 1397 955 quod
1466 871 1846 956 Gregorium
1911 870 2063 935 XII.
2127 877 2403 954 spectat,
2477 873 2680 937 nimia

364 968 711 1033 acerbitate
775 974 841 1031 et
898 968 1317 1033 festinatione
1377 970 1775 1053 processisse.
1880 966 2257 1033 Potuissent
2311 970 2482 1033 enim
2542 991 2680 1052 pro·

364 1064 667 1147 positioni
714 1065 851 1148 ejus
895 1064 972 1127 de
1019 1065 1426 1129 convocanda
1471 1066 1795 1130 communi
1837 1063 2094 1148 synodo
2140 1066 2558 1148 acquiescere,
2604 1072 2678 1131 ut

353 1164 537 1224 certo
569 1163 915 1237 constaret,
963 1162 1174 1225 media
1214 1162 1668 1226 convenientia
1714 1162 2005 1226 adhibita
2051 1162 2248 1226 fuisse
2295 1162 2373 1225 ad
2406 1163 2679 1227 schisma

362 1256 724 1320 tollendum
770 1262 837 1322 et
884 1256 1264 1342 Gregorium
1317 1259 1583 1323 omnino
1631 1260 1806 1323 nolle
1853 1256 2066 1323 officio
2122 1280 2238 1323 suo
2290 1260 2677 1323 satisfacere.

352 1351 497 1417 Sub
552 1353 687 1419 hoc⁴
729 1358 1053 1438 respectu,
1113 1359 1428 1438 quatenus
1489 1355 1867 1440 obsequium
1925 1356 2319 1420 conveniens
2371 1354 2681 1439 Gregorio

365 1472 499 1515 non
546 1450 999 1531 exhibuerunt,
1045 1448 1346 1532 objectiva
1375 1451 1488 1515 illa
1525 1452 1900 1516 convocat-io
1933 1451 2198 1516 Concilii
2232 1475 2368 1515 non
2414 1454 2679 1517 omnino

352 1547 703 1631 -approbari
751 1570 934 1631 posse
981 1547 1250 1611 videtur.

544 1679 647 1743 51.
714 1678 952 1743 Restat
1012 1680 1334 1764 quaesti0‚
1401 1703 1486 1743 an
1546 1684 1689 1744 acta
1753 1678 1995 1763 Synodi
2062 1680 2273 1762 quoad
2333 1685 2679 1759 utrumque

352 1774 443 1839 de
503 1776 882 1859 pontificatu
942 1776 1466 1858 contendentem,
1532 1775 1916 1860 Gregorium
1973 1781 2036 1840 et
2096 1774 2546 1851 Benedictum,
2614 1781 2692 1839 et

354 1872 591 1937 electio
634 1871 988 1937 Alexandri
1020 1871 1101 1936 V.
1145 1872 1392 1937 fuerint
1438 1872 1667 1936 valida.
1762 1870 2231 1949 BellarminuS,
2289 1870 2395 1934 De
2444 1868 2679 1935 Concil.

355 1968 448 2034 L.
496 1966 552 2048 I.
613 1988 660 2031 ε.
707 1969 781 2047 8,
841 1970 960 2033 ait:
1024 1967 1152 2033 Est
1204 1968 1345 2051 fere
1391 1968 1751 2034 communis
1796 1968 2041 2051 opiniO,
2108 1966 2560 2032 Alexandrum
2619 1970 2679 2030 et

351 2064 481 2153 «qui
547 2063 607 2129 ei
674 2065 978 2129 successit
1043 2064 1368 2130 Joamzem
1429 2065 1638 2149 fuisse
1706 2086 1887 2130 veros
1955 2064 2315 2144 Pontifices.
2432 2063 2677 2128 Graves

359 2168 581 2226 tamen
630 2184 765 2226 non
803 2162 1039 2226 desunt
1077 2168 1392 2240 auctoreS‚
1455 2164 1555 2227 uti
1611 2186 1666 2228 e.
1719 2184 1779 2247 g.
1840 2162 1903 2228 S.
1954 2162 2360 2237 Antonium,
2428 2158 2675 2227 Chron.

355 2258 444 2323 L.
491 2256 632 2323 III.
679 2256 777 2322 tit.
826 2257 1058 2323 XXII.
1111 2282 1161 2324 c.
1211 2258 1336 2341 53)
1393 2259 1772 2342 Raynaldus
1830 2261 1908 2324 ad
1964 2283 2019 2323 a.
2077 2260 2244 2323 1409
2305 2282 2369 2323 n.
2422 2258 2673 2324 79—81

363 2364 429 2420 et
464 2356 695 2421 Petrus
726 2355 1056 2438 Ballerini,
1101 2354 1206 2419 De
1234 2359 1463 2437 potest.
1498 2354 1758 2433 Eccles.,
1806 2378 2063 2422 necnon
2095 2355 2443 2439 Gregorius
2475 2355 2679 2432 XVI„

372 2450 718 2536 Pn'omphe
763 2451 853 2519 du
900 2451 992 2519 St.
1039 2450 1249 2535 Sieye,
1299 2450 1601 2518 Discours
1648 2452 2103 2536 preliminaire,
2149 2475 2213 2517 n.
2268 2456 2322 2517 1.
2367 2475 2526 2537 sqq.,
2570 2455 2680 2538 qui

351 2551 742 2616 existimant
816 2551 1059 2633 potiuS,
1139 2551 1331 2613 etiam
1415 2555 1560 2634 post
1631 2549 1988 2615 Concilium
2063 2549 2370 2614 Pisanum
2439 2549 2679 2635 Grego-

544 2747 586 2814 1)
637 2747 688 2802 S.
734 2748 1048 2802 Antoninus
1100 2750 1166 2804 de
1215 2749 1454 2803 moribus
1502 2747 1760 2818 Gregorii
1805 2755 2047 2815 tempore
2093 2747 2325 2802 Concilii
2371 2749 2679 2804 Florentini

350 2825 543 2881 ⁴verbis
589 2833 703 2880 tam
739 2827 1048 2896 magnificis
1094 2828 1363 2895 loquitur,
1408 2833 1471 2882 ut
1507 2833 1699 2895 pateat
1733 2827 1910 2894 ipsum
1959 2827 2213 2882 habuisse
2254 2828 2579 2898 Gregorium
2616 2839 2680 2883 ut

359 2904 671 2975 legitimum
697 2905 1031 2961 Pontificem.
1091 2908 1189 2972 „In
1225 2914 1312 2961 tot
1350 2912 1550 2972 autem,
1589 2907 1797 2972 scribit,
1836 2906 2083 2961 adversis
2114 2911 2172 2960 et
2208 2907 2676 2974 persecutionibus

350 2989 473 3037 ·tam
514 2993 776 3038 constans
823 2991 880 3038 et
918 2985 1300 3052 magnanimus
1347 2985 1479 3051 fuit,
1529 2991 1592 3039 ut
1637 2986 1718 3039 nil
1751 2985 2034 3040 videretur
2072 2985 2138 3040 de
2184 2985 2269 3038 his
2310 3002 2518 3041 curare.
2558 3029 2569 3040 .
2610 3028 2622 3040 .
2664 3029 2675 3040 .

351 3063 452 3118 -Sic
487 3063 623 3116 fixus
652 3069 775 3117 erat
810 3064 866 3117 in
904 3065 990 3117 his
1029 3081 1165 3131 quae
1204 3066 1309 3118 sibi
1338 3065 1679 3119 conscientia
1717 3064 1977 3130 dictabat,
2015 3069 2077 3118 ut
2113 3065 2296 3119 nullus
2331 3072 2518 3132 posset
2557 3083 2675 3121 eum

352 3159 394 3196 a
433 3158 533 3197 suo
570 3141 854 3210 proposito
892 3158 1192 3208 removere,
1230 3185 1242 3196 .
1283 3185 1295 3197 .
1336 3185 1348 3196 .
1388 3144 1468 3197 sic
1509 3143 1814 3210 sapientiae
1852 3143 2096 3209 dedituS‚
2137 3150 2197 3197 ut
2234 3160 2267 3197 a
2305 3146 2676 3212 speculatione

362 3228 419 3277 et
464 3222 929 3290 disputationibus
974 3237 1083 3274 non
1133 3229 1392 3276 cessaret.
1476 3220 1815 3291 Congregati
1857 3221 2073 3277 interea
2109 3222 2254 3276 Pisis
2299 3236 2677 3290 processerunt

359 3295 419 3356 in
455 3312 650 3369 coepto
690 3317 812 3369 suo;
853 3307 979 3370 post
1015 3301 1298 3370 legitimas
1337 3303 1493 3355 modo
1533 3317 1630 3355 suo
1672 3302 1964 3356 citationes
2002 3316 2109 3355 non
2148 3309 2541 3369 comparentes,
2580 3306 2678 3359 sed

354 3386 729 3443 contumaces,
779 3386 970 3434 contra
1021 3395 1114 3433 cos
1164 3379 1496 3434 sententiam
1547 3380 1913 3446 depositionis
1964 3388 2020 3435 et
2064 3381 2392 3448 privationis
2441 3384 2677 3449 protule-

361 3469 516 3525 runt,
564 3459 888 3529 Gregorium
938 3464 995 3513 et
1031 3458 1405 3512 Benedictum.
1446 3498 1458 3511 .
1499 3500 1510 3511 .
1551 3500 1562 3511 .
1609 3458 1916 3527 Elegerunt
1957 3461 2015 3512 in
2052 3460 2366 3514 Praesulem
2414 3477 2677 3515 summum

361 3541 583 3594 Petrum
623 3539 690 3592 de
728 3537 953 3603 Gaudia,
1003 3537 1183 3591 virum
1223 3536 1410 3603 utique
1446 3536 1610 3590 valde
1648 3539 1883 3604 peritum
1921 3538 1979 3590 in
2015 3538 2301 3607 theologia
2336 3545 2395 3594 et
2432 3541 2678 3608 specula-

353 3619 497 3674 tiva.
535 3658 549 3671 .
588 3658 600 3670 .
640 3657 654 3670 .
701 3617 802 3682 Qui
853 3632 996 3670 anno
1043 3632 1149 3669 uno
1190 3615 1381 3670 Sedem
1418 3615 1572 3669 Petri
1624 3618 1806 3670 tenuit
1852 3618 2146 3671 secundum
2192 3633 2528 3673 communem
2564 3622 2679 3688 opi·

361 3695 628 3750 nionem.“
692 3695 969 3762 Antiquus
1009 3703 1200 3750 auctor
1236 3695 1328 3762 qui
1365 3694 1574 3748 scholia
1611 3695 1818 3763 adjecit
1854 3695 1903 3749 S.
1929 3697 2224 3763 Antonino,
2264 3697 2333 3750 ad
2370 3697 2503 3752 haec
2541 3702 2678 3754 scri·

360 3775 467 3829 bit:
506 3773 736 3828 Addidit
772 3781 955 3828 autem
994 3775 1058 3827 D.
1100 3775 1415 3828 Antoninus
1451 3773 1743 3828 secundum
1778 3792 2108 3829 communem
2144 3775 2469 3844 opinionem,
2506 3778 2679 3848 signi-

360 3853 548 3919 ficanS,
587 3870 654 3908 ex
693 3870 791 3907 sua
830 3852 1125 3915 sententia,
1162 3853 1526 3907 Alexandrum
1553 3853 1618 3906 V.
1658 3869 1767 3908 non
1795 3853 1968 3910 fuisse
2003 3855 2309 3923 legitimum
2338 3857 2677 3917 Pontificem,

352 3932 456 3987 sed
497 3932 827 4001 Gregorium
864 3933 990 3986 XII.
1074 3931 1211 3986 Nam
1261 3948 1380 3985 cum
1435 3931 1583 3985 beati
1631 3932 1864 3986 Joannis
1911 3933 2183 3988 Dominici
2223 3935 2532 3991 Cardinalis
2568 3938 2679 3993 Ra·

360 4011 547 4079 gusini
583 4018 824 4066 sectator
859 4011 1028 4066 fuerit
1067 4017 1122 4066 et
1159 4009 1488 4078 discipuluS,
1529 4010 1619 4078 qui
1658 4028 1869 4080 semper
1907 4012 2159 4082 Gregorii
2201 4015 2326 4068 XII.
2370 4029 2557 4082 partes
2598 4025 2680 4072 est

352 4099 600 4155 secutuS,
640 4091 758 4158 ipse
797 4106 1006 4158 quoque
1045 4090 1189 4144 hunc
1221 4089 1550 4158 Gregorium
1591 4105 1779 4144 verum
1819 4092 2015 4158 ubique
2054 4097 2110 4147 et
2147 4094 2456 4161 legitimum
2493 4096 2682 4150 Ponti·

350 4168 515 4223 ‘ficem
551 4170 942 4236 praedicavit.“
1021 4170 1144 4223 Vid.
1185 4168 1455 4235 Raynald.
1492 4185 1541 4223 a.
1585 4170 1739 4222 1409.
1779 4187 1828 4223 n.
1870 4172 1951 4228 79.
