3281 5014
1045 434 1128 489 De
1166 434 1331 489 Bulla
1375 434 1552 489 Unam
1587 434 1855 510 Sanctam.
2538 436 2609 488 49

296 579 487 641 tuum
531 573 606 640 in
637 575 962 659 vaqinam.
1061 575 1336 658 Uterque
1363 596 1512 659 erqo
1556 573 1630 639 in
1665 579 1984 657 potestate
2019 575 2364 657 Ecclesiae,
2412 576 2607 660 spiri-

294 671 502 738 tualis
541 671 782 737 scilicet
820 670 1084 756 qladius
1131 676 1189 738 et
1239 671 1639 738 materialis:
1681 672 1791 737 sed
1833 671 1893 736 is
1937 671 2193 753 quidem
2229 694 2357 756 pro
2391 673 2608 738 Eccle-

293 767 419 849 sia,
464 767 576 832 ille
619 789 769 833 vero
804 769 884 834 ab
920 768 1214 835 Ecclesia
1260 767 1687 833 exercendus:
1729 766 1841 833 ille
1882 769 2251 851 sacerdotis,
2299 769 2359 835 is
2403 763 2609 836 manu

291 885 525 947 requm
571 869 632 929 et
675 864 990 945 militum,
1047 865 1156 930 sed
1199 866 1286 930 ad
1340 869 1576 930 nutum
1634 869 1696 930 et
1742 865 2136 948 patientiam
2182 865 2547 933 sacerdotis.
2556 864 2607 950 ¹)

299 961 565 1044 Oportet
612 966 829 1027 autem
868 961 1166 1044 qladium
1213 982 1344 1026 esse
1379 961 1497 1028 sub
1536 962 1778 1045 qladio,
1825 966 1887 1026 et
1933 963 2343 1046 temporalem
2390 966 2608 1027 aucto-

293 1056 563 1123 ritatem
620 1057 963 1140 spirituali
1015 1057 1252 1142 subjici
1296 1058 1626 1142 potestati.
1726 1057 1903 1124 Nam
1957 1080 2158 1141 quum
2214 1059 2391 1125 dicat
2435 1059 2607 1141 Apo·

293 1152 534 1221 stolus:
577 1154 730 1220 Non
773 1159 868 1220 est
902 1159 1209 1238 potestas,
1255 1155 1391 1222 nisi
1429 1175 1470 1220 a
1510 1156 1672 1236 Deo,
1720 1177 1886 1239 quae
1930 1160 2146 1222 autem
2194 1160 2352 1222 sunt
2394 1176 2436 1221 a
2467 1155 2609 1220 Deo

296 1250 608 1317 ordinata
661 1256 820 1318 sunt
829 1271 856 1332 ,·
906 1273 1039 1318 non
1098 1251 1406 1318 ordinata
1464 1257 1703 1333 essent,
1770 1251 1905 1317 nisi
1954 1252 2222 1334 qladius
2276 1256 2437 1316 esset
2490 1250 2608 1317 sub

289 1346 548 1430 qladio,
610 1353 672 1412 et
733 1353 1049 1430 tanquam
1117 1348 1400 1431 inferior
1454 1349 1874 1416 reduceretur
1921 1369 2046 1432 per
2103 1347 2310 1414 alium
2368 1348 2444 1413 in
2498 1368 2609 1412 su-

290 1464 540 1526 prema.
647 1445 825 1510 Nam
870 1446 1221 1511 secundum
1283 1445 1537 1511 beatum
1586 1445 1989 1528 Dionysium
2003 1494 2021 1525 ,
2086 1445 2190 1509 lex
2234 1444 2611 1510 divinitatis

296 1544 410 1620 est,
455 1540 687 1622 infima
734 1562 860 1625 per
903 1543 1116 1608 media
1170 1541 1243 1607 in
1290 1563 1596 1626 suprema
1654 1541 1893 1608 reduci.
1985 1542 2134 1608 Non
2192 1562 2343 1624 erqo
2388 1561 2609 1606 secun-

296 1637 455 1702 dum
500 1637 792 1704 ordinem
837 1638 1134 1704 universi
1179 1639 1399 1705 omnia
1445 1659 1644 1721 aeque
1688 1659 1764 1704 ac
1794 1637 2181 1718 immediate,
2228 1638 2338 1702 sed
2379 1637 2611 1718 infima

285 1753 415 1817 per
459 1735 699 1815 media,
756 1740 818 1801 et
869 1735 1196 1818 inferiora
1240 1757 1367 1819 per
1421 1735 1765 1818 superiora
1821 1734 1909 1801 ad
1959 1734 2252 1800 ordinem
2295 1734 2611 1799 reducun-

297 1835 431 1897 tur.
527 1830 957 1915 Spiritualem
1013 1837 1232 1898 autem
1287 1837 1348 1898 et
1402 1832 1724 1917 diqnitate
1779 1836 1841 1898 et
1890 1831 2229 1898 nobilitate
2283 1836 2611 1896 terrenam

297 1927 652 2008 quamlibet
707 1930 1097 2013 praecellere
1149 1934 1565 2013 potestatem,
1642 1933 1889 2012 oportet
1947 1933 2131 1994 tanto
2190 1928 2439 1994 clarius
2495 1946 2613 1992 nos

293 2024 520 2106 fateri,
566 2031 811 2108 quanto
854 2027 1240 2110 spiritualia
1270 2026 1657 2110 temporalia
1700 2025 2107 2092 antecellunt.
2187 2025 2372 2106 Quod
2415 2022 2612 2089 etiam

297 2140 380 2185 ea:
423 2121 824 2189 decimarum
869 2124 1157 2203 datione,
1217 2129 1279 2188 et
1320 2123 1778 2201 benedictione,
1836 2128 1897 2186 et
1940 2121 2477 2204 sanctificatione,
2533 2140 2615 2184 ex

294 2215 511 2299 ipsius
547 2220 892 2301 potestatis
935 2219 1325 2302 acceptione,
1383 2240 1463 2284 ex
1513 2219 1813 2303 ipsarum
1868 2241 2091 2285 rerum
2141 2216 2615 2303 qubernatione

299 2314 498 2380 claris
544 2316 748 2382 oculis
798 2317 1169 2383 intuemur:
1219 2337 1375 2382 nam
1416 2315 1700 2381 Veritate
1755 2320 2029 2381 testante
2086 2313 2461 2398 spiritualis
2496 2333 2611 2395 po-

298 2414 499 2476 testa-s
560 2417 884 2479 terrenam
937 2417 1323 2496 potestatem
1379 2412 1727 2479 instituere
1785 2412 2002 2493 habet,
2067 2415 2128 2476 et
2167 2409 2499 2495 judicare,
2556 2407 2616 2472 si

300 2509 467 2575 bona
528 2532 663 2577 non
715 2510 941 2593 fuerit.
1045 2510 1155 2576 Sic
1217 2511 1292 2575 de
1348 2510 1644 2576 Ecclesia
1699 2514 1761 2575 et
1819 2507 2243 2575 ecclesiastica
2297 2510 2615 2590 potestate

296 2606 679 2688 verificatur
722 2607 1108 2674 vaticinium
1138 2607 1496 2672 Jeremiae:
1540 2607 1708 2672 Ecce
1733 2606 2044 2672 constitui
2087 2611 2148 2671 te
2188 2604 2376 2670 hodie
2418 2623 2616 2686 super

292 2707 520 2787 gentes
564 2708 625 2769 et
667 2724 892 2788 reqna,
942 2707 1005 2769 et
1049 2709 1301 2769 caetera
1348 2723 1513 2786 quae
1556 2708 1939 2786 sequuntur.

476 2818 661 2902 Erqo
706 2818 767 2883 si
811 2816 1027 2883 deviat
1074 2822 1336 2884 terrena
1369 2822 1692 2901 potestas,
1736 2815 2154 2901 judicabitur
2209 2835 2252 2879 a
2299 2815 2615 2896 potestate

298 2915 642 3000 spirituali
650 2935 677 2997 ,·
730 2914 840 2980 sed
890 2915 949 2982 si
993 2914 1208 2980 deviat
1252 2913 1656 2998 spiritualis,
1713 2913 1929 2980 minor
1982 2934 2023 2978 a
2076 2933 2194 2978 suo
2249 2910 2576 2994 superiori
2588 2931 2615 2992 ,·

297 3012 361 3089 si
405 3034 556 3078 vero
601 3032 925 3095 suprema,
973 3033 1015 3077 a
1058 3013 1191 3077 solo
1223 3012 1382 3092 Deo,
1427 3032 1558 3077 non
1605 3010 1687 3076 ab
1726 3010 1983 3077 homine
2015 3008 2264 3092 poterit
2294 3008 2614 3092 judicari,

298 3113 579 3178 testante
609 3108 949 3192 Apostolo:
987 3106 1385 3191 Spiritualis
1415 3107 1601 3173 homo
1632 3107 1897 3191 judicat
1927 3106 2165 3186 omnia,
2213 3106 2352 3189 ipse
2397 3110 2616 3172 autem

297 3228 345 3273 a
398 3206 656 3272 nemine
701 3203 1066 3287 judicatur.
1158 3204 1285 3269 Est
1347 3208 1566 3269 autem
1619 3204 1775 3269 haec
1832 3203 2220 3283 auctoritas,
2284 3202 2404 3267 etsi
2456 3201 2617 3267 data

298 3304 390 3369 sit
435 3302 705 3384 homini,
752 3306 812 3367 et
856 3305 1235 3367 exerceatur
1269 3322 1393 3384 per
1436 3299 1778 3380 hominem,
1824 3321 1957 3366 non
1993 3299 2307 3378 humana,
2354 3299 2465 3364 sed
2497 3320 2614 3382 po-

299 3400 440 3467 tius
482 3398 713 3466 divina
749 3403 1063 3483 potestas,
1123 3418 1233 3463 ore
1285 3396 1506 3463 divino
1549 3397 1746 3462 Petro
1801 3397 1956 3461 data
1971 3446 1989 3477 ,
2048 3396 2298 3478 sibique
2355 3396 2619 3478 suisque

300 3496 776 3563 successoribus
830 3496 904 3561 in
949 3495 1089 3578 ipso
1141 3493 1436 3574 Christo,
1496 3515 1682 3576 quem
1728 3493 2069 3579 professus
2122 3493 2374 3575 fuerat,
2420 3497 2617 3576 petra

295 3594 588 3676 firmata,
629 3593 876 3660 dicente
906 3592 1195 3659 Domino
1234 3590 1368 3675 ipsi
1397 3590 1627 3658 Petro:
1673 3590 2126 3672 Quodcumque
2167 3589 2475 3675 liqaveris
2506 3594 2615 3655 etc·

307 3691 695 3774 Quicunque
737 3690 950 3775 iqitur
993 3689 1146 3757 huic
1180 3686 1493 3772 potestati
1543 3709 1586 3753 a
1633 3688 1776 3753 Deo
1825 3687 1919 3753 sic
1962 3687 2306 3753 ordinatae
2348 3685 2617 3770 resistit,

304 3788 439 3854 Dei
483 3787 888 3854 ordinationi
943 3786 1222 3866 resistit,
1283 3784 1418 3851 nisi
1470 3783 1625 3864 duo,
1682 3783 1853 3850 sicut
1896 3783 2355 3865 Manichaeus,
2408 3782 2619 3866 finqat

304 3907 439 3951 esse
482 3885 853 3969 principia,
910 3884 1080 3966 quod
1129 3882 1378 3966 falsum
1433 3885 1494 3946 et
1539 3880 1935 3946 haereticum
1978 3879 2395 3963 judicamus:
2461 3879 2619 3962 quia

305 3987 583 4049 testante
629 3982 883 4065 Moyse,
944 4002 1076 4048 non
1127 3979 1202 4046 in
1250 3978 1638 4063 principiis,
1702 3978 1812 4043 sed
1863 3977 1937 4042 in
1986 3976 2321 4060 principio
2376 3975 2618 4042 coelum

488 4174 532 4238 ¹)
564 4173 629 4227 V.
668 4173 722 4228 S.
757 4174 1023 4228 Bernard.
1060 4175 1128 4228 de
1161 4173 1501 4228 considerat.
1539 4172 1600 4225 L.
1637 4172 1733 4225 IV.
1775 4188 1819 4225 0.
1857 4174 1890 4224 3
1928 4178 1987 4227 et
2023 4187 2105 4239 ep.
2142 4173 2246 4225 266
2295 4169 2618 4285 αᾶ*Ευςειι.

2338 4261 2374 4309 4
