3281 5014
1062 390 1145 445 De
1182 389 1562 445 Minoritarum
1600 391 1799 446 turbis.
2487 391 2588 443 179

275 535 434 597 sitas
482 532 794 617 quaedam
842 533 1212 615 opinionum
1264 532 1330 596 in
1366 532 1902 616 applicationibus
1948 531 2243 614 practicis
2290 535 2356 595 et
2401 552 2591 615 quae·

275 629 594 695 stionibus
651 651 825 693 mere
879 628 1354 712 philosophicis,
1446 628 1626 705 Quod
1687 634 1759 693 ut
1820 633 2126 712 appareat
2181 628 2398 712 paucis
2453 648 2590 691 rem

273 726 631 791 accuratius
679 747 998 808 exponere
1036 725 1314 808 juvabit.

452 823 555 886 33.
624 821 798 887 Ordo
851 820 1151 885 Fratrum
1217 821 1537 885 Minorum
1602 844 1642 886 a
1704 821 1967 905 reliquis
2026 819 2374 885 Ordinibus
2439 818 2590 884 inde

273 920 825 1004 distinguebatur
885 917 1052 1002 quod
1111 939 1307 1002 quum
1369 919 1477 982 alii
1535 919 1821 1002 religiosi
1883 917 2249 982 abdicarent
2313 917 2588 1000 proprie-

273 1022 475 1081 tatem
533 1016 963 1099 personalem,
1025 1015 1117 1079 ita
1171 1017 1389 1079 tamen
1449 1018 1524 1078 ut
1583 1015 2008 1079 communitas
2073 1013 2390 1096 possidere
2451 1034 2590 1095 pos·

273 1120 403 1190 set,
465 1111 875 1177 Franciscani
935 1132 1055 1175 nec
1112 1112 1175 1174 in
1237 1111 1610 1193 particulari
1665 1133 1786 1175 nec
1839 1108 1912 1175 in
1968 1108 2291 1190 communi
2346 1109 2588 1194 aliquid

274 1207 595 1293 possidere
667 1208 937 1282 vellent,
1006 1210 1079 1271 ut
1148 1206 1267 1271 hac
1332 1207 1591 1271 ratione
1657 1191 1862 1272 adhuc
1932 1206 2276 1290 perfectius
2339 1208 2590 1271 animus

274 1306 451 1371 omni
507 1309 768 1369 terreno
831 1305 1063 1371 aflectu
1126 1309 1484 1368 exueretur.
1580 1304 1804 1368 Talem
1863 1304 2065 1388 igitur
2124 1306 2591 1387 paupertatem,

274 1425 403 1488 qua
470 1402 666 1465 etiam
733 1422 848 1483 pro
928 1400 1387 1464 communitate
1457 1403 1816 1484 proprietas
1886 1399 2321 1478 abdicaretur,
2398 1399 2591 1463 Nico-

273 1499 413 1562 laus
454 1495 574 1562 111.
631 1496 977 1561 declaravit
1022 1496 1406 1584 laudabilem
1460 1501 1528 1560 et
1579 1497 2000 1572 meritoriam,
2059 1501 2260 1581 utque
2305 1496 2589 1560 Minores

274 1617 415 1660 eam
464 1614 757 1658 exercere
803 1596 1098 1676 possent,
1157 1592 1327 1656 bona
1375 1614 1589 1657 eorum
1648 1595 1717 1657 in
1764 1593 2116 1657 dominium
2161 1614 2233 1657 ac
2275 1594 2588 1676 poprieta-

273 1698 404 1757 tem
480 1688 662 1755 Sedis
728 1689 1136 1773 Apostolicae
1200 1690 1461 1772 accepit.
1571 1689 1859 1776 Joannes
1927 1688 2135 1756 XXII.
2218 1689 2591 1753 nullatenus

273 1789 449 1853 illam
502 1786 971 1851 abdicationem
1026 1786 1441 1869 proprietatis
1496 1787 1564 1850 in
1620 1787 1943 1858 communi
1999 1787 2249 1871 rejecit3
2309 1788 2435 1849 imo
2483 1807 2592 1868 pa·-

276 1886 435 1949 riter
482 1880 804 1948 Minorum
853 1883 1149 1946 ecclesias
1198 1888 1265 1946 et
1310 1881 1624 1960 aedificia,
1683 1882 1852 1947 bona
1907 1904 2075 1967 quae
2120 1883 2202 1946 ab
2245 1883 2385 1946 aliis
2428 1900 2590 1945 com-

273 1976 718 2045 munitatibus
757 1978 1268 2062 possidebantur,
1316 1978 1384 2042 in
1434 1978 1719 2044 dominio
1760 1985 2025 2044 sanctae
2071 1977 2254 2043 Sedis
2300 1979 2590 2042 retinuit.

278 2074 403 2141 Sed
453 2097 652 2160 quum
699 2080 1057 2158 appareret,
1107 2097 1184 2139 ex
1231 2075 1498 2140 aliarum
1547 2096 1762 2140 rerum
1807 2076 2141 2140 mobilium
2189 2075 2591 2139 abdicatione

277 2173 514 2239 multas
560 2172 885 2236 molestias
931 2169 1077 2236 Sedi
1111 2169 1521 2255 Apostolicae
1569 2174 1741 2251 oriri,
1787 2194 1908 2237 nec
1943 2170 2233 2253 practice
2278 2194 2392 2255 pro
2439 2178 2591 2236 tem·

278 2290 431 2351 pore
468 2268 823 2332 utilitatem
868 2268 1268 2351 spiritualem
1318 2275 1385 2334 et
1431 2270 1788 2352 profectum
1820 2257 2393 2333 Franciscanorum
2441 2267 2591 2331 inde

277 2365 657 2449 promoveri,
706 2365 918 2430 noluit
948 2365 1189 2429 harum
1217 2387 1430 2429 rerum
1476 2366 1830 2431 dominium
1863 2366 2165 2443 retinere,
2214 2364 2323 2429 sed
2370 2385 2586 2428 earum

276 2461 731 2546 proprietatem
783 2451 1119 2526 Fratribus
1165 2462 1471 2527 restituit.
1562 2460 1660 2525 Ex
1717 2462 1816 2526 his
1872 2465 2043 2526 certe
2085 2462 2303 2526 nullus
2348 2460 2586 2525 dissen-

273 2581 381 2624 sus
424 2560 492 2622 in
540 2558 944 2642 dogmatibus
988 2556 1132 2621 fidei
1183 2558 1355 2622 inter
1399 2558 1556 2622 duos
1601 2559 1745 2623 illos
1791 2559 2137 2624 Pontifices
2182 2558 2406 2623 infern
2448 2560 2589 2641 pot-

274 2660 390 2720 est.
457 2689 534 2700 —-
600 2654 859 2719 Fratres
917 2653 1199 2718 Minores
1256 2658 1617 2737 praeterea,
1691 2677 1888 2739 quum
1949 2657 2388 2738 paupertatem
2448 2656 2590 2719 stri-

274 2750 619 2816 ctissimam
667 2770 905 2832 magno
958 2751 1094 2814 zelo
1136 2754 1567 2830 sectarentur,
1625 2751 1822 2815 etiam
1868 2773 2079 2815 rerum
2126 2773 2246 2816 usu
2291 2772 2589 2815 consum·

271 2847 629 2932 ptibilium‚
678 2869 733 2912 e.
779 2867 840 2930 g.
896 2848 1180 2911 ciborum
1230 2868 1390 2931 quos
1435 2848 1866 2931 accipiebant,
1927 2847 2275 2911 dominium
2326 2852 2392 2911 et
2444 2869 2587 2931 pro-

272 2945 616 3026 prietatem
666 2940 832 3027 apud
880 2940 1106 3008 Sedem
1139 2944 1573 3027 Apostolicam
1619 2966 1776 3021 esse,
1821 2946 2103 3029 ipsisque
2148 2945 2353 3009 solum
2402 2966 2587 3009 usum

273 3042 342 3104 in
389 3040 883 3124 consumptione
942 3042 1284 3104 convenire
1340 3041 1544 3105 acrius
1603 3041 1997 3105 asserebant.
2091 3041 2392 3124 Ineptum
2439 3063 2588 3105 vero
2634 3128 2643 3133 ,

272 3135 608 3200 videbatur
646 3134 908 3213 Joanni,
962 3135 1107 3199 Sedi
1160 3137 1564 3220 Apostolicae
1611 3138 1921 3221 ejusmodi
1972 3159 2220 3214 rerum,
2270 3159 2322 3201 e.
2370 3159 2432 3221 g.
2483 3138 2585 3201 ovi

271 3232 372 3296 vel
418 3232 609 3296 frusti
657 3232 852 3310 casei,
911 3233 1366 3315 proprietatem
1429 3232 1782 3311 vindicare,
1839 3234 2114 3318 indeque
2173 3234 2419 3298 factum
2468 3240 2586 3311 est,

273 3334 350 3394 ut
413 3327 490 3392 de
556 3328 949 3411 proprietate
1003 3329 1229 3392 talium
1293 3350 1502 3393 rerum
1567 3330 1776 3412 quoad
1838 3330 2165 3414 religiosos
2226 3331 2404 3395 varia
2465 3330 2588 3395 dis·

269 3428 461 3491 serat.
559 3424 774 3509 Atque
823 3425 1197 3489 nullatenus
1243 3426 1579 3504 definiens,
1639 3427 1747 3490 sed
1797 3448 1875 3490 ex
1933 3429 2335 3511 argumentis
2382 3427 2587 3511 phjlo·

274 3521 555 3605 sophicis
622 3526 688 3585 et
746 3520 1039 3605 juridicis
1106 3521 1443 3605 disputans
1516 3524 1872 3613 egistimat,
1948 3524 2184 3589 talibus
2256 3525 2324 3588 in
2396 3525 2587 3589 rebus

277 3639 461 3682 usum
523 3640 561 3681 a
619 3617 901 3682 dominio
966 3618 1249 3709 separari
1317 3640 1449 3707 ngn
1515 3608 1722 3701 posse,
1790 3642 1862 3684 ac
1926 3620 2243 3704 religiosis
2316 3620 2587 3704 singulis

269 3735 489 3778 earum
559 3715 1018 3797 proprietatem
1088 3714 1236 3778 dum
1302 3715 1379 3777 iis
1446 3719 1726 3778 utuntur
1793 3717 2155 3783 convenire.
2270 3716 2348 3780 ln
2418 3716 2589 3782 hunc

272 3831 530 3894 quoque
597 3810 852 3874 modum
921 3809 1461 3885 Constitutionem
1525 3809 1724 3874 Exiit
1787 3813 2287 3897 interpretatur,
2362 3816 2455 3878 ita
2517 3820 2588 3878 ut

272 3910 564 3981 censeat,
619 3907 1015 3971 minutarum
1064 3928 1278 3970 rerum
1327 3906 1582 3971 illarum
1630 3907 1983 3974 dominium
2034 3909 2369 3974 Nicolaum
2418 3910 2588 3975 haud

270 4003 548 4067 voluisse
620 4001 768 4067 Sedi
836 4001 1249 4086 Apostolicae
1325 4024 1671 4070 reservare.
1753 4041 1836 4050 —
1922 4005 2587 4070 Animadvertendum

269 4103 484 4164 autem
533 4105 661 4177 est,
719 4098 885 4164 hanc
932 4100 1373 4183 quaestionem
1432 4101 1509 4164 de
1569 4102 1960 4186 proprietate
2014 4125 2226 4166 rerum
2277 4125 2392 4166 usu
2441 4124 2588 4166 con·

2658 2463 2918 2517 Expendun-

2650 2528 2720 2567 tur
2748 2524 2897 2567 Consti
2903 2547 2917 2556 ·

2685 2586 2893 2629 tationes.
