3281 5014
642 436 712 487 88
1104 433 1307 486 XXXI.
1343 434 1431 488 De
1464 432 1762 488 abolitione
1799 432 2016 488 Ordinis
2054 432 2504 500 Templariorum.

642 596 808 660 qnae
880 574 1247 640 Bonifatius
1322 574 1657 638 addiderat
1727 574 2298 658 supprimerentur.
2429 573 2782 658 Philippus.¹
2841 589 2958 639 rex

642 671 1004 736 omnimodo
1068 693 1108 734 a
1170 670 1503 737 Clemente
1568 671 1763 736 etiam
1827 669 2208 754 postulavit,
2273 674 2348 734 ut
2411 668 2958 737 constitutionem

514 767 590 844 Ἀ
645 767 958 832 Bonifatii
1006 766 1195 835 VIII.
1255 766 1466 833 Unam
1527 770 1823 831 sanctam
1883 768 2260 850 abrogaret,
2338 767 2476 832 sed.
2510 766 2675 833 nihil
2737 766 2818 830 ab
2880 787 2959 836 eo

637 865 1032 947 impetravit,
1078 865 1204 930 nisi
1254 864 1629 930 benevolam
1679 862 1892 947 quoad
1936 864 2105 929 hanc
2147 862 2394 930 Bullam
2443 863 3001 952 declarationem-2,-

642 983 855 1044 quam
875 959 1182 1025 Pontifex
1246 959 1347 1025 die
1408 958 1476 1023 1⁰
1520 949 1860 1024 Februarii
1917 959 2076 1025 anni
2136 961 2305 1024 1306
2363 961 2606 1036 emisit,
2665 980 2957 1044 quaeque

645 1060 822 1121 inter
868 1057 1242 1122 Decretales
1300 1059 1504 1122 relata
1546 1063 1665 1121 est.
1759 1056 1878 1122 Est
1931 1063 2149 1122 autem
2195 1056 2354 1121 haec
2393 1057 2748 1122 declaratio
2786 1058 2956 1139 ejus-

227 1176 234 1181 ·
349 1163 591 1205 Deorotalis
647 1152 843 1218 modi:
906 1152 1159 1217 Merait
1203 1151 1576 1217 charissimi
1628 1152 1756 1232 filii
1805 1152 2019 1218 nostri
2062 1150 2394 1235 Philippi,
2448 1150 2623 1235 reqis
2665 1150 2957 1218 Franco-

392 1229 553 1268 ΨΜ·
645 1270 795 1315 rum
850 1248 1163 1328 illustris,
1227 1248 1517 1328 sincerae
1570 1248 1937 1332 affectionis
1991 1249 2078 1314 ad
2133 1269 2254 1314 nos
2304 1253 2364 1314 et
2419 1248 2777 1315 Ecclesiam
2820 1246 2956 1314 Ro-

644 1365 911 1411 manam
956 1345 1334 1429 integritas,
1381 1351 1442 1410 et
1480 1346 1976 1428 proyenitorum
2021 1366 2292 1412 suornm
2332 1346 2676 1428 praeclara
2719 1343 2957 1411 merita

643 1446 1059 1522 meruerunt,·
1121 1442 1363 1508 meruit
1407 1441 1683 1526 insuper
1726 1443 2204 1525 reynicolarum
2242 1442 2515 1526 puritas
2565 1463 2640 1507 ac
2683 1439 2959 1506 devotio-

644 1538 751 1603 nis
795 1538 1165 1617 sinceritas,
1221 1543 1295 1604 ut
1341 1543 1475 1604 tam
1537 1560 1751 1622 reqem
1810 1560 2007 1624 Quam
2052 1560 2327 1622 reqnum
2380 1540 2608 1621 favore
2664 1535 2958 1603 benevolo

638 1655 1127 1718 prosequamur.
1219 1635 1398 1701 Hinc
1453 1639 1575 1721 est,
1634 1636 1806 1719 quod
1858 1657 1977 1702 nos
2021 1635 2163 1718 reqi
2217 1641 2276 1699 et
2329 1656 2526 1720 reqno
2564 1655 2688 1718 per
2731 1632 2956 1713 defini·

644 1732 881 1797 tionem
943 1736 1003 1796 et
1069 1731 1568 1799 declarationem
1637 1732 1839 1798 bonae
1896 1732 2243 1797 memoriae
2302 1730 2639 1813 Bonifatii
2688 1728 2956 1813 praede-

643 1827 911 1893 cessoris
973 1828 1184 1894 nostri
1258 1828 1501 1896 Unam
1563 1834 1952 1908 sanctam,
2023 1828 2277 1894 nnllam
2337 1828 2636 1894 volamus
2696 1825 2794 1891 vel
2851 1824 2953 1890 in-

644 1924 970 1990 tendimus
1004 1925 1493 2008 praejudicium
1534 1924 1868 2007 qenerai·i,
1919 1946 2035 1990 nec
2080 1925 2250 2008 quod
2284 1945 2409 2008 per
2445 1923 2632 1990 illam
2675 1943 2812 2001 rex,
2859 1941 2958 1985 re-

573 2098 610 2105 st
640 2041 865 2105 ynam,
915 2025 975 2085 et
1020 2020 1384 2105 reynicolae
1419 2021 1785 2104 praelibati
1818 2022 2104 2105 amplius
2149 2021 2478 2088 Ecclesiae
2508 2019 2644 2088 sint
2687 2016 2958 2100 subjecti

643 2117 1010 2197 Romanae,
1073 2138 1270 2204 quam
1333 2122 1529 2183 antea
1590 2117 1953 2185 existebant
1968 2138 1989 2195 ,·
2053 2119 2164 2183 sed
2215 2118 2435 2186 omnia
2472 2114 2958 2199 ⁴intelligantur

644 2214 717 2279 in
764 2214 976 2280 eodem
1022 2235 1155 2280 esse
1198 2219 1379 2279 statu
1396 2264 1413 2293 ,
1472 2235 1596 2296 quo
1642 2219 1833 2282 erant
1876 2221 2030 2281 ante
2074 2215 2511 2297 definitionem
2555 2213 2955 2298 praefatam,

645 2303 779 2376 tam
828 2315 1147 2393 quantum
1195 2311 1281 2375 ad
1324 2311 1717 2392 Ecclesiam,
1766 2332 1962 2394 quam
2007 2312 2204 2378 etiam
2254 2313 2340 2378 ad
2383 2331 2623 2395 reyem,
2681 2328 2957 2391 reqnum

645 2412 706 2472 et
745 2406 1108 2490 regnicolas
1152 2406 1458 2490 superius
1488 2407 1874 2474 nominatos.
1885 2408 1936 2491 ¹)
2014 2410 2210 2475 Hisce
2256 2432 2405 2475 vero
2438 2408 2729 2474 Clemens
2775 2405 2953 2485 illam

645 2505 1188 2587 Constitutionem
1248 2528 1393 2588 nec,
1442 2507 1537 2572 uti
1593 2506 1816 2574 scribit
1870 2505 2126 2573 Natalis
2181 2506 2554 2573 Alexander
2557 2500 2632 2591 ,²)
2682 2504 2952 2588 abroga-

380 2609 557 2663 lnffles
647 2603 772 2681 vit,
826 2625 948 2670 nec
1001 2625 1140 2667 eam
1193 2603 1611 2678 modificavit,
1669 2611 1740 2669 ut
1795 2604 1949 2671 dicit
1992 2605 2194 2672 Tosti.
2200 2601 2254 2686 ³)
2346 2602 2472 2668 Sed
2527 2625 2729 2686 quum
2781 2599 2953 2666 Con·

336 2682 429 2724 Μ
430 2676 594 2725 Μῶα
645 2700 901 2764 stitutio
947 2700 1059 2764 illa
1101 2697 1311 2764 Unam
1352 2704 1648 2765 sanctam
1686 2706 1969 2786 exponat
2004 2698 2231 2783 princi
2303 2719 2346 2763 a
2390 2700 2763 2776 certissima,
2809 2695 2953 2780 qni-

644 2795 788 2876 dam
837 2802 1052 2862 autem
1095 2796 1313 2861 odiosa
1367 2802 1430 2860 et
1476 2797 1639 2861 falsa
1695 2799 2051 2881 interprete
2074 2819 2231 2862 ione
2277 2795 2770 2871 contenderent,
2826 2791 2953 2858 Bo·

645 2893 941 2958 nifatium
1003 2894 1275 2965 voluisse
1340 2915 1608 2978 regnum
1680 2893 2055 2965 Francicum
2121 2915 2255 2959 esse
2317 2894 2578 2958 feudum
2633 2889 2955 2955 Ecclesiae

647 2982 1005 3054 Romanae:
1071 2988 1367 3054 Clemens
1429 2991 1741 3074 ejusmodi
1803 2990 1998 3054 falsas
2055 2990 2522 3073 applicationes
2578 2988 2829 3072 rejecit,
2888 2990 2956 3051 et

644 3086 1016 3163 declaravit,
1073 3092 1316 3151 statum
1374 3108 1587 3153 rerum
1634 3087 1746 3171 qui
1792 3085 1913 3150 sub
1964 3086 2222 3170 regibus
2268 3082 2795 3151 antecedentibus
2838 3081 2954 3145 ob-

646 3182 961 3259 tinuerat,
1024 3205 1140 3267 per
1196 3185 1384 3248 istam
1443 3182 1987 3248 Cons'titutionem
2051 3205 2186 3248 non
2248 3202 2383 3247 esse
2444 3186 2785 3247 mutatum.
2876 3175 2954 3242 Id

644 3277 901 3391 quidem
948 3300 1063 3363 per
1106 3302 1174 3344 se
1212 3279 1583 3355 constabat,
1644 3285 1711 3343 et
1765 3280 1832 3343 in
1886 3278 2207 3343 Decretali
2252 3276 2455 3342 Novit
2507 3278 2722 3343 eadem
2777 3271 2954 3359 prin·

639 3375 811 3459 cipia
846 3378 981 3460 jam
1033 3378 1328 3460 exposita
1374 3382 1577 3441 erant.
1659 3377 1965 3440 Attamen
2015 3381 2444 3460 opportunum
2493 3374 2744 3440 censuit
2788 3366 2956 3436 Pon·

645 3473 838 3549 tifex,
900 3472 1020 3538 hoc
1077 3473 1262 3538 modo
1319 3473 1576 3558 aliquod
1634 3472 1770 3555 regi
1828 3475 2154 3555 praestare
2209 3471 2582 3554 obsequium
2639 3460 2705 3534 et
2756 3462 2956 3532 male·

647 3570 934 3635 volorum
997 3571 1333 3634 calumniis
1393 3570 1673 3635 obviare.
1678 3566 1883 3653 92—-
1945 3567 2241 3632 Clemens
2303 3570 2528 3640 etiam,
2596 3565 2795 3630 nimia
2850 3563 2953 3629 in-

829 3770 869 3832 1)
908 3770 964 3821 C.
1004 3767 1052 3821 2.
1093 3767 1296 3821 Metuit
1330 3767 1392 3821 L.
1419 3767 1486 3821 V.
1523 3767 1613 3821 tit.
1654 3769 1685 3819 7
1724 3766 1791 3822 de
1827 3767 2010 3836 privil.
2047 3766 2104 3821 in
2144 3766 2492 3835 Extravagg.
2533 3781 2666 3821 com.

828 3847 872 3913 ²)
909 3847 1057 3902 Hist.
1094 3846 1244 3899 Eccl.
1283 3852 1324 3900 t.
1363 3845 1480 3899 XV.
1521 3862 1638 3914 cap.
1676 3846 1750 3900 ΙΙ.
1788 3863 1839 3901 a.
1877 3847 1950 3901 11.

826 3926 866 3984 ³)
905 3926 1049 3979 Stor.
1087 3925 1143 3979 di
1179 3925 1363 3981 Bonif.
1393 3924 1552 3979 VIII.
1589 3925 1714 3980 Vol.
1750 3926 1824 3979 II.
1862 3942 1913 3994 p.
1951 3927 2072 3980 235.

825 4005 871 4071 ⁴)
910 4004 1093 4058 Minus
1129 4010 1385 4059 accurate
1429 4004 1597 4059 etiam
1633 4003 1966 4072 christophe
2001 4005 2040 4059 l.
2078 4021 2123 4059 c.
2162 4005 2222 4059 Τ.
2262 4005 2306 4058 Ι.
2341 4019 2392 4070 p.
2435 4006 2562 4059 190:
2603 4002 2886 4071 „clement
2907 3999 2961 4051 V

649 4086 833 4139 donna
867 4084 938 4137 du
975 4098 1103 4136 sens
1138 4084 1207 4138 de
1243 4088 1392 4138 cette
1439 4082 1715 4138 decretale
1741 4099 1857 4138 ¹ime
1906 4083 2244 4151 explication
2288 4082 2575 4139 tellement
2608 4081 2790 4149 large,
2836 4095 2960 4148 que,

650 4163 907 4217 vis-a·vis
952 4161 1020 4217 de
1054 4163 1111 4216 la
1145 4162 1353 4217 France
1371 4204 1384 4226 ,
1424 4167 1570 4218 cette
1619 4162 1951 4230 explication
1997 4162 2306 4231 eouivalait
2349 4165 2384 4216 a
2429 4176 2534 4217 une
2571 4160 2841 4219 veritable
2874 4163 2961 4215 re-
