3281 5014
640 412 740 466 146
1092 411 1294 465 XXXI.
1333 412 1416 465 De
1453 409 1751 464 abolitione
1788 408 2009 463 Ordinis
2046 410 2491 478 Templariorum.

638 553 823 619 didae
870 554 1192 639 ignaviae,
1248 553 1474 635 impios
1529 556 1724 635 atque
1782 552 2104 616 scelestos.
2194 549 2299 614 Ita
2355 551 2560 635 igitur
2617 558 2690 617 ut
2746 553 2957 619 absol·-

639 655 832 715 vatur
896 650 1168 715 societas
1237 649 1349 713 illa
1415 649 1801 713 bellatorum
1873 648 1940 711 in
2005 646 2231 712 habitu
2300 648 2631 731 religiose,
2699 672 2954 716 neeesse

638 746 808 812 foret
863 747 1144 810 maxima
1193 746 1461 810 infamia
1516 744 1893 829 adspergere
1940 746 2303 810 universam
2363 743 2785 810 hierarchiam
2840 746 2955 812 Ee·

638 846 888 910 elesiae.
984 843 1122 908 Hoe
1183 844 1252 906 in
1317 843 1488 907 bivio
1551 842 1650 905 vir
1716 840 2013 906 cordatus
2078 845 2145 905 et
2208 842 2371 907 bene
2432 843 2763 906 consultus
2822 865 2954 907 non

639 940 933 1005 haerebit
988 962 1248 1023 aneepS,
1309 960 1439 1023 quo
1494 960 1562 1003 se
1617 942 1849 1004 vertat.
1914 974 1989 983 -
2053 937 2396 1004 Caeterum
2458 939 2692 1003 solutio
2756 961 2953 1023 quae-

640 1040 871 1103 stionis
931 1037 1008 1101 de
1063 1037 1323 1121 justitia
1379 1036 1749 1100 abolitionis
1810 1035 2317 1119 Templariorum
2373 1058 2505 1101 non
2566 1057 2644 1099 ex
2704 1038 2782 1101 iis
2840 1058 2953 1121 pe-

636 1134 834 1199 tenda
878 1140 996 1211 est,
1042 1155 1208 1219 quae
1253 1137 1437 1219 gesta
1477 1137 1632 1196 sunt
1680 1155 1718 1196 a
1762 1133 2195 1197 tribunalibus
2238 1134 2409 1217 regis
2457 1136 2525 1197 et
2570 1133 2650 1197 ab
2696 1133 2794 1210 iis,
2841 1136 2952 1218 qui

641 1233 1151 1316 suppressionem
1197 1230 1389 1315 hujus
1423 1228 1685 1294 Ordinis
1731 1230 2153 1313 appetebant3
2201 1229 2312 1294 sed
2359 1252 2435 1294 ex
2466 1230 2545 1293 iis
2591 1250 2757 1312 qnae
2805 1251 2954 1294 eon·

642 1328 940 1391 tinentur
994 1328 1064 1391 in
1126 1327 1284 1391 actis
1346 1326 1634 1411 judicum
1701 1330 1767 1389 et
1838 1326 2204 1409 praesulum
2261 1327 2855 1408 ecelesiasticorum,
2915 1348 2955 1391 a

641 1422 875 1507 quibus
930 1423 1193 1488 abolitio
1237 1421 1750 1505 Templariorum
1796 1422 2053 1486 demum
2099 1423 2358 1487 decreta
2413 1434 2530 1487 est.
2624 1423 2764 1499 Quo
2808 1422 2953 1486 dili-

638 1521 900 1604 gentius
945 1540 1096 1584 vero
1143 1520 1256 1584 illa
1301 1528 1466 1596 aeta,
1518 1518 2160 1603 Constitutionesque
2208 1519 2559 1584 Clementis
2593 1518 2670 1583 V.
2720 1519 2952 1583 exami-

641 1622 908 1695 nantur,
957 1638 1032 1681 eo
1079 1617 1308 1681 elarius
1348 1618 1486 1699 jam
1531 1616 1758 1700 liquet,
1798 1618 1980 1699 juste
2023 1622 2090 1679 et
2136 1616 2486 1700 prudenter
2532 1616 2735 1701 egisse
2779 1614 2951 1680 Pon·

642 1714 899 1797 filicem,
940 1714 1051 1799 qui
1086 1714 1276 1778 Bulla
1322 1712 1457 1778 Vox
1499 1712 1572 1778 in
1620 1712 1785 1777 coelo
1819 1711 2121 1777 Ordinem
2168 1712 2562 1777 diffamatum
2610 1710 2949 1789 sustulit.¹)

823 1888 863 1954 ¹)
901 1887 968 1941 V.
1020 1887 1224 1941 Civilta
1244 1903 1251 1908 ·
1273 1888 1461 1942 cattol.
1514 1890 1667 1942 1866.
1721 1887 1834 1942 Ser.
1868 1886 1967 1939 VI.
2002 1885 2126 1941 Vol.
2166 1886 2323 1940 VIII.
2373 1903 2425 1955 p.
2475 1888 2594 1939 278.
2651 1915 2719 1923 --
2777 1881 2949 1951 Quae-

640 1966 853 2021 stiones
904 1982 1036 2033 quas
1086 1968 1371 2036 tetigimus
1430 1966 1606 2021 fusius
1660 1966 1993 2021 evolvuntur
2039 1966 2096 2019 in
2155 1966 2537 2032 disquisitione
2596 1970 2786 2018 nostra
2831 1964 2948 2031 Jam

640 2045 843 2100 citata:
892 2043 1141 2100 Clemens
1165 2045 1232 2100 V.
1270 2047 1381 2099 und
1426 2046 1513 2100 die
1549 2046 1882 2113 Aufhebung
1927 2045 2022 2099 des
2060 2044 2526 2113 Templerordens.
2565 2043 2630 2097 V.
2670 2043 2949 2098 Einwiirfe

641 2125 752 2178 und
789 2124 1174 2179 abweiehende
1211 2125 1531 2191 Ansichten‚
1567 2125 1603 2178 1.
1647 2142 1691 2178 e.
1730 2140 1816 2192 pp.
1855 2126 1955 2177 581
1996 2139 2110 2191 sqq.
