3281 5014
304 564 538 609 ‘Commissi
546 578 570 606 o

323 629 559 683 pontificia.

92 1005 98 1048 l
118 978 141 1001 r
174 951 237 1042 ἐὺ
257 971 337 1048 icil,
410 1009 513 1031 s

619 422 721 473 122
778 441 781 442 ⁷
1070 419 1273 473 XXXI.
1311 420 1393 474 De
1432 409 1732 473 abolitione
1772 419 1989 473 Ordinis
2028 420 2468 487 Templariorum.

791 564 895 626 40.
957 561 1079 626 Sed
1137 562 1287 645 quia
1347 558 1467 624 hac
1520 560 1590 624 in
1653 562 2029 645 quaestione
2097 562 2356 625 maximi
2416 562 2724 626 momenti
2768 566 2924 625 sunt

616 659 782 722 Acta
839 679 1168 742 processus
1223 656 1482 721 Parisiis
1528 680 1566 720 a
1611 656 2070 722 Commissione
2124 658 2450 741 pontificia
2514 657 2745 735 habiti,
2806 678 2922 720 no-

615 756 763 819 stris
820 756 1095 840 primum
1142 754 1365 818 diebus
1427 753 1779 836 publicata,
1846 754 2147 819 convenit
2202 753 2361 818 haec
2416 755 2607 837 paulo
2669 775 2923 817 accura-

614 852 744 916 tius
804 851 1224 916 considerare.
1315 849 1628 933 Inspectis
1691 851 1895 934 igitur
1959 856 2025 915 et
2090 851 2498 933 perlustratis
2552 850 2678 915 illis
2740 849 2924 932 depo-

615 947 987 1023 sitionibus,
1046 947 1272 1031 negari
1333 968 1465 1009 non
1534 968 1722 1030 posse
1786 948 2256 1024 existimamuS‚
2326 946 2720 1032 Templarios
2782 967 2923 1010 reos

617 1046 830 1134 fuisse.
945 1041 1485 1120 Quemadmodum
1559 1043 1857 1107 videlicet
1924 1044 2047 1126 ipsi
2114 1043 2547 1108 Commissarii
2613 1042 2924 1125 pontificii

617 1135 968 1224 prudenter
1037 1145 1103 1204 et
1163 1140 1301 1203 sine
1365 1141 1428 1203 vi
1488 1139 1557 1202 in
1628 1141 1924 1205 examine
1983 1140 2383 1204 instituendo
2453 1144 2924 1222 processerunt,

616 1240 712 1302 ita
757 1238 951 1301 etiam
982 1236 1416 1319 depositiones
1449 1235 1850 1302 characteres
1896 1239 2204 1320 quosdam
2243 1235 2414 1300 haud
2464 1236 2724 1300 fallaces
2770 1257 2923 1318 prae

617 1356 685 1398 se
731 1335 954 1398 ferunt
1008 1333 1412 1397 sinceritatis,
1501 1332 1607 1397 Ita
1663 1333 1972 1417 imprimis
2033 1333 2151 1398 hac
2208 1334 2272 1397 in
2333 1355 2402 1396 re
2460 1336 2686 1396 notare
2734 1334 2924 1416 juvat

620 1430 791 1515 quod
858 1430 1080 1495 scribit
1147 1429 1351 1494 editor
1425 1451 1780 1513 processum,
1861 1428 2188 1495 Michelet:
2266 1430 2595 1513 „Quelque
2662 1421 2923 1512 opinion

620 1527 811 1611 qu'on
859 1526 1087 1610 adopte
1140 1548 1248 1590 sur
1305 1527 1366 1590 la
1420 1526 1596 1610 regle
1657 1526 1767 1590 des
1812 1526 2167 1610 Templiers
2224 1531 2290 1589 et
2347 1526 2740 1590 l'innocence
2792 1525 2924 1608 pri·

620 1624 842 1688 mitive
905 1623 982 1687 de
1039 1621 1326 1701 l'Ordre‚
1395 1623 1442 1686 il
1505 1622 1673 1687 n'est
1733 1645 1847 1706 pas
1910 1623 2170 1687 difficile
2233 1621 2543 1687 d'arreter
2606 1645 2694 1686 un
2742 1624 2926 1707 juge·

623 1728 803 1785 ment
845 1742 956 1784 sur
1017 1721 1106 1784 les
1166 1719 1497 1784 desordres
1556 1719 1632 1784 de
1686 1742 1802 1785 son
1862 1719 2114 1784 dernier
2172 1725 2318 1802 age,
2382 1718 2706 1798 desordres
2766 1740 2923 1781 ana-

621 1819 843 1900 logues
889 1820 926 1880 a
969 1838 1128 1881 ceux
1185 1816 1466 1880 d'autres
1521 1816 1739 1880 ordres
1793 1816 2127 1901 religieux.
2221 1815 2276 1880 Il
2331 1816 2511 1880 suffit
2555 1816 2632 1879 de
2689 1837 2925 1879 remar-

622 1935 782 1998 quer
828 1912 987 1977 dans
1035 1914 1124 1976 les
1170 1914 1699 1997 interrogatoires
1746 1934 1872 1996 que
1919 1935 2076 1995 nous
2123 1913 2452 1995 publions,
2509 1932 2631 1993 que
2686 1910 2773 1975 les
2821 1909 2923 1974 de-

622 2009 962 2093 ne'yations
1029 2011 1176 2073 sont
1236 2028 1515 2089 presque
1583 2012 1791 2073 tontes
1868 2007 2258 2089 identiques,
2335 2030 2576 2074 comme
2650 2010 2703 2073 si
2770 2009 2925 2073 elles

623 2108 870 2171 etaient
931 2107 1168 2171 dictees
1232 2104 1479 2188 d'apres
1541 2130 1644 2188 un,
1697 2106 2066 2171 formulaire
2129 2128 2448 2187 convenu3
2516 2107 2716 2187 qu’au
2780 2124 2922 2169 con-

625 2201 831 2267 traire
876 2202 964 2266 les
1008 2222 1220 2267 aveux
1274 2206 1421 2267 sont
1466 2206 1610 2267 tou-s·
1663 2201 2025 2284 dzffe'rentS,
2083 2203 2285 2266 varies
2331 2204 2407 2267 de
2457 2202 2926 2267 circonstances

622 2301 925 2384 speciales
992 2307 1267 2365 souvent
1333 2302 1467 2365 tres
1538 2304 1794 2376 nai‘ves‚
1867 2300 1976 2383 qui
2044 2301 2183 2364 leur
2251 2299 2541 2364 donnent
2601 2322 2686 2363 un
2750 2321 2924 2364 cara-

623 2399 793 2462 ctere
841 2397 1209 2480 particulier
1253 2396 1330 2460 de
1377 2396 1673 2461 veracite.
1757 2394 1853 2460 Le
1900 2396 2218 2459 contraire
2265 2395 2513 2460 devrait
2558 2396 2736 2459 avoir
2783 2396 2929 2475 lieu,

621 2496 674 2558 si
739 2494 830 2559 les
891 2516 1094 2558 aveux
1155 2494 1417 2558 avaient
1482 2494 1583 2557 ete
1648 2492 1845 2558 dictes
1905 2517 1986 2557 ou
2047 2492 2341 2557 arraches
2398 2515 2514 2575 par
2574 2492 2662 2557 les
2721 2499 2929 2567 tortw

622 2613 743 2668 reS‚
793 2591 871 2655 ils
914 2591 1196 2655 seraient
1240 2593 1278 2653 a
1308 2613 1431 2673 peu
1479 2591 1622 2673 pres
1658 2589 2037 2654 semblables
2085 2594 2151 2653 et
2194 2591 2257 2654 la
2293 2589 2591 2653 diversite
2637 2611 2705 2653 se
2751 2594 2927 2653 trou-

623 2689 830 2753 verait
877 2689 1084 2769 plutot
1130 2686 1291 2751 dans
1336 2688 1427 2750 les
1474 2684 1950 2770 negation8.“¹)

799 2840 903 2902 41.
966 2837 1114 2920 Ipsa
1167 2859 1355 2920 porro
1414 2858 1577 2919 quae
1630 2836 2004 2899 referuntur
2058 2834 2376 2900 factorum
2432 2837 2737 2920 adjuncta
2790 2855 2929 2898 sae·

623 2936 765 3020 pius
831 2935 1140 3019 ejusmodi
1209 2940 1394 3009 sunt,
1476 2942 1549 2995 ut
1619 2933 1832 2996 indole
1899 2954 2015 2995 sua
2080 2953 2149 2996 se
2216 2932 2493 3016 prodant
2558 2933 2929 2996 nullatenus

624 3033 897 3098 conficta
951 3031 1062 3095 sed
1108 3053 1275 3095 vera.
1368 3029 1441 3094 Id
1486 3029 1824 3112 praecipue
1871 3028 2194 3093 observari
2239 3034 2477 3112 potest,
2533 3029 2684 3092 dum
2731 3031 2928 3091 testes

624 3131 956 3214 deponunt
1033 3128 1110 3191 de
1182 3127 1372 3191 variis
1443 3125 1938 3190 circumstantiis
2016 3126 2400 3208 receptionis
2466 3145 2648 3201 suae,
2718 3122 2927 3207 quoad

624 3227 848 3310 impios
904 3227 1065 3290 ritus
1110 3223 1427 3287 adhibitos
1475 3227 1539 3286 et
1584 3243 1772 3286 sensa
1828 3244 1900 3286 ac
1945 3221 2118 3286 dicta
2163 3223 2443 3305 ipsorum
2489 3222 2589 3285 vel
2637 3221 2925 3295 aliorum,

622 3324 901 3407 dumque
959 3324 1257 3395 narrant,
1319 3318 1635 3403 quomodo
1696 3323 1950 3401 postea,
2013 3341 2210 3402 quum
2268 3318 2732 3382 confiterentur
2789 3337 2929 3399 pec-

625 3426 835 3485 catum
895 3440 1110 3496 suum,
1181 3438 1248 3481 se
1303 3416 1578 3500 gesserit
1634 3414 2057 3479 confessarius
2118 3407 2498 3498 qualemque
2555 3413 2929 3497 imposuerit

626 3515 1109 3600 poenitentiam.
1203 3512 1617 3577 characteres
1666 3511 1834 3575 enim
1879 3510 2224 3575 ‘hominum
2270 3512 2622 3591 variorum,
2683 3531 2928 3574 eorum·

627 3636 751 3698 que
804 3614 980 3676 varia
1041 3633 1260 3688 sensa,
1323 3611 1388 3674 in
1447 3607 1546 3672 his
1596 3609 1690 3672 ita
1751 3607 1832 3671 ad
1888 3609 2102 3671 vivum
2159 3629 2226 3671 se
2278 3611 2796 3690 repraesentant,
2854 3612 2928 3669 ut

627 3710 800 3779 fictio
860 3709 1038 3772 nulla
1094 3707 1320 3771 adesse
1378 3705 1692 3769 videatur.
1787 3703 1998 3768 Unam
2058 3704 2409 3768 alteramve
2464 3703 2928 3786 depositionem

628 3806 981 3881 afferimus,
1037 3810 1111 3868 ut
1163 3804 1352 3869 simul
1408 3802 1601 3866 etiam
1660 3801 1881 3865 modus
1927 3803 2167 3866 rituum
2224 3801 2560 3883 impiorum
2608 3804 2931 3867 noscatur.

291 3923 533 3966 Gualtorus
557 3903 1017 3983 de„Gualterus
1075 3902 1153 3966 de
1185 3900 1370 3965 Buris
1425 3898 1758 3982 presbyter
1790 3897 2175 3982 Ligonensis
2222 3897 2523 3961 dioecesis
2581 3896 2812 3959 aetatis
2856 3900 2930 3958 ut

385 3987 524 4028 Buris.

806 4155 849 4221 ¹)
887 4155 1086 4208 Proces
1123 4154 1208 4219 113
1248 4151 1700 4206 Avertissement.
