3281 5014
692 447 798 498 274
1194 443 1454 497 XXXIII.
1493 445 1576 498 De
1613 459 1812 513 magno
1852 445 2163 499 Occidentis
2202 445 2510 499 schismate.

691 585 759 650 Is
807 607 956 650 vero
999 608 1145 650 mox
1192 589 1472 671 quatuor
1526 587 1670 651 illos
1716 609 1789 652 ac
1842 592 2064 671 postea
2122 588 2281 651 alios
2331 587 2543 670 plures
2598 608 2797 652 novos
2847 585 3004 651 Car-

692 681 938 747 dinales
984 683 1245 749 creavit.

867 832 973 896 40.
1032 831 1293 896 Interea
1341 834 1533 894 etiam
1582 829 1751 913 apud
1799 830 2017 896 Gallos
2064 832 2392 915 persuasio
2438 832 2826 913 invaluerat,
2879 829 3000 894 Be-

693 928 1019 994 nedictum
1081 928 1252 992 haud
1310 932 1603 1011 paratum
1667 950 1801 993 esse
1863 928 1943 991 ad
2005 930 2307 992 unionem
2363 929 2645 993 cessione
2701 927 2998 992 obtinen-

691 1025 867 1100 dam,
936 1026 1214 1108 indeque
1277 1024 1517 1089 factum
1583 1030 1711 1104 est,
1786 1029 1863 1088 ut
1924 1024 2174 1089 Galliae
2239 1047 2349 1089 rex
2415 1031 2482 1089 et
2544 1024 2815 1108 populus
2878 1022 3001 1106 ipsi

687 1144 906 1186 mense
967 1121 1139 1206 Majo
1198 1122 1365 1184 1408
1437 1120 1872 1186 obedientiam
1931 1121 2407 1186 subtraherent.
2527 1120 2623 1185 Ac
2688 1119 2998 1204 paulatim

688 1218 798 1283 alii
843 1239 1097 1302 quoque
1141 1239 1341 1303 regeS‚
1384 1217 1679 1282 videlicet
1718 1215 2106 1283 Germaniae
2154 1224 2220 1282 et
2265 1217 2611 1283 Bohemiae
2655 1238 2769 1280 rex
2800 1215 3001 1281 Wen·

686 1316 963 1391 ceslaus‚
1032 1314 1480 1400 Sigismundus
1551 1336 1664 1378 rex
1732 1314 2141 1399 Hungariae‚
2212 1318 2409 1398 atque
2470 1337 2583 1379 rex
2650 1312 2997 1389 Navarrae‚

687 1409 1000 1496 Gregorio
1060 1409 1492 1476 Benedictove
1559 1411 1992 1476 obedientiam
2060 1411 2548 1490 subtraxerunt,
2619 1409 2997 1474 neutralita-

685 1518 944 1592 temque
1012 1507 1092 1572 ad
1159 1510 1462 1573 unionem
1533 1507 1949 1572 obtinendam
2019 1507 2525 1575 declaraverunt.
2641 1505 3000 1590 Utriusque

683 1609 896 1670 autem
933 1602 1349 1669 Obedientiae
1383 1602 1753 1668 Cardinales
1800 1611 2244 1669 convenerunt
2276 1604 2640 1668 Liburnum
2686 1605 2755 1667 in
2802 1603 3001 1667 Etru·

684 1703 779 1766 ria
834 1707 899 1765 et
957 1722 1175 1764 mense
1233 1700 1410 1764 Julio
1467 1722 1522 1766 a.
1575 1702 1744 1764 1408
1805 1701 2139 1784 encyclicis
2195 1701 2432 1765 litteris
2488 1700 2655 1765 datis
2709 1699 2790 1765 ad
2838 1698 3000 1763 Gre-

683 1797 933 1882 gorium
976 1795 1128 1862 XII.
1175 1803 1241 1861 et
1287 1795 1707 1861 Benedictum
1744 1796 2069 1874 X111„ad
2113 1798 2438 1880 episcopos
2484 1798 2768 1881 aliosque
2814 1818 2999 1879 prae-

684 1896 882 1970 latoS‚
940 1892 1022 1956 ad
1068 1895 1357 1957 doctores
1411 1900 1477 1956 et
1521 1895 1870 1977 principe8‚
1930 1892 2286 1968 Concilium
2344 1894 2646 1983 generale
2692 1914 2999 1958 convoca—

684 1996 842 2054 runt
910 2012 1082 2054 anno
1151 1990 1445 2073 sequenti
1518 1987 1682 2055 Pisis
1751 1989 2223 2054 celebrandum.
2299 2025 2379 2035 —
2450 1987 2574 2054 Sed
2646 1988 2997 2074 Gregorius

685 2109 882 2171 quum
952 2086 1513 2152 animadvertisset
1588 2087 2021 2151 intentionem
2089 2086 2525 2150 Cardinalium
2606 2086 2998 2172 convocandi

684 2182 982 2261 Concilii‚
1041 2184 1178 2265 jam
1245 2204 1350 2245 eos
1414 2188 1865 2265 praevenerat,
1930 2182 2216 2246 indicens
2264 2205 2340 2247 ex
2406 2205 2519 2247 sua
2582 2188 2765 2267 parte
2827 2181 2997 2248 Con-

683 2281 899 2345 cilium
946 2301 1060 2362 pro
1109 2279 1273 2343 festo
1320 2277 1735 2344 Pentecostes
1792 2279 2119 2364 sequentis
2165 2279 2321 2343 anni
2372 2278 2722 2344 Ravennae
2767 2280 2869 2343 vel
2927 2282 2995 2344 in

682 2376 1014 2441 territorio
1072 2375 1478 2458 Aquilejensi
1538 2376 1925 2440 habendum.
2027 2374 2418 2440 Benedictus
2472 2377 2712 2458 pariter
2765 2398 2996 2440 convo·

680 2472 852 2538 cavit
898 2471 1253 2538 Concilium
1304 2470 1703 2556 Perpignani
1749 2473 1817 2537 in
1851 2471 2215 2557 Arragonia
2263 2472 2430 2538 festo
2479 2470 2781 2538 Omnium
2828 2471 2999 2538 San-

680 2578 931 2635 ctorum
977 2592 1034 2634 a.
1087 2570 1254 2634 1408
1300 2569 1764 2646 inchoandum,
1821 2570 2174 2652 statimque
2229 2593 2424 2654 quum
2487 2571 2556 2634 in
2605 2569 2816 2635 Gallia
2855 2573 2992 2654 jam

681 2689 813 2731 non
856 2687 1147 2731 securum
1195 2689 1262 2731 se
1309 2668 1615 2744 crederet,
1665 2689 1738 2730 eo
1782 2666 2102 2749 profectus
2150 2672 2265 2731 est.
2351 2663 2474 2731 Sed
2523 2668 2777 2751 utrique
2823 2666 2996 2732 Pon-

678 2763 924 2826 tificum
1002 2762 1507 2847 competentium
1573 2763 1858 2828 Concilio
1943 2764 2127 2847 pauci
2196 2769 2455 2828 tantum
2525 2764 2801 2848 episcopi
2883 2765 2997 2828 ad-

681 2859 976 2935 fuerunt3
1048 2858 1402 2925 Concilium
1470 2882 1617 2927 vero
1681 2859 1848 2925 Pisis
1913 2882 2148 2944 magno
2213 2882 2352 2925 cum
2420 2860 2784 2944 splendore,
2857 2883 2993 2925 suc-

678 2978 859 3020 cessu
909 2979 1057 3021 vero
1104 2958 1272 3021 haud
1318 2957 1489 3022 felici
1535 2957 1927 3022 celebratum
1977 2958 2119 3022 fuit.
2177 3012 2180 3013 γ

1770 3266 1905 3335 ΙΙΙ.

1370 3405 1501 3468 De
1552 3403 1918 3469 Gonane
1963 3405 2304 3470 mano,

853 3579 958 3641 41.
1019 3576 1178 3642 Cum
1233 3574 1577 3640 celebratio
1628 3572 1903 3671 Concilii
1949 3575 2187 3641 Pisani
2244 3582 2517 3641 eventus
2575 3577 2772 3641 fuerit
2824 3582 2995 3641 tem-

677 3696 830 3758 pore
900 3673 1266 3737 schismatis
1335 3672 1611 3736 maxime
1678 3695 1832 3737 sane
1894 3675 2235 3751 momenti,
2305 3677 2450 3758 post
2513 3694 2662 3737 vero
2731 3679 2994 3738 contro-

677 3771 920 3834 versiae
971 3770 1185 3833 variae
1241 3768 1317 3833 de
1365 3768 1584 3833 eodem
1651 3767 1909 3833 habitae
1967 3772 2129 3847 sint,
2192 3771 2549 3835 accuratius
2609 3792 2775 3853 quae
2822 3769 2996 3882 Syn-

673 3865 866 3930 odum
932 3866 1121 3929 istam
1184 3868 1478 3948 spectant
1537 3866 1845 3930 convenit
1908 3867 2293 3931 examinare.
2408 3868 2504 3932 Ac
2570 3868 2774 3952 primo
2841 3869 2993 3952 qui-

675 3963 818 4026 dem
889 3961 1328 4026 enarrabimus
1398 3961 1570 4026 facta
1642 3963 2012 4045 praecipua,
2089 3986 2253 4047 quae
2326 3987 2403 4028 ex
2479 3964 2702 4028 ordine
2778 3964 2995 4047 quoad

673 4059 1172 4124 celebrationem
1234 4058 1424 4141 hujus
1470 4056 1742 4123 Concilii
1796 4060 2351 4124 commemoranda
2397 4061 2782 4135 obveniunt,
2838 4059 2995 4125 dein

674 4155 751 4219 de
819 4155 1204 4219 auctoritate
1272 4155 1469 4236 ipsius
1540 4152 1784 4237 Synodi
1854 4177 2051 4238 pauca
2119 4155 2437 4222 addemus,
2509 4192 2595 4201 —
2668 4156 2995 4222 Convenit
