3281 5014
1162 433 1245 487 De
1286 432 1527 488 Concilio
1563 434 1783 487 Pisan0.
2081 453 2084 458 ³
2519 439 2622 491 277

308 575 380 639 hi
427 596 561 639 non
616 578 804 639 erant
847 575 1181 656 instructi,
1231 580 1299 639 et
1358 581 1621 658 propter
1669 575 2130 659 impedimenta
2175 599 2212 640 a
2259 576 2461 642 Gallis
2514 601 2628 662 pa-

308 676 457 736 rata
501 672 745 736 tardius
792 672 869 736 ad
921 671 1244 736 civitatem
1288 670 1581 735 Pisarum
1628 676 2085 755 pervenerunt.

487 865 591 928 45.
672 863 1021 929 Concilium
1070 864 1379 927 Pisanum
1452 864 1822 929 inchoatum
1890 842 1989 928 est
2049 864 2150 929 die
2218 864 2335 930 25⁰
2401 867 2622 932 Martii
2641 872 2831 944 C0n0ffii‚
2845 871 2955 916 0010·

306 987 371 1029 a.
435 963 602 1028 1409
666 965 733 1025 et
793 961 1157 1024 absolutum
1220 960 1322 1023 die
1383 957 1455 1022 7⁰
1512 961 1813 1045 Augusti.
1914 961 2283 1027 Adfuerunt
2340 968 2625 1048 tempore
2721 934 2875 978 mm

314 1060 631 1124 maximae
694 1057 1101 1141 frequentiae
1166 1056 1537 1121 Cardinales
1602 1059 1686 1121 22
1753 1060 1854 1122 vel
1915 1060 2024 1136 24,
2089 1058 2507 1149 Patriarchae
2565 1062 2625 1136 4

312 1158 553 1222 scilicet
597 1154 1107 1230 Alexandrinus,
1154 1135 2313 1246 Antiochenus—“E'ieYosolfmitanus
2360 1135 2434 1221 et
2453 1137 2628 1221 Gra.-

264 1247 555 1328 ¹densis,
620 1250 1077 1358 archiepiscopi
1142 1255 1207 1315 et
1266 1251 1543 1334 episcopi
1605 1253 2032 1336 personaliter
2091 1257 2460 1336 praesentes
2522 1254 2625 1323 80,

309 1365 455 1435 per
486 1351 736 1434 legatos
801 1340 983 1410 102?
1067 1347 1353 1428 Abbates
1421 1347 1766 1414 adfuerunt
1836 1349 1918 1413 87
1989 1354 2055 1413 et
2122 1349 2429 1414 abbatum
2500 1352 2627 1413 200

311 1447 783 1532 procuratores;
846 1433 1186 1527 praeterea
1251 1452 1697 1527 procuratores
1753 1448 1928 1510 ultra
1991 1447 2116 1511 100
2179 1447 2624 1530 capitulorum,

310 1542 832 1609 Univermatum
901 1540 1179 1623 plurium
1249 1541 1571 1624 deputati,
1637 1543 1812 1606 ultra
1874 1543 2010 1624 300
2068 1543 2357 1607 doctores
2418 1543 2627 1633 Theo·

310 1640 526 1753 logiae
570 1641 673 1704 vel
718 1638 897 1703 Juris
945 1638 1238 1702 canonici
1292 1647 1358 1701 et
1408 1645 1698 1703 oratores
1750 1639 1883 1703 fere
1938 1640 2226 1703 omnium
2281 1661 2503 1724 regum
2563 1646 2628 1703 et

314 1737 674 1826 principum
716 1733 1127 1816 Occidentis.
1226 1721 1558 1799 Praesedit
1622 1757 1824 1819 usque
1893 1735 1969 1799 ad
2040 1736 2419 1800 electionem
2470 1736 2626 1801 Ale·

312 1827 544 1900 xandri
578 1833 661 1898 V.
717 1832 1077 1897 Cardinalis
1134 1830 1556 1924 Pictaviensis
1612 1830 1788 1915 (Guy
1841 1830 1919 1894 de
1967 1830 2348 1915 Maillesec),
2409 1832 2626 1898 Cardi-

308 1934 558 1996 nalium
619 1930 960 2012 utriusque
1022 1930 1227 2010 partis
1282 1925 1609 1993 decanus,
1645 1963 1732 1973 —
1793 1915 2065 2012 Singula
2120 1951 2282 2014 quae
2338 1929 2403 1995 in
2463 1930 2625 1996 Con·

306 2029 459 2093 cilio
505 2032 651 2092 acta
704 2031 860 2090 sunt
915 2026 1154 2089 referre
1212 2025 1479 2109 longum
1535 2029 1732 2102 esset,
1797 2046 1871 2089 ea
1929 2029 2186 2089 tantum
2242 2048 2627 2091 commemo·

313 2125 628 2200 rabimus,
705 2144 867 2207 quae
932 2122 1120 2186 utilia
1185 2130 1369 2204 sunt,
1439 2128 1511 2186 ut
1570 2121 1650 2186 de
1709 2122 1970 2206 negotio
2038 2123 2397 2188 schismatis
2458 2124 2630 2207 judi-

306 2223 479 2287 cium
531 2219 685 2285 ferri
746 2219 966 2303 possit.
1029 2254 1117 2264 -
1180 2218 1413 2281 Primis
1466 2219 1667 2302 igitur
1724 2217 1946 2283 diebus
2003 2217 2280 2301 Synodi,
2346 2225 2628 2285 oratores

314 2318 586 2402 Ruperti
644 2317 813 2400 regis
860 2313 1244 2379 Germaniae
1306 2316 1441 2399 (qui
1488 2315 1565 2378 de
1610 2336 1811 2399 regno
1856 2336 2000 2378 cum
2054 2315 2431 2381 Wenceslao
2477 2339 2626 2381 con-

306 2410 668 2498 tendebat),
714 2415 1186 2497 proposuerunt
1230 2412 1423 2476 dubia
1468 2413 1543 2477 de
1576 2411 1846 2476 Concilii
1890 2412 2322 2495 legitimitate,
2366 2416 2435 2476 et
2479 2435 2624 2478 mox

309 2512 640 2592 Synodum
717 2511 1145 2593 reliquerunt.
1272 2509 1370 2572 Ex
1450 2515 1635 2592 parte
1704 2507 1999 2593 Gregorii
2071 2514 2284 2574 autem
2360 2507 2627 2599 Carolus

316 2609 664 2674 Malatesta
718 2606 1015 2671 dominus
1067 2607 1498 2671 Ariminensis
1560 2627 1789 2670 causae
1842 2606 2041 2689 ipsius
2100 2607 2436 2689 providere
2491 2594 2634 2672 stu·⁶

311 2707 476 2772 duit.
594 2704 848 2770 Obtulit
915 2704 1212 2768 videlicet
1278 2704 1541 2768 nomine
1604 2702 1903 2787 Gregorii
1971 2703 2206 2768 iterum
2270 2702 2628 2768 Cardinali-

315 2804 465 2884 bus,
528 2807 601 2867 ut
644 2803 716 2866 in
770 2802 898 2866 alia
953 2801 1217 2865 civitate
1274 2799 1474 2883 (haud
1530 2804 1749 2865 tamen
1796 2800 1863 2863 in
1924 2799 2169 2865 ditione
2217 2798 2630 2865 Florentino-

314 2899 484 2979 rum)
520 2899 874 2964 Concilium
908 2919 1245 2962 commune
1280 2896 1646 2977 haberetur,
1691 2898 1758 2961 in
1792 2918 1921 2980 quo
1957 2895 2304 2981 Gregorius
2341 2919 2631 2962 cessurus

308 3001 486 3063 esset
546 2995 958 3080 pontificatu,
1021 2994 1215 3059 etiam
1281 2994 1335 3057 si
1391 2992 1783 3058 Benedictus
1846 3016 1977 3058 non
2040 2994 2313 3058 cederet.
2416 2993 2632 3059 Cardi-

313 3097 497 3160 nales
561 3090 890 3157 desideriis
961 3090 1255 3175 Gregorii
1324 3113 1551 3174 parum
1620 3089 2054 3155 obsecundare
2122 3091 2242 3154 visi
2310 3095 2494 3168 sunt,
2564 3097 2631 3155 et

314 3191 652 3275 rigidiores
705 3210 772 3252 se
829 3187 1284 3269 ostenderunt3
1345 3192 1672 3270 postremo
1728 3193 1952 3250 tamen
1998 3208 2065 3250 se
2119 3192 2377 3269 paratos
2423 3186 2630 3252 decla-

314 3291 576 3362 rarunt,
639 3291 709 3350 ut
765 3284 1121 3349 Concilium
1185 3283 1498 3348 Pistoriae
1552 3284 1918 3348 haberetur.
2014 3281 2370 3365 Respondit
2429 3282 2632 3348 Mala·

310 3391 515 3460 testa,
583 3402 776 3465 aegre
842 3380 1224 3466 Gregorium
1288 3382 1455 3445 hanc
1520 3380 1849 3444 civitatem
1915 3379 1986 3442 in
2057 3378 2301 3444 ditione
2369 3379 2631 3445 Floren-

311 3484 601 3547 tinorum
668 3481 857 3544 sitam
933 3477 1354 3541 admissurum
1420 3499 1587 3555 esse,
1657 3497 1725 3540 se
1797 3484 2011 3540 tamen
2085 3475 2248 3540 velle
2308 3478 2432 3560 ipsi
2498 3498 2631 3540 rem

314 3598 692 3662 proponere.
801 3573 921 3639 Die
985 3572 1104 3638 260
1166 3574 1402 3657 Aprilis
1459 3572 1806 3637 Malatesta
1861 3572 2173 3657 Gregorio
2237 3573 2463 3638 retulit
2525 3596 2631 3637 ne-

314 3675 481 3760 gotii
525 3674 780 3749 seriem,
837 3680 903 3736 et
944 3670 1248 3735 Pontifex
1304 3669 1651 3736 lacrimans
1707 3678 2102 3753 conquestus
2157 3674 2255 3734 est
2309 3669 2387 3734 de
2445 3670 2631 3734 modo

317 3771 551 3857 agendi
600 3770 1069 3845 Cardinalium,
1128 3772 1194 3832 et
1239 3789 1425 3831 suum
1473 3766 1854 3831 desiderium
1901 3767 2162 3832 unionis
2208 3766 2439 3830 iterum
2490 3787 2630 3849 pro-

314 3869 525 3933 fessus
583 3872 709 3943 est3
767 3871 1053 3931 attamen
1115 3864 1405 3949 quamvis
1451 3862 1797 3927 Malatesta
1859 3862 2046 3926 enixe
2102 3861 2498 3940 hortaretur,
2560 3868 2631 3927 ut

317 3964 718 4030 consentiret
763 3961 1207 4026 convocationi
1252 3960 1503 4025 concilii
1553 3958 1814 4023 Pistorii
1869 3959 2230 4037 faciendae,
2290 3960 2353 4023 id
2399 3960 2629 4036 noluit,

318 4059 827 4143 declaravitque,
887 4080 955 4122 se
1008 4058 1076 4121 in
1129 4055 1378 4121 nullum
1426 4057 1635 4121 locum
1693 4056 1762 4120 in
1817 4055 2058 4120 ditione
2106 4054 2629 4121 Florentinorum

314 4157 511 4222 situm
562 4155 1000 4239 profecturum
1049 4175 1203 4218 esse.
