3281 5014
644 442 749 496 134
1097 442 1301 496 XXXI.
1337 441 1421 497 De
1456 441 1757 497 abolitione
1796 441 2016 497 Ordinis
2053 442 2500 510 Templariorum.

641 605 842 649 reum.
937 584 1107 648 Hinc
1153 605 1351 667 quum
1404 583 1703 666 quaestio
1755 588 2254 669 proponeretur,
2317 592 2529 649 utrum
2576 606 2690 667 per
2734 584 2958 650 defini-

641 680 842 745 tivam
888 679 1282 744 sententiam
1331 678 1502 745 Ordo
1557 681 1848 745 damnari
1895 684 2137 765 posset,
2195 702 2280 745 an
2326 701 2477 746 vero
2530 680 2741 746 adhuc
2790 683 2958 747 ulte-

642 778 774 842 rior
828 775 1116 842 defensio
1179 776 1584 842 concedenda
1644 781 1838 855 esset,
1898 781 2320 854 censuerunt,
2383 775 2687 844 Ordinem
2741 781 2953 842 totum

641 895 755 957 per
814 872 1211 937 definitivam
1266 873 1657 938 sententiam
1720 895 1852 939 non
1905 894 2091 956 posse
2143 871 2434 937 damnari
2482 878 2560 937 ut
2615 894 2827 950 reum,
2888 878 2958 940 et

641 970 791 1035 huic
839 967 1083 1053 judicio
1142 969 1338 1033 etiam
1393 969 1529 1053 ipse
1586 968 1891 1035 Pontifex
1953 969 2265 1035 adhaesit.
2373 965 2502 1034 Sed
2552 991 2750 1054 quum
2808 991 2954 1053 pro·

640 1065 968 1151 rogationi
1033 1065 1278 1148 negotii
1343 1065 1550 1130 multa
1609 1067 1978 1142 obstarent,
2045 1067 2167 1151 ipsi
2227 1066 2453 1131 utilius
2516 1087 2654 1131 esse
2715 1069 2954 1150 magis·

642 1185 767 1248 que
819 1162 1011 1227 saluti
1067 1160 1391 1227 Ecclesiae
1443 1162 1744 1245 expedire
1801 1164 2008 1228 visum
2067 1171 2194 1246 est,
2251 1162 2559 1228 Ordinem
2609 1164 2753 1228 sine
2803 1162 2956 1227 deli·

642 1259 852 1324 nitiva
926 1257 1341 1322 damnatione
1407 1257 1637 1322 tollere
1708 1280 1823 1342 per
1885 1259 2143 1324 modum
2210 1260 2609 1344 provisionis.
2729 1258 2958 1343 Neque

641 1354 1061 1430 censendum,
1114 1353 1233 1418 hac
1286 1354 1357 1418 in
1409 1375 1481 1418 re
1528 1357 1851 1438 oppositos
1898 1377 2043 1419 eum
2101 1355 2401 1420 habuisse
2445 1355 2713 1421 Consilii
2769 1377 2957 1440 prae·

640 1451 832 1517 sules.
926 1449 1063 1514 Imo
1123 1451 1315 1515 etiam
1377 1452 1584 1536 major
1635 1451 1749 1515 illa
1807 1473 1953 1535 pars
2015 1453 2257 1536 pariter
2310 1452 2642 1517 decentius
2695 1474 2833 1518 esse
2887 1458 2960 1517 et

640 1548 846 1632 magis
908 1547 1208 1631 expedire
1262 1547 1604 1631 judicavit,
1666 1549 1996 1632 negotium
2052 1549 2175 1614 hoc
2229 1550 2416 1616 modo
2476 1549 2691 1626 finire,
2758 1570 2951 1633 quam

641 1645 911 1711 ulterius
973 1643 1135 1709 illud
1196 1665 1309 1727 per
1359 1643 1710 1728 juridicum
1775 1666 2136 1728 processum
2203 1647 2598 1731 protrahere.
2706 1644 2778 1709 Id
2842 1667 2954 1710 ex-

640 1742 872 1826 pressis
929 1740 1141 1804 verbis
1199 1740 1431 1804 dicitur
1500 1742 1564 1805 in
1636 1740 1827 1805 Bulla
1887 1740 2074 1817 „Vox
2137 1743 2206 1806 in
2268 1743 2590 1808 excelso“:
2661 1739 2836 1821 Quia
2892 1744 2957 1805 et

640 1835 881 1919 majori
933 1833 1124 1918 parti
1177 1833 1498 1899 dictorum
1547 1834 2007 1903 Cardinalium
2061 1841 2122 1901 et
2170 1837 2660 1920 praedictorum
2719 1857 2761 1903 a
2822 1840 2959 1902 toto

644 1931 927 1998 Concilio
981 1930 1324 1996 electorum
1384 1979 1398 1994 .
1449 1981 1463 1996 .
1510 1979 1526 1995 .
1580 1931 1795 1998 visum
1851 1937 1944 1997 est
2003 1934 2332 2000 decentius
2390 1938 2452 1999 et
2508 1933 2960 2017 empedientius

639 2033 702 2094 et
759 2028 997 2093 utilius
1046 2049 1175 2111 pro
1239 2026 1373 2093 Dei
1426 2027 1669 2094 honore
1733 2033 1794 2093 et
1857 2051 1981 2112 pro
2037 2031 2517 2097 conservatione
2570 2030 2724 2112 fidei
2781 2029 2954 2096 chri-

639 2124 922 2205 stianae,
986 2176 999 2189 .
1062 2174 1078 2190 .
1140 2175 1153 2188 .
1219 2125 1609 2208 sequendam
1668 2125 1812 2207 fore
1865 2126 2091 2209 potius
2152 2127 2328 2192 viam
2392 2126 2830 2193 ordinationis
2889 2130 2955 2191 et

627 2220 1033 2305 provisionis
1102 2220 1289 2287 Sedis
1357 2220 1765 2304 Apostolicae
1783 2274 1799 2306 ,
1879 2223 2187 2290 Ordinem
2268 2244 2454 2306 saepe
2528 2224 2748 2307 fatum
2830 2223 2950 2288 tol·

641 2318 858 2398 lando,
918 2369 932 2383 .
993 2369 1006 2382 .
1061 2366 1075 2383 .
1130 2338 1327 2400 qaam
1372 2318 1772 2401 defensionis
1817 2319 2005 2402 juris
2058 2320 2529 2387 observationes
2588 2324 2649 2385 et
2708 2319 2957 2403 negotii

629 2414 1143 2499 proroqationes.
1253 2416 1467 2481 Facile
1532 2422 1753 2481 autem
1816 2417 2015 2494 vides,
2083 2419 2256 2482 inter
2322 2418 2442 2483 hoc
2504 2418 2817 2503 judicium
2885 2421 2950 2481 et

639 2518 859 2579 votum
925 2515 1312 2579 antecedens
1372 2515 1616 2578 nullam
1683 2536 1820 2579 esse
1882 2514 2427 2598 oppositionem.¹)
2534 2515 2743 2592 Quum
2800 2536 2954 2579 vero

639 2610 872 2694 reliqui
925 2611 1139 2694 pauci,
1199 2610 1312 2695 qui
1369 2610 1848 2696 judicaverant,
1914 2610 2221 2677 Ordinem
2279 2612 2606 2677 definitive
2659 2611 2950 2676 damnari

641 2729 854 2790 posse,
912 2707 1143 2772 merito
1186 2715 1635 2795 supponantur
1695 2709 2085 2793 acquievisse
2132 2711 2325 2775 etiam
2371 2708 2521 2772 huic
2566 2707 2749 2772 modo
2795 2705 2950 2772 abo-

640 2802 921 2880 litionis,
979 2806 1190 2887 patet,
1248 2805 1544 2869 concordi
1612 2811 1761 2870 voto
1814 2806 2015 2870 totius
2076 2805 2343 2871 Concilii
2406 2827 2445 2868 a
2499 2803 2832 2868 Clemente
2869 2800 2954 2867 V.

642 2900 1158 2983 suppressionem
1202 2921 1317 2983 per
1361 2901 1621 2966 modum
1669 2902 2048 2985 provisionis
2094 2901 2330 2966 factam
2378 2923 2536 2966 esse.

820 3049 924 3111 50.
986 3045 1025 3111 J
1034 3050 1236 3111 ustam
1298 3068 1488 3130 porro
1534 3051 1602 3111 et
1662 3047 2019 3129 sapientem
2076 3049 2274 3114 fuisse
2333 3049 2501 3114 hanc
2555 3047 2790 3135 agendi
2849 3069 2953 3111 ra-

533 3129 569 3158 ⁸‘
640 3145 920 3226 tionem,
977 3145 1170 3207 etiam
1228 3143 1414 3208 facile
1461 3164 1541 3207 ex
1601 3144 1918 3207 enarratis
1975 3144 2316 3230 colligitur.
2411 3145 2758 3210 Damnat-io
2813 3145 2956 3227 qui-

639 3241 782 3307 dem
844 3243 1043 3306 totius
1091 3238 1350 3304 Ordinis
1410 3243 1481 3303 ut
1539 3239 1689 3303 talis
1742 3260 1876 3304 non
1920 3240 2257 3305 videbatur
2292 3243 2501 3326 justa,
2559 3242 2711 3327 quia
2765 3241 2952 3323 culpa

644 3337 901 3404 Ordinis
969 3358 1102 3401 non
1167 3340 1308 3400 erat
1368 3336 1528 3400 satis
1590 3335 1888 3419 probata,
1959 3341 2025 3401 et
2088 3337 2158 3401 in
2226 3337 2515 3421 pluribus
2578 3336 2950 3421 regionibus

640 3454 862 3500 revera
910 3455 1043 3499 non
1081 3432 1385 3497 videntur
1428 3432 1891 3498 abominabiles
1938 3434 2035 3497 illi
2081 3434 2361 3498 adfuisse
2409 3436 2661 3499 abusus.
2740 3432 2954 3497 Multa

639 3536 855 3597 tamen
897 3530 1246 3596 obstabant
1290 3529 1536 3613 negotii
1583 3529 2006 3613 protractioni
2052 3531 2473 3608 incommoda,
2519 3553 2592 3595 ac
2637 3552 2752 3614 pro
2797 3551 2956 3613 sup-

639 3631 962 3713 pressione
1020 3625 1281 3691 Ordinis
1340 3625 1719 3710 gravissima
1775 3626 2044 3690 aderant
2104 3628 2368 3694 motiva.
2472 3627 2718 3711 Ingens
2781 3628 2951 3692 enim

638 3746 943 3790 numerus
998 3722 1508 3806 Templariorum
1571 3722 1841 3786 crimina
1901 3727 2045 3787 erat
2106 3724 2461 3801 confessus,
2527 3723 2620 3788 ita
2681 3728 2756 3788 ut
2809 3728 2950 3788 tum

817 3931 861 3999 ¹)
898 3931 966 3986 Id
998 3936 1184 3987 tamen
1231 3931 1377 3985 haud
1414 3932 1722 3987 advertisse
1758 3931 1977 3987 videtur
2010 3930 2100 3988 111.
2136 3931 2357 3996 Hefele,
2407 3931 2499 3999 qui
2546 3931 2690 3986 hunc
2728 3945 2954 3985 consen-

642 4026 760 4071 sum
810 4027 918 4064 non
969 4016 1368 4065 commemorat.
1441 4011 1508 4064 In
1553 4011 1805 4066 versione
1850 4011 1992 4065 enim
2031 4010 2354 4066 Germanica
2388 4011 2585 4066 Bullae
2622 4010 2737 4065 Vox
2770 4009 2831 4064 in
2868 4025 2960 4063 ια’·

639 4089 769 4144 celso
805 4089 1065 4159 (Tubing.
1104 4089 1472 4157 Quartalschr.
1513 4091 1666 4144 1866.
1706 4089 1780 4158 Ι.)
1824 4090 1995 4145 verba
2031 4089 2283 4156 superius
2326 4091 2507 4145 relata
2554 4089 2758 4144 omissa
2807 4095 2960 4153 sunt,

639 4169 784 4223 forte
820 4170 963 4236 quod
999 4168 1328 4225 haberentur
1364 4175 1427 4223 ut
1462 4168 1722 4236 repetit-io
1760 4169 2025 4236 quaedam
2061 4174 2249 4223 textus
2285 4169 2596 4226 anterioris.
