3281 5014
1196 463 1623 531 Templariorum
1660 466 1864 516 reatus.
2589 461 2694 512 137

359 612 527 691 ptus
571 605 645 671 in
696 604 1097 689 profectione
1142 624 1393 683 eorum,
1451 622 1595 668 cum
1643 607 1860 667 tamen
1906 602 1982 666 de
2036 603 2428 686 protectione
2472 623 2695 668 eorum

371 702 807 770 ‘nihilominus
868 702 1147 767 laetetur
1207 720 1392 765 mons
1453 697 1614 764 Sion
1677 703 1741 763 et
1799 699 2125 768 exsultent
2174 701 2352 785 filiae
2404 697 2695 784 ,stadam

364 801 639 878 Quando
687 799 1038 883 Templarii
1095 804 1285 864 erant
1338 816 1654 881 pauperes
1715 800 1781 859 et
1829 795 2131 879 humiles,
2188 801 2352 864 tales
2396 797 2518 861 viri
2566 818 2695 861 sce-

373 898 564 962 lerati
624 900 690 960 et
753 895 934 979 impii
993 895 1249 960 facilius
1311 893 1570 977 quidem
1631 893 1700 956 in
1764 895 2180 960 conversione
2240 897 2490 962 sincera
2548 915 2696 978 per-

366 992 788 1068 severabant3
851 991 965 1056 sed
1031 990 1288 1077 quando
1350 989 1505 1054 facti
1569 992 1726 1053 sunt
1786 988 2048 1067 divites,
2114 998 2412 1077 potentes
2469 997 2535 1056 et
2591 1014 2695 1056 su-

375 1090 587 1173 perbi,
651 1090 922 1153 fortasse
975 1088 1164 1152 multi
1227 1086 1503 1165 nobiles,
1573 1086 1950 1169 praesertim
2010 1089 2498 1175 secundogeniti
2558 1088 2694 1167 filii,

369 1185 683 1251 Ordinem
731 1183 1264 1267 ingrediebantur
1306 1184 1464 1247 sine·
1491 1182 1909 1247 conversione
1957 1185 2235 1264 sincera,
2292 1190 2358 1251 et
2401 1185 2536 1250 vita
2581 1185 2695 1250 illa

373 1283 643 1347 militari
699 1281 871 1345 vitiis
926 1302 994 1345 se
1047 1280 1390 1365 inquinare
1444 1283 1512 1343 et
1557 1279 1719 1343 alios
1774 1300 2181 1367 corrumpere
2236 1286 2560 1367 poterant.
2605 1318 2696 1328 —

376 1378 861 1443 Adverteudum
922 1376 1118 1441 etiam
1176 1380 1304 1457 est,
1365 1375 1792 1458 depositiones
1847 1377 2066 1443 adesse
2123 1378 2543 1464 quorumdam
2599 1382 2692 1442 te·

367 1475 606 1552 stium,
676 1474 788 1559 qui
852 1495 986 1537 non
1045 1477 1234 1537 erant
1297 1471 1678 1555 Templarii,
1748 1477 1944 1556 atque
2011 1497 2088 1538 ex
2157 1497 2373 1540 eorum
2440 1497 2693 1559 quoque

366 1571 882 1656 depositionibus
937 1570 1161 1654 gravia
1204 1568 1421 1653 colligi
1470 1568 1740 1648 motiva,
1794 1573 1870 1632 ut
1923 1571 2015 1633 rei
2070 1575 2456 1635 censeantur
2500 1571 2693 1636 Tem-

368 1668 563 1752 plarii
607 1668 930 1732 variorum
975 1667 1320 1738 abusuum3
1378 1685 1672 1728 rumores
1716 1668 1783 1728 et
1832 1666 2067 1729 malam
2121 1668 2361 1732 famam
2415 1668 2493 1732 de
2540 1669 2692 1752 ipsis

370 1765 686 1840 adfuisse,
754 1786 831 1829 ex
888 1764 968 1827 iis
1023 1768 1223 1846 patet.
1316 1761 1411 1825 Eo
1467 1760 1781 1844 pertinet,
1847 1783 1905 1826 v.
1960 1783 2022 1847 g.
2077 1763 2386 1847 depositio
2445 1763 2691 1829 Fratris

371 1860 689 1944 Stephani
745 1860 823 1924 de
869 1858 1154 1923 Nereaco
1204 1857 1660 1941 Lugdunensis
1718 1857 2050 1940 dioecesis,
2106 1860 2183 1924 de
2242 1859 2484 1925 Ordine
2538 1859 2691 1924 Fra·

368 1963 544 2023 trum
606 1952 1009 2039 minorum.²)
1114 1954 1371 2033 „Lectis
1415 1954 1537 2017 sibi
1593 1954 1892 2019 omnibus
1948 1962 2013 2019 et
2057 1956 2330 2041 singulis
2386 1957 2692 2039 articulis,

374 2055 726 2138 respondit,
774 2052 946 2137 quod
993 2057 1148 2117 sunt
1195 2051 1396 2136 elapsi
1434 2051 1669 2134 viginti
1713 2053 1872 2116 anni
1917 2054 2018 2116 vel
2065 2054 2250 2130 circa,
2299 2075 2441 2118 cum
2484 2055 2689 2119 frater

376 2151 730 2216 Ancelinus
796 2145 1009 2226 Gara,
1053 2148 1236 2212 miles
1295 2146 1557 2212 Ordinis
1619 2147 1897 2232 Templi,
1964 2150 2042 2213 de
2104 2152 2435 2233 parentela
2492 2151 2692 2234 ipsius

372 2248 594 2322 testis,
666 2253 832 2311 esset
886 2246 1124 2309 dictum
1183 2244 1491 2309 Ordinem
1549 2245 1959 2328 ingressurus
1971 2296 1989 2327 ‚
2060 2251 2127 2311 et
2186 2248 2324 2330 ipse
2379 2247 2570 2312 testis
2627 2251 2693 2312 et

374 2346 577 2408 frater
644 2343 921 2408 Poncius
982 2341 1155 2425 prior
1221 2342 1299 2406 de
1364 2340 1665 2406 Mantula
1729 2340 2032 2413 dioecesis
2081 2342 2497 2421 Viennensis,
2571 2342 2692 2407 Or·

367 2440 541 2505 dinis
587 2439 1057 2512 Cluniacensis,
1113 2438 1317 2502 frater
1364 2438 1680 2523 ejusdem,
1739 2442 1806 2501 et
1852 2435 2221 2522 Stephanus
2279 2440 2483 2503 frater
2536 2439 2690 2506 dicti

374 2537 708 2619 Ancelini‚
763 2558 838 2601 ac
884 2536 992 2600 alii
1038 2536 1286 2600 nobiles
1330 2536 1409 2599 de
1456 2556 1676 2598 eorum
1723 2537 2083 2619 parentela,
2139 2537 2449 2602 trufando
2496 2541 2564 2601 et
2608 2537 2691 2602 ri-

373 2634 583 2699 dendo
645 2634 931 2698 dicerent
988 2633 1191 2698 eidem
1251 2631 1569 2697 Ancelino
1630 2630 1733 2694 die
1795 2632 2199 2715 praecedenti
2259 2635 2690 2717 receptionem

364 2751 580 2814 suam,
639 2729 942 2814 Lugduni
991 2729 1328 2805 existenti,
1386 2727 1555 2813 quod
1612 2728 1678 2790 in
1723 2728 2006 2792 crastino
2053 2727 2450 2813 (inhoneste)
2506 2751 2690 2795 oscu-

372 2826 621 2891 laretur
662 2826 844 2890 illum
894 2828 1005 2910 qui
1055 2827 1369 2909 reciperet
1416 2847 1591 2903 eum,
1649 2828 1717 2888 et
1765 2824 1972 2889 dictus
2020 2824 2381 2891 Ancelinus
2428 2847 2691 2910 respon·

362 2921 551 2987 deret
615 2921 787 3005 quod
842 2921 961 2986 hoc
1019 2944 1151 2988 non
1215 2922 1484 2999 faceret,
1555 2925 1622 2984 et
1677 2922 1731 2986 si
1786 2920 2104 2987 diceretur
2160 2923 2245 2999 ei,
2314 2923 2483 3007 quod
2546 2946 2688 2988 cum

373 3018 588 3100 gladio
643 3018 1004 3101 perforaret
1052 3066 1068 3083 .
1120 3072 1133 3085 .
1181 3069 1229 3101 .,
1292 3020 1585 3083 fecerunt
1645 3019 1700 3081 ei
1759 3019 2010 3101 jurare,
2076 3018 2244 3101 quod
2308 3024 2455 3103 post
2514 3041 2690 3083 rece-

369 3116 660 3199 ptionem
726 3136 907 3179 suam
969 3116 1286 3180 revelaret
1347 3115 1437 3179 eis
1499 3114 1754 3179 modum
1821 3114 2028 3178 dictae
2090 3137 2243 3180 suae
2299 3116 2687 3199 receptionis

364 3217 439 3275 et
505 3209 982 3296 professionis;“
1095 3211 1411 3288 Enarrat,
1481 3209 1801 3293 quomodo
1871 3211 2075 3275 altera
2141 3210 2244 3275 die
2316 3212 2684 3287 Ancelinus,

370 3313 713 3392 praesente
768 3307 968 3372 nobili
1025 3308 1356 3390 parentela
1412 3327 1530 3370 sua
1589 3306 1672 3371 ab
1718 3305 1960 3371 Anrico
2015 3307 2092 3371 de
2124 3306 2410 3372 Villariis
2466 3308 2688 3373 Archi·

278 3436 284 3441 ·
364 3405 666 3488 episcopo
722 3403 1141 3488 Lugdunensi
1172 3403 1474 3486 *primum
1532 3404 1602 3466 in
1658 3403 1892 3467 sacello
1937 3402 2445 3487 Templariorum
2500 3405 2685 3469 miles

366 3503 578 3566 factus
624 3501 740 3577 sit,
797 3522 870 3564 ac
911 3500 1061 3565 dein
1107 3499 1444 3564 induerint
1499 3521 1644 3562 eum
1702 3500 1773 3563 in
1816 3499 2033 3583 aliqua
2090 3522 2342 3565 camera
2396 3501 2683 3565 vestibus

364 3597 650 3661 Ordinis.
729 3597 885 3660 Post
929 3597 1087 3661 haec
1132 3596 1256 3660 duo
1288 3595 1522 3660 milites
1555 3593 1836 3671 Ordinis,
1885 3618 2156 3680 quorum
2191 3598 2454 3662 nomina
2498 3598 2680 3681 igno·

370 3698 476 3759 rat
507 3692 765 3774 (testis),
812 3692 1172 3774 „duxerunt
1218 3693 1425 3776 ipsum
1464 3692 1876 3775 Ancelinum‚
1922 3698 2261 3776 praesente
2304 3693 2443 3777 ipso
2490 3698 2680 3772 teste,

361 3791 450 3856 ad
494 3790 831 3875 quemdam
889 3789 1085 3853 alium
1141 3790 1348 3854 locum
1408 3788 1613 3854 dictae
1660 3788 1885 3853 domus
1940 3794 2286 3868 secretum,
2351 3795 2417 3854 et
2462 3790 2681 3855 nullus

359 3886 447 3951 de
509 3886 727 3950 amicis
788 3885 989 3969 ipsius
1048 3892 1305 3952 secutus
1370 3890 1468 3950 est
1529 3907 1676 3949 eum
1732 3906 1853 3950 nec
1910 3887 2159 3951 intrare
2219 3887 2463 3971 potuit,
2527 3887 2680 3971 quia

551 4114 590 4181 ²)
629 4113 963 4168 Exhortatio
1001 4114 1072 4167 ad
1108 4113 1310 4168 milites
1348 4113 1578 4181 Templi,
1617 4129 1662 4166 c.
1702 4116 1750 4166 5.

547 4191 591 4259 ²)
630 4193 848 4258 Preces,
885 4193 929 4246 Ι.
966 4209 1016 4260 p.
1055 4195 1177 4246 454.
