3281 5014
638 504 743 555 462
1069 499 1322 553 XXXVI.
1361 499 1444 553 De
1484 502 1635 552 statu
1674 497 1956 554 Ecclesiae
1992 497 2152 552 initio
2190 514 2330 553 saec.
2371 499 2518 552 XVI.

627 662 818 724 posse
863 639 1107 720 docere,
1154 660 1230 704 ac
1274 638 1451 704 omni
1496 639 1713 704 studio
1758 638 2133 721 hujusmodi
2167 638 2704 723 philosophorum
2749 660 2946 723 arqu-

638 741 886 818 menta,
945 757 1091 804 cum
1141 735 1359 801 omnia
1417 735 1723 801 solubilia
1772 734 2086 816 existant,
2136 757 2264 818 pro
2308 735 2561 802 viribus
2614 736 2948 802 excludere

637 839 831 917 atque
888 832 1215 899 resolvere.
1322 834 1527 910 Quum
1589 833 1666 898 de
1727 832 1845 896 hac
1890 832 2083 896 Bulla
2142 833 2448 919 suffragia
2493 833 2766 899 Patrum
2816 836 2947 899 col·

637 933 1022 1016 ligerentur,
1095 953 1172 994 ex
1241 930 1363 994 125
1427 928 1735 995 Patribus
1797 930 1919 994 duo
1978 927 2134 994 Non
2183 928 2401 1011 placet
2460 931 2946 1013 responderunt,

637 1051 912 1114 quorum
981 1030 1146 1092 alter
1213 1030 1352 1091 er'at
1420 1026 1885 1104 celeberrimus,
1936 1025 2322 1115 Cajetapus,
2398 1029 2500 1092 cui
2569 1025 2945 1110 (immerito)

487 1167 541 1214 X,
637 1147 761 1189 non
805 1125 1124 1218 erat‚
1171 1123 1341 1208 quod
1388 1122 1749 1206 philosophi
1787 1124 2173 1207 juberentur
2209 1125 2563 1189 revelatam
2608 1125 2944 1189 veritatem

634 1242 1014 1305 proponere.
1094 1219 1190 1284 Ex
1239 1219 1361 1285 hoc
1408 1219 1581 1284 facto
1613 1220 1895 1302 colliges,
1942 1218 2348 1303 Cajetanum,
2394 1223 2501 1304 qui
2547 1221 2720 1286 inter
2766 1242 2947 1304 prae-

564 1318 854 1402 *Acipuos
900 1316 1306 1382 auctoritatis
1353 1321 1420 1380 et
1464 1315 1954 1381 infallibilitatis
2010 1316 2377 1400 pontificiae
2434 1321 2946 1401 propugnatores

632 1418 1029 1493 recensetur,
1095 1414 1256 1479 falso
1319 1412 1709 1477 adulationis
1773 1413 2082 1497 accusari3
2147 1413 2296 1477 talis
2358 1414 2528 1477 enim
2593 1415 2645 1477 si
2703 1413 2949 1494 fuisset,

634 1515 978 1595 praesente
1040 1511 1178 1595 ipso
1249 1509 1591 1586 Pontifice‚
1654 1513 1882 1574 contra
1945 1509 2122 1574 illam
2188 1509 2744 1576 Constitutionem
2813 1531 2945 1574 non

633 1607 913 1672 dedisset
958 1610 1173 1671 votum
1226 1627 1429 1670 suum.

330 1771 544 1815 sonarum
546 1777 593 1815 ta
813 1759 917 1824 72.
968 1755 1047 1820 In
1094 1755 1374 1821 sessione
1421 1754 1785 1830 undecima,
1834 1754 1935 1819 die
1983 1752 2093 1819 19⁰
2136 1753 2505 1820 Decembris
2552 1756 2707 1819 anni
2760 1756 2946 1834 1516,

301 1835 367 1875 ¹³¹¹
340 1834 432 1936 ⁰2¹⁸
422 1839 619 1938 ηαῖζω
635 1853 1146 1929 Constitutione,
1219 1873 1347 1935 qua
1405 1853 1647 1935 rejecta
1710 1849 1837 1915 fuit
1898 1851 2303 1935 Pragmatica
2364 1849 2656 1930 Sanctio,
2721 1853 2945 1944 chr-

634 1956 811 2015 mata
857 1951 1045 2014 etiam
1097 1952 1191 2013 est
1235 1947 1426 2012 Bulla
1485 1944 1693 2027 Unam
1727 1944 2036 2010 Sanctam
2080 1946 2393 2012 Bonifatii
2428 1946 2607 2011 VIII.
2652 1947 2751 2012 his
2800 1970 2944 2012 ver-

635 2036 779 2112 bis·
825 2045 919 2110 Et
987 2065 1132 2109 cum
1200 2043 1276 2107 de
1335 2043 1711 2108 necessitate
1778 2032 2014 2107 salutis
2076 2043 2343 2122 existat,
2413 2064 2628 2108 omnes
2685 2042 2943 2109 Christi

630 2142 847 2223 fideles
892 2141 1193 2206 Romano
1245 2138 1549 2220 Pontifici
1594 2137 1866 2220 subesse,
1904 2144 2111 2221 prout
2152 2138 2412 2204 divinae
2459 2138 2842 2223 Scripturae
2881 2145 2945 2206 et

633 2238 915 2304 Patrum
963 2236 1328 2302 testimonio
1373 2236 1733 2315 edocemur,
1793 2256 1867 2301 ac
1917 2233 2389 2301 Constitutione
2440 2236 2547 2318 fel.
2597 2237 2945 2303 memoriae

630 2333 968 2417 Bonifatii
1020 2333 1094 2398 P.
1141 2332 1359 2413 VIII„
1418 2351 1581 2414 quae
1631 2331 1868 2415 incipit
1925 2382 1955 2414 „
1980 2331 2187 2398 Unam
2236 2331 2607 2413 Sanctam“,
2657 2333 2943 2399 declara-

630 2436 771 2511 tur,
828 2452 955 2515 pro
1016 2429 1379 2494 eorumdem
1440 2427 1732 2510 fidelium
1789 2428 2166 2495 animarum
2225 2428 2463 2511 salute,
2530 2449 2606 2494 ac
2653 2430 2944 2496 Romani

632 2527 972 2609 Pontificis
1030 2532 1090 2592 et
1151 2527 1350 2610 hujus
1409 2530 1672 2591 sanctae
1732 2524 1918 2591 Sedis
1976 2546 2280 2609 suprema
2334 2527 2753 2608 auctoritate,
2814 2528 2940 2593 Ec-

632 2624 859 2690 clesiae
905 2644 1176 2707 sponsae
1232 2643 1389 2689 suae
1435 2622 1691 2688 unitate
1745 2626 1805 2686 et
1860 2626 2196 2703 potestate,
2259 2621 2796 2689 Con-stitutionem
2839 2624 2939 2709 ip-

630 2742 789 2801 sam,
837 2740 1021 2786 sacro
1039 2724 1383 2803 praesente
1417 2718 1699 2785 Concilio
1729 2716 2144 2802 approbante,
2193 2718 2586 2785 innovamus
2619 2726 2680 2785 et
2709 2741 2938 2804 appro-

633 2819 879 2898 bamus,
924 2817 1067 2883 sine
1102 2822 1318 2882 tamen
1363 2815 1768 2900 praejudicio
1799 2815 2259 2881 declarationis
2304 2821 2567 2885 sanctae
2597 2817 2940 2884 memoriae

636 2913 986 2981 Clementis
1044 2913 1118 2978 Ρ.
1164 2913 1227 2977 V.
1290 2932 1455 2995 quae
1511 2912 1748 2997 incipit
1805 2911 2072 2978 Meruit.
2088 2911 2164 3012 ¹),
2198 2949 2285 2958 -—
2347 2913 2557 2980 Multa
2617 2916 2812 2980 etiam
2869 2917 2938 2980 in

631 3014 823 3078 variis
870 3011 1267 3077 sessionibus
1314 3033 1429 3094 pro
1476 3011 1642 3075 bello
1689 3016 1914 3074 contra
1958 3010 2198 3074 Turcas
2244 3010 2498 3075 decreta
2541 3016 2715 3076 sunt.

810 3162 911 3225 73.
966 3159 1148 3224 Finis
1203 3159 1539 3242 impositus
1585 3163 1683 3222 est
1731 3157 2019 3222 Concilio
2071 3153 2491 3223 Lateranensi
2523 3157 2603 3225 V.
2658 3159 2940 3225 sessione

630 3258 1029 3336 duodecima,
1086 3256 1189 3321 die
1249 3255 1359 3320 16⁰
1408 3255 1626 3321 Martii
1683 3253 1840 3319 anni
1891 3254 2090 3338 15173
2150 3255 2397 3352 plures
2417 3258 2639 3319 tamen
2692 3253 2937 3332 Patres,

632 3357 801 3421 inter
862 3375 1019 3439 quos
1077 3349 1426 3435 Oajetanus
1491 3350 1566 3416 O.
1626 3350 1736 3428 Ρ.
1807 3350 2342 3415 commendabant
2386 3321 2669 3416 Concilii
2732 3352 2937 3417 conti-

505 3468 548 3520 *t
631 3453 1027 3517 nuationem.
1119 3450 1486 3515 Adfuerunt
1541 3447 1619 3512 ad
1677 3447 1974 3513 ultimam
2028 3448 2375 3512 sessionem
2429 3448 2745 3513 sexdecim
2793 3447 2937 3514 Car-

630 3549 873 3612 dinales
939 3551 1005 3613 et
1071 3550 1331 3612 centum
1399 3545 1652 3609 circiter
1719 3543 2012 3628 praelati.
2122 3543 2313 3607 Haud
2380 3545 2699 3609 immerito
2760 3544 2936 3628 Ray-

633 3645 890 3709 ualdus:
969 3641 1131 3707 Tam
1181 3661 1430 3724 paucos
1490 3659 1764 3706 numero
1825 3638 2157 3720 praesules
2220 3658 2300 3702 ex
2362 3627 2456 3703 tot
2516 3638 2936 3722 amplissimis

630 3740 877 3824 reynis,
950 3759 1114 3822 quae
1178 3742 1332 3803 tunc
1396 3737 1738 3803 Romanae
1799 3734 2127 3800 Ecclesiae
2181 3735 2534 3817 parebant,
2604 3736 2791 3801 toties
2852 3735 2937 3802 ad

638 3836 995 3904 Concilium
1041 3834 1406 3917 Apostolico
1455 3832 1728 3915 imperio
1779 3836 2035 3897 vocatos
2083 3831 2356 3911 venisse,
2412 3830 2663 3897 indicat
2715 3853 2935 3900 eorum

812 4073 853 4136 ²)
889 4072 955 4124 In
994 4069 1107 4123 ista
1142 4068 1508 4124 declaratione
1545 4066 1759 4122 Meruit
1792 4082 1901 4121 non
1940 4067 2207 4121 contineri
2252 4021 2682 4121 immutationem
2719 4065 2808 4120 vel
2852 4081 2935 4120 re·

633 4152 972 4206 strictionem
1011 4148 1209 4203 Bullae
1257 4148 1432 4203 Unam
1466 4151 1734 4212 sanctam,
1775 4147 1871 4201 sed
1905 4151 2121 4200 tantum
2158 4146 2609 4212 declarationem,
2653 4160 2759 4213 qua
2792 4143 2939 4198 falsa

632 4231 928 4285 cavebatur
962 4228 1372 4296 interpretatio,
1402 4228 1520 4295 ‚iam
1556 4226 1810 4279 vidimus.
