3281 5014
1035 414 1334 469 Processus
1371 420 1563 470 contra
1600 416 1965 485 Templarios.
2518 422 2586 473 97

266 549 437 613 tifex
498 552 817 617 excitatus
875 560 1002 633 est,
1064 561 1140 621 ut
1194 557 1474 622 severius
1525 560 1662 640 jam
1722 565 1945 624 contra
1991 560 2387 644 Templarios
2441 549 2586 644 pro-

262 646 498 710 cedere
542 647 936 715 decerneret.
2081 682 2085 685 ⁴

455 744 556 808 18.
586 744 785 821 Quod
833 752 1087 831 spectat
1131 748 1211 813 ad
1258 749 1526 815 crimina
1571 773 1737 835 quae
1772 751 2151 837 Templariis
2197 754 2587 839 objicieban-

262 843 402 918 tur,
451 842 830 925 praecipuae
877 846 1315 910 accusationes
1361 852 1516 912 sunt
1560 848 1755 913 istae:

266 1032 369 1097 Ch
460 934 539 1001 1⁰.
600 937 727 1003 Eos
792 942 857 1005 in
930 942 1295 1024 receptione
1363 964 1480 1007 sua
1542 945 1866 1030 abnegare
1932 946 2137 1011 Deum
2200 948 2302 1011 vel
2367 915 2586 1013 Jesum

379 1033 626 1101 ristum.

456 1128 527 1194 2⁰
570 1130 699 1197 Eos
747 1133 814 1196 in
854 1135 1221 1218 receptione
1264 1158 1381 1201 sua
1425 1158 1654 1220 spuere
1700 1159 1892 1222 super
1932 1160 2199 1216 crucem,
2248 1141 2350 1206 vel
2396 1143 2587 1208 etiam

266 1227 546 1310 §pedibus
592 1250 735 1292 eam
780 1230 1174 1296 conculcare.

457 1324 528 1388 3⁰
587 1325 754 1409 Ipsis
817 1326 885 1389 in
947 1329 1311 1411 receptione
1377 1328 1695 1411 permitti,
1757 1343 1834 1394 ut
1887 1330 2036 1395 dum
2096 1333 2497 1398 abstinerent
2552 1356 2591 1397 a

264 1421 675 1501 mulieribus,
724 1422 1184 1505 impudicitiam
1232 1424 1406 1488 inter
1451 1425 1689 1489 fratres
1738 1425 1999 1491 Ordinis
2048 1434 2445 1510 exercerent3
2492 1434 2593 1495 at-

265 1540 403 1601 que
451 1519 763 1601 ejusmodi
810 1520 1053 1585 crimen
1099 1520 1339 1586 infame
1381 1522 1595 1605 vigere
1638 1523 1709 1586 in
1755 1523 1867 1589 illo
1916 1522 2175 1589 Ordine.

455 1615 526 1678 4⁰
583 1616 669 1680 In
730 1618 868 1700 ipsa
931 1618 1296 1701 receptione
1355 1640 1500 1681 eum
1560 1619 1759 1683 ritum
1821 1621 2176 1703 observari,
2247 1628 2321 1689 ut
2378 1623 2594 1687 oscula

268 1712 648 1777 indecentia
697 1719 764 1777 et
808 1714 1129 1797 impudica
1174 1715 1381 1779 locum
1428 1714 1733 1779 habeant.

457 1805 529 1872 5⁰
580 1809 851 1875 Adorari
893 1810 965 1875 in
1012 1810 1520 1894 Templariorum
1570 1809 1808 1878 Ordine
1853 1811 2092 1877 idolum
2139 1812 2478 1897 quoddam.

458 1903 529 1970 6⁰
573 1904 1022 1971 Sacerdotibus
1070 1905 1330 1972 Ordinis
1375 1909 1445 1972 in
1489 1909 1858 1992 receptione
1905 1908 2357 1989 commendari,
2407 1915 2478 1975 ut
2525 1912 2593 1975 in

275 2003 488 2069 Missa
534 2003 919 2067 celebranda
966 2004 1468 2068 consecrationis
1516 2005 1711 2069 verba
1763 2007 2104 2083 omittant,
2160 2007 2448 2092 illudque
2496 2030 2594 2072 re-

278 2122 435 2165 vera
480 2100 563 2164 ab
609 2100 688 2164 iis
736 2100 896 2166 fieri.
2507 2153 2508 2156 ,

370 2257 373 2260 ,
461 2197 559 2261 De
620 2195 720 2261 his
770 2197 975 2280 igitur
1031 2198 1297 2282 aliisque
1351 2197 1754 2281 criminibus,
1817 2199 1910 2262 uti
1965 2198 2268 2276 diximus,
2331 2222 2447 2284 per
2500 2202 2595 2266 in·

271 2294 658 2380 quisitores‚
716 2294 1042 2377 episcopos
1097 2294 1196 2358 vel
1239 2294 1488 2378 judices
1531 2295 1742 2379 regios
1797 2295 1868 2359 in
1913 2294 2310 2380 Templarios
2357 2298 2595 2363 multos

278 2396 357 2457 ut
414 2392 780 2475 singulares
840 2412 1147 2473 personas
1203 2390 1544 2475 inquisitio
1599 2392 1773 2457 facta
1829 2398 1957 2468 est,
2019 2393 2366 2459 secundnm
2425 2395 2598 2459 illius

272 2488 594 2575 temporis
647 2488 1038 2554 ordinariam
1091 2487 1692 2571 jurisprudentiam.
1809 2488 2025 2555 Etiam
2090 2494 2345 2559 tortura
2405 2492 2599 2558 variis

274 2588 350 2651 in
411 2585 662 2653 casibus
722 2585 1013 2650 adhibita
1073 2592 1190 2649 est.
1302 2583 1622 2660 Permulti
1687 2586 1873 2668 plura
1931 2587 2418 2653 confessisunt
2478 2589 2599 2653 cri·

274 2684 479 2748 mina.
588 2681 827 2747 Versus
897 2682 1090 2747 finem
1155 2705 1304 2747 vero
1372 2684 1612 2747 mensis
1679 2681 2093 2766 Novembris,
2164 2685 2265 2749 uti
2327 2685 2601 2762 videtur,

274 2803 483 2866 quum
530 2779 865 2862 suspensio
922 2778 1249 2844 facultatis
1307 2780 1747 2863 episcoporum
1802 2784 1871 2845 et
1924 2781 2380 2865 inquisitorum
2431 2783 2603 2848 facta

281 2901 396 2962 per
454 2876 853 2941 Clementem
918 2875 1214 2940 omnibus
1277 2876 1579 2940 intimata
1634 2882 1835 2955 esset,
1900 2899 2082 2941 mora
2151 2878 2461 2962 quaedam
2531 2880 2598 2943 in

278 2995 576 3060 processu
627 2973 800 3037 facta
847 2977 961 3052 est,
1008 2993 1210 3056 usque
1257 2972 1335 3037 ad
1381 2993 1669 3037 mensem
1717 2971 2160 3057 Septembrem
2205 2997 2263 3040 a.
2317 2975 2501 3043 1308.

469 3071 567 3134 19.
633 3068 771 3134 Rex
837 3070 1322 3152 suspensionem
1385 3069 1561 3134 illam
1619 3070 1949 3135 facultatis
2018 3071 2471 3156 inquisitorum
2535 3078 2600 3137 et

276 3166 728 3252 episcoporum
782 3166 1136 3250 aegerrime
1192 3166 1378 3242 tulit,
1439 3167 1776 3250 zelumque
1838 3188 2261 3251 permagnum
2324 3191 2476 3252 prae
2533 3191 2602 3235 se

277 3266 504 3330 ferens
572 3262 900 3347 religionis
962 3266 1026 3326 et
1089 3263 1269 3339 fidei,
1333 3262 1544 3326 verbis
1607 3263 1856 3328 acribus
1916 3286 1952 3327 a
2016 3262 2329 3330 Pontifice
2393 3267 2602 3349 petiit,

285 3369 360 3426 ut
416 3361 501 3426 ab
556 3359 975 3444 inquisitione
1034 3360 1100 3423 in
1157 3381 1459 3443 personas
1513 3358 2025 3443 Templariorum
2074 3359 2322 3444 judices
2380 3385 2603 3427 eorum

277 3458 643 3522 ordinarios
710 3478 845 3520 non
907 3455 1262 3538 impediret.
1370 3455 1602 3521 Libelli
1668 3457 1858 3521 etiam
1932 3457 2193 3541 quidam
2256 3459 2325 3522 in
2386 3457 2603 3525 Gallia

281 3554 497 3638 sparsi
558 3558 742 3629 sunt,
802 3552 1037 3635 quibus
1091 3550 1506 3616 vehementer
1561 3554 1954 3637 arguebatur
2004 3553 2305 3619 Pontifex
2364 3556 2443 3620 de
2498 3556 2602 3619 de-

279 3651 463 3716 fectu
509 3648 960 3714 sollicitudinis
1021 3670 1134 3731 pro
1193 3647 1318 3712 fide
1372 3648 1712 3726 catholica,
1776 3650 1967 3714 simul
2018 3671 2167 3715 vero
2227 3651 2281 3715 ei
2346 3652 2600 3735 objicie-

256 3748 504 3835 batur,
578 3746 935 3829 nepotismo
1006 3745 1359 3810 effraenato
1422 3766 1568 3810 eum
1631 3747 1981 3830 inquinari.
2094 3747 2283 3811 Tales
2355 3748 2602 3814 libellos

278 3910 556 3965 sonaliter
605 3926 725 3966 esse
775 3911 1168 3978 examinatum,
1231 3910 1590 3979 probabiliter
1635 3911 1744 3966 fuit
1794 3912 2073 3968 Olivarius
2125 3912 2191 3966 de
2242 3912 2459 3977 Penna,
2511 3915 2602 3982 qui

278 3996 408 4046 erat
453 4007 516 4045 ee
578 3994 830 4058 tempore
887 3989 1249 4045 cubicularius
1295 3990 1469 4058 ipsius
1517 3990 1803 4047 Pontificis
1850 3992 2075 4059 (Preces
2121 3992 2163 4046 I.
2203 3993 2346 4060 390).
2430 3992 2602 4058 Quum

286 4070 430 4125 Ordo
473 4069 916 4138 supprimeretur,
955 4068 1204 4124 Clemens
1230 4068 1334 4123 sibi
1371 4069 1681 4125 reservavit
1709 4071 2042 4125 sententiam
2080 4071 2357 4126 ferendam
2395 4072 2460 4126 de
2499 4073 2603 4127 hoc

278 4149 546 4214 Olivari0‚
587 4149 671 4204 uti
707 4150 774 4204 de
814 4148 1038 4202 summis
1076 4147 1293 4202 Ordinis
1330 4148 1667 4218 dignitariis.

2328 4236 2389 4289 7*

2667 752 2859 796 Crimina

2630 813 2894 867 Templariia

2670 876 2856 927 objecta.
