3281 5014
378 805 502 848 Felix
511 807 568 848 V.
585 808 692 848 anti-

473 880 599 922 papa.

709 479 813 530 356
979 477 1202 531 XXXV.
1240 478 1323 532 De
1363 477 1567 531 Concil.
1605 477 1911 533 Basileensi
1949 493 2012 531 ac
2050 478 2116 532 de
2156 477 2368 545 Synodo
2405 478 2743 533 Florentina.

711 624 1119 702 praeceptum
1166 623 1294 697 est,
1352 625 1426 683 ut
1472 619 1529 683 ei
1577 619 1914 686 obedirent
1966 620 2248 684 universi
2294 619 2530 684 Christi
2591 620 2839 697 fideles,
2895 641 3030 683 cas-

713 716 871 778 satis
917 715 1210 780 omnibus
1261 738 1427 800 quae
1472 716 1801 800 Eugenius
1855 719 1924 783 in
1973 717 2369 782 contrarium
2430 718 2723 781 ediceret.
2775 752 2857 760 —
2900 713 3026 780 Fe-

716 811 805 874 lix
852 833 890 874 a
936 810 1262 876 Cardinali
1307 812 1676 878 Arelatensi
1733 821 1926 882 antea
1971 819 2040 880 in
2099 815 2463 898 episcopum
2508 811 2866 888 ordinatus,
2923 811 3025 875 die

714 893 830 970 24Ο
875 907 917 972 J
924 909 1035 971 uln
1078 913 1419 973 coronatus
1464 916 1591 988 est,
1650 916 1717 975 et
1769 913 1838 976 in
1885 912 2425 978 sustentationem
2472 911 2529 973 ei
2586 910 3033 975 attribuerunt

714 1002 1112 1068 Basileenses
1174 1027 1287 1088 pro
1349 1007 1795 1090 quinquennio
1857 1012 2154 1093 quintam
2218 1015 2469 1091 partem
2527 1007 2813 1071 omnium
2883 1027 3023 1089 pro-

714 1106 1025 1164 ventuum
1097 1103 1690 1181 ecclesiasticorum,
1762 1111 1827 1171 et
1892 1130 2013 1190 pro
2080 1106 2510 1189 subsequente
2576 1103 3032 1187 quinquennio

714 1195 1019 1261 decimam
1080 1188 1347 1281 partem.
1414 1236 1489 1245 —
1545 1199 1824 1286 Reliqua
1879 1208 2106 1269 contra
2164 1201 2531 1285 Eugenium
2587 1200 2758 1264 fact-a
2809 1220 3028 1263 recen—

714 1314 853 1357 sere
920 1316 1054 1358 non
1121 1295 1375 1361 videtur
1442 1301 1893 1364 necessarium.
1969 1336 2041 1345 —
2118 1299 2242 1363 Die
2311 1295 2420 1363 16⁰
2482 1297 2640 1381 Maji
2707 1319 2760 1360 a.
2836 1295 3028 1379 1443,

715 1393 996 1456 sessione
1066 1393 1559 1476 quadragesima
1626 1397 1887 1479 quinta,
1954 1419 2117 1481 quae
2186 1399 2286 1459 est
2352 1399 2673 1478 postrema
2738 1392 3033 1457 Basileae

716 1488 971 1569 habita,
1047 1489 1396 1554 mandante
1466 1490 1863 1574 Imperatore
1949 1490 1997 1558 F
2001 1494 2265 1558 riderico
2333 1490 2487 1565 III.,
2564 1496 3034 1554 consenserunt

717 1584 1115 1651 Basileenses
1200 1587 1316 1651 sub
1393 1590 1585 1652 certis
1653 1590 2162 1666 conditionibus,
2248 1594 2323 1652 ut
2401 1588 2480 1652 ad
2532 1585 3029 1670 'procurandam

718 1683 1022 1747 unionem
1079 1704 1319 1747 novum
1366 1683 1722 1750 Concilium
1779 1688 2078 1771 generale
2126 1689 2610 1762 convocaretur,
2669 1684 2762 1747 ita
2806 1690 3028 1746 tamen

717 1784 788 1843 ut
834 1777 1191 1844 Concilium
1238 1779 1613 1861 Basileense
1671 1804 1813 1847 non·
1863 1787 2232 1847 censeretur
2287 1781 2664 1845 dissolutum
2725 1779 2835 1842 sed
2881 1799 3035 1842 con-

717 1877 1063 1941 tinuatum.

896 2024 998 2090 22.
1076 2025 1205 2090 Res
1279 2031 1493 2090 tamen
1573 2027 1830 2093 illorum
1902 2027 2452 2092 schismaticorum
2523 2026 2726 2110 magis
2800 2025 3037 2109 magis-

721 2144 845 2208 que
909 2123 1407 2186 collabebantur.
1510 2123 1794 2189 Profecti
1856 2123 2301 2199 Lausannan'i,
2365 2145 2492 2207 quo
2552 2121 2729 2186 Felix
2760 2120 2837 2185 V.
2889 2123 3030 2205 jam

719 2223 1025 2303 vergente
1085 2219 1163 2283 ad
1224 2219 1419 2283 finem
1481 2242 1655 2284 anno
1700 2221 1866 2284 1442
1930 2224 2306 2295 secesserat,
2366 2219 2455 2282 ibi
2517 2219 2763 2302 aliquot
2822 2216 3036 2281 adhuc

720 2317 1032 2381 sessiones
1060 2315 1450 2390 habuerunt;
1501 2316 1611 2380 sed
1659 2317 1726 2381 in
1764 2319 1840 2381 iis
1886 2323 2103 2380 tamen
2147 2316 2311 2380 nihil
2356 2315 2767 2380 memorabile
2815 2319 3027 2378 actum

722 2419 837 2478 est.
949 2412 1220 2476 Interim
1281 2409 1596 2477 Nicolaus
1668 2412 1720 2488 Ε.
1789 2415 1859 2478 in
1926 2414 2135 2478 locum
2208 2413 2485 2496 Eugenii
2552 2411 2666 2476 IV.
2737 2436 2794 2476 a.
2861 2412 3030 2474 1447

720 2507 1127 2599 suffectus&
1161 2510 1749 2575 intervenientibus
1811 2511 2089 2586 Galliae,
2154 2512 2440 2594 Angliae
2499 2515 2565 2573 et
2626 2506 2878 2574 Siciliae
2939 2530 3037 2573 re·

719 2608 937 2692 gibuS,
998 2607 1280 2671 obtinuit
1325 2629 1381 2672 a.
1433 2608 1630 2685 1449,
1690 2612 1761 2672 ut
1807 2606 1996 2672 Felix
2029 2607 2107 2672 V.
2154 2606 2599 2690 pontificatum
2656 2628 2864 2688 suum,
2919 2606 3035 2688 qui

723 2705 1010 2788 alioquin
1074 2703 1146 2765 in
1205 2703 1357 2767 solis
1423 2701 1784 2768 Sabaudiae
1834 2706 2022 2770 terris
2087 2704 2577 2787 agnoscebatur,
2646 2706 2874 2786 sponte
2934 2702 3034 2766 di-

387 2803 586 2855 schisma
637 2816 703 2845 ⁵0·
723 2802 1011 2865 mitteret
1071 2805 1138 2863 et
1197 2799 1605 2882 promitteret
1661 2800 1928 2866 Nicolao
1986 2799 2435 2864 obedientiam.
2526 2799 2579 2863 Ii
2631 2800 2855 2878 etiam,
2919 2799 3035 2882 qui

470 2866 624 2918 pitum.

577 2983 627 3051 x.

724 2897 1001 2961 Felicem
1032 2896 1113 2960 V.
1175 2896 1376 2959 secuti
1436 2902 1648 2981 erant,
1709 2898 1787 2962 ad
1847 2897 2278 2963 obedientiam
2337 2896 2587 2961 Nicolai
2644 2918 2711 2960 se
2772 2918 3035 2961 conver·

724 3000 949 3059 terunt
1013 2999 1078 3057 et
1149 2985 1639 3058 conciliabulum
1707 3017 1893 3059 suum
1965 2995 2412 3059 dissolverunt.
2521 2992 2824 3057 Nicolaus
2881 3014 3039 3056 vero

912 3184 953 3251 1)
989 3185 1073 3239 De
1109 3184 1360 3253 Eugenio
1397 3184 1493 3238 IV.
1531 3184 1613 3237 ita
1650 3186 1863 3239 Aeneas
1902 3186 2146 3253 Sylvius:
2195 3186 2462 3253 „Magnus
2511 3184 2788 3251 profectus
2831 3189 2889 3238 et
2925 3183 3041 3236 cla-

724 3281 818 3319 rus
851 3263 1108 3319 Pontifex
1143 3264 1251 3318 fuit
1287 3263 1588 3331 Eugenius,
1627 3265 1955 3331 contempsit
1995 3265 2280 3331 pecunias,
2316 3264 2581 3318 virtutem
2619 3262 2861 3330 apprime
2900 3261 3039 3315 dile-

726 3345 828 3411 xit,
864 3359 1038 3411 neque
1077 3342 1328 3398 secundis
1364 3342 1525 3397 rebus
1562 3342 1826 3397 intumuit
1860 3359 2036 3410 neque
2074 3341 2359 3397 succubuit
2397 3342 2664 3407 adversiS,
2702 3356 2873 3407 neque
2911 3356 3037 3407 spes

729 3423 777 3478 ei
815 3423 1076 3492 gaudium
1111 3437 1285 3488 neque
1320 3426 1501 3475 metus
1548 3421 1835 3475 tristitiam
1872 3422 2051 3489 auxit,
2101 3423 2323 3477 sedatus
2359 3422 2570 3475 animus
2616 3421 2861 3475 eumdem
2897 3435 3038 3473 sem-

727 3519 823 3571 per
860 3503 977 3571 ejus
1015 3500 1225 3555 vultum
1264 3500 1521 3566 ostendit,
1559 3502 1794 3555 sermoni
1832 3501 1983 3556 brevi
2022 3516 2190 3568 eoque
2227 3499 2557 3568 gravissimo
2592 3515 2722 3554 usus
2760 3504 2861 3553 est.
2923 3499 3040 3551 Du·-

707 3598 819 3635 ·rus
860 3591 917 3636 et
953 3596 1113 3647 asper
1148 3579 1205 3632 in
1242 3579 1447 3644 hosteS,
1486 3580 1789 3647 promptior
1824 3580 1882 3633 in
1919 3580 2075 3634 fidem
2114 3579 2365 3647 receptis.
2440 3580 2525 3632 Ad
2561 3580 2697 3634 haec
2732 3577 3043 3645 proceritas

730 3660 999 3728 corporis,
1045 3658 1154 3713 oris
1206 3659 1369 3712 decor
1405 3663 1461 3712 et
1495 3660 1808 3713 veneranda
1858 3659 1916 3712 in
1953 3674 2080 3713 sene
2116 3660 2404 3727 maJ'estas3
2454 3659 2647 3725 quibus
2684 3657 2846 3711 fidem
2884 3656 3040 3709 adhi-

728 3740 849 3794 buit
888 3739 1010 3805 plus
1056 3738 1337 3805 aliquanto
1383 3738 1638 3804 credidit,
1692 3744 1748 3793 et
1784 3739 1960 3806 majus
2006 3737 2294 3804 imperium
2341 3753 2499 3803 quam
2535 3754 2636 3806 par
2674 3736 2857 3790 fuerat
2895 3751 3040 3789 com-

728 3818 894 3872 misit.
944 3847 1012 3854 —-
1060 3815 1163 3883 Qui
1201 3817 1308 3871 etsi
1353 3817 1566 3872 oriente
1614 3818 1907 3872 schismate
1944 3816 2000 3870 in
2045 3816 2308 3884 principio
2347 3816 2439 3887 sui
2475 3815 2828 3884 pontificatus
2865 3829 3043 3881 usque

730 3899 797 3951 ad
845 3897 1051 3950 obitum
1102 3912 1222 3948 cum
1271 3896 1681 3951 Basileensibus
1728 3896 2096 3962 contenderit,
2147 3902 2406 3950 coronato
2456 3901 2639 3949 tamen
2687 3894 3039 3963 Sigismundo

731 3977 991 4042 Caesare,
1045 3975 1374 4029 Graecorum
1415 3982 1472 4031 et
1507 3975 1884 4030 Armeniorum
1937 3981 2103 4041 pacta
2143 3991 2261 4027 cum
2297 3975 2548 4029 Ecclesia
2583 3973 2785 4027 Latina
2821 3972 3045 4036 unione,

733 4055 1052 4109 civitatibus
1089 4055 1372 4110 Ecclesiae
1411 4055 1568 4121 (quas
1606 4054 1882 4111 amiserat)
1919 4054 2274 4121 recuperatis,
2320 4053 2574 4121 tyrannis
2616 4069 2713 4119 per
2750 4049 3041 4104 circuitum

732 4134 958 4203 deletiS‚
1007 4134 1350 4189 contumacia
1384 4134 1749 4187 Romanorum
1790 4132 2048 4200 edomita,
2096 4133 2275 4186 victor
2316 4133 2552 4200 inclytus
2591 4136 2831 4186 veterem
2869 4129 3049 4183 homi-

731 4229 854 4267 nem
891 4212 1093 4267 exuit.“
1168 4214 1250 4267 De
1286 4215 1517 4281 Europa,
1558 4212 1799 4266 CLVIII.
