3281 5014
647 367 756 418 200
1080 363 1310 418 XXXII.
1349 364 1446 446 De·
1467 363 1823 418 Pontificibus
1863 363 2143 419 Avenione
2183 364 2542 418 commoratis.

649 506 868 590 populi
933 506 1204 571 Romani
1274 506 1578 570 constitui
1638 503 2119 589 Imperatorem.
2234 504 2632 588 Scriptorum
2703 502 2957 587 quidem

650 602 876 685 aliqui,
940 604 1038 666 uti
1101 601 1428 686 Lupoldus
1488 601 2068 687 BabenbergensiS,
2129 602 2283 667 dum
2341 600 2645 666 Ludovici
2703 621 2958 665 causam

647 699 1019 777 tuebantur,
1067 698 1499 763 moderatione
1546 697 1822 781 quadam
1871 700 1968 763 usi
2015 702 2198 774 sunt,
2251 697 2362 763 sed
2409 698 2692 781 plerique
2737 717 2959 761 omnes

644 817 970 874 excessere
1039 796 1307 876 limites,
1386 799 1451 859 et
1518 793 1907 859 Pontificum
1978 794 2423 878 Ecclesiaeque
2506 793 2954 858 auctoritatem

646 915 805 958 ausu
855 893 1130 976 pessimo
1177 893 1748 977 impugnaverunt.
1841 891 1947 955 Ita
1993 896 2287 956 auctores
2333 887 2718 971 Defensoris
2751 886 2956 970 paciS,

646 987 874 1054 Occam
938 989 1180 1072 pariter
1237 988 1472 1072 aliique
1530 987 2155 1063 Pseudominoritae,
2219 990 2309 1051 uti
2369 985 2638 1051 vidimus
2685 987 2777 1067 (n.
2824 985 2956 1062 37),

647 1106 722 1151 eo
769 1085 1085 1170 progressi
1132 1092 1303 1163 sunt,
1352 1089 1427 1149 ut
1473 1083 1549 1149 de
1581 1084 1904 1150 Ecclesiae
1950 1084 2413 1149 constitutione
2455 1083 2777 1148 doctrinas
2818 1104 2956 1165 per-

645 1183 916 1249 niciosas
975 1188 1439 1267 proponerent,
1500 1181 1994 1265 Romanumque
2049 1179 2429 1245 Pontificem
2489 1179 2746 1263 penitus
2807 1178 2957 1242 sub-

636 1281 919 1365 jicerent
963 1279 1371 1364 Imperatori,
1431 1278 1525 1342 ita
1570 1282 1647 1342 ut
1701 1278 1779 1341 ad
1824 1277 1998 1342 hunc
2044 1280 2369 1361 spectaret
2424 1275 2660 1341 creatio
2708 1276 2845 1359 ejus
2891 1281 2955 1338 et

646 1375 978 1460 depositio.
1082 1375 1284 1441 Simul
1347 1396 1498 1440 vero
1559 1373 2161 1439 Pseudominoritae
2227 1372 2544 1438 Joannem
2590 1369 2809 1437 XXII.
2875 1371 2955 1436 ob

645 1474 782 1557 ejus
832 1471 1344 1537 Constitutiones
1393 1472 1470 1536 de
1517 1479 1923 1556 paupertate,
1970 1470 2249 1535 haeresis
2296 1477 2695 1534 accusarunt.

821 1614 925 1677 54.
994 1612 1199 1689 Quum
1273 1614 1474 1698 igitur
1540 1613 1856 1697 principia
1923 1612 2088 1676 falsa
2156 1633 2229 1676 ac
2294 1612 2583 1676 theoriae
2653 1631 2953 1675 erroneae

646 1709 931 1793 plurimis
999 1707 1453 1793 inhaererent,
1523 1731 1595 1773 ac
1662 1732 1793 1774 non
1863 1709 2048 1793 pauci
2112 1710 2306 1772 etiam
2365 1707 2687 1773 Joannem
2743 1704 2951 1770 XXII.

644 1806 942 1870 audacter
995 1806 1485 1891 impugnarent,
1550 1805 1911 1871 Ludovicus
1977 1826 2126 1870 vero
2187 1805 2365 1870 hisce
2424 1805 2709 1869 favorem
2769 1824 2950 1868 suum

647 1906 1039 1986 praestaret,
1110 1903 1336 1967 mirum
1399 1925 1530 1967 non
1597 1907 1726 1983 est,
1791 1925 2038 1968 summa
2096 1902 2296 1966 fuisse
2364 1902 2534 1986 pacis
2604 1900 2950 1966 obstacula.

339 2006 597 2109 {efessssft‘ffl
647 1998 934 2064 Joannes
984 1997 1192 2064 XXII.
1247 2000 1575 2083 principiis
1632 2000 1798 2065 veris
1853 1999 1930 2065 de
1983 1999 2196 2064 indole
2253 1999 2546 2083 Imperii,
2605 2020 2768 2083 quae
2815 1998 2951 2081 jam

386 2081 477 2110 ⁰¹¹¹
514 2081 587 2110 ω’
646 2096 714 2160 in
781 2094 939 2160 Jure
1008 2098 1314 2161 canonico
1384 2097 1575 2160 variis
1646 2096 2087 2161 Decretalibus
2154 2097 2402 2161 sancita
2470 2102 2682 2175 erant,
2748 2096 2951 2159 insta-

642 2192 783 2273 bat,
845 2215 1173 2277 quumque
1250 2193 1463 2277 legum
1523 2193 1951 2277 peritissimus
2016 2197 2183 2257 esset
2245 2193 2472 2259 stricta
2541 2194 2737 2258 etiam
2799 2213 2949 2256 con·

641 2290 981 2374 sequentia
1028 2290 1175 2374 jura
1220 2311 1337 2353 sua
1391 2295 1458 2354 et
1504 2290 1958 2354 auctoritatem
2014 2288 2394 2355 vindicabat.
2483 2289 2722 2354 Eadem
2775 2288 2951 2372 prin-

643 2386 806 2469 cipia
861 2388 999 2470 ejus
1059 2408 1448 2451 successores
1510 2388 1712 2451 secuti
1773 2389 1947 2450 sunt.
2055 2383 2235 2449 Varii
2297 2407 2549 2471 quoque
2610 2386 2951 2469 scriptores

642 2505 717 2548 ea
792 2488 1007 2549 aetate
1085 2483 1522 2549 Romanorum
1597 2481 1986 2548 Pontificum
2072 2482 2520 2548 auctoritatem
2604 2503 2948 2567 eorumque

633 2583 787 2664 jura
830 2581 1040 2665 quoad
1087 2580 1433 2664 Imperium
1481 2585 1922 2663 exposuerunt
1963 2583 2029 2644 et
2074 2580 2226 2644 tuiti
2273 2584 2457 2654 sunt,
2520 2580 2620 2643 uti
2666 2580 2947 2644 Alexan-

639 2678 753 2742 der
820 2676 897 2742 de
951 2676 1015 2743 S.
1062 2678 1315 2762 Elpidio
1363 2675 1438 2742 Ο.
1497 2675 1561 2742 S.
1618 2677 1819 2761 Aug,
1903 2677 2130 2741 Petrus
2187 2676 2263 2740 de
2323 2676 2563 2741 Palude
2610 2674 2685 2742 Ο.
2742 2677 2944 2741 sancti

643 2775 859 2852 Dom.‚
902 2774 1179 2839 Alvarus
1226 2774 1527 2858 Pelagius
1575 2774 1915 2857 Minorita‚
1970 2773 2384 2857 Augustinus
2433 2772 2822 2857 Triumphus
2871 2770 2947 2836 Ο.

644 2870 706 2936 S.
769 2871 936 2956 Aug.
1045 2871 1299 2935 Acriter
1367 2870 1620 2956 quidem
1694 2875 1760 2936 et
1815 2870 2167 2935 instantius
2228 2870 2295 2934 hi
2367 2875 2657 2935 auctores
2717 2869 2946 2954 passim

631 2970 783 3053 jura
863 2967 1140 3032 Romani
1217 2966 1546 3032 Pontificis
1629 2967 1700 3031 in
1776 2966 2163 3032 conferendo
2244 2966 2523 3050 Imperio
2599 2966 2949 3043 vindicant,

641 3072 708 3129 et
771 3064 1361 3129 subordinationem
1428 3063 1841 3148 Imperatoris
1873 3053 1878 3059 ’
1910 3064 2029 3129 sub
2097 3062 2410 3128 Pontifice
2477 3070 2739 3149 urgent;
2807 3064 2949 3127 uni-

640 3162 872 3225 versim
944 3164 1160 3224 tamen
1233 3165 1402 3230 recte
1474 3159 1549 3225 de
1619 3159 1849 3224 habitu
1919 3160 2173 3243 Imperii
2250 3160 2327 3225 ad
2402 3158 2747 3226 Ecclesiam
2820 3167 2947 3223 sta·

642 3254 926 3342 tuuntb)

819 3464 863 3531 ²)
901 3464 1195 3533 Negabant
1221 3465 1489 3520 Ludovici
1513 3465 1773 3531 asseclae,
1809 3463 2068 3519 Pontifici
2093 3464 2159 3517 ab
2189 3463 2526 3532 Imperatore
2562 3467 2948 3533 praestandum

638 3560 762 3600 esse
806 3545 1176 3612 juramentum
1221 3543 1521 3612 fidelitatis,
1574 3544 1680 3599 etsi
1727 3544 2050 3599 fidelitatem
2102 3544 2169 3598 ab
2220 3545 2461 3599 hominio
2511 3546 2709 3600 vasalli
2759 3547 2954 3601 distin·

637 3628 890 3692 guerent.
981 3622 1265 3690 Ejusmodi
1312 3623 1680 3690 juramentum
1734 3622 2021 3677 fidelitatis
2073 3623 2328 3678 Pontifici
2389 3624 2598 3689 deberi,
2659 3624 2951 3692 scriptores

640 3702 724 3755 illi
763 3702 855 3769 qui
894 3702 1021 3768 jura
1059 3700 1215 3756 Sedis
1252 3702 1601 3769 Apostolicae
1635 3701 1937 3756 tuebantur
1973 3701 2167 3757 merito
2206 3704 2627 3758 contendebant.
2711 3704 2946 3758 Tantum

639 3780 903 3849 Pelagius
944 3780 1178 3835 Alvarus
1214 3780 1504 3847 aliquando
1549 3780 1809 3849 progredi
1855 3780 2074 3835 videtur
2121 3781 2380 3848 ulterius,
2429 3784 2554 3837 dum
2591 3783 2674 3837 De
2721 3783 2946 3851 planctu

640 3859 787 3914 Eccl.
825 3858 884 3912 L.
923 3860 967 3913 I.
1007 3876 1052 3913 c.
1089 3862 1157 3913 57
1199 3861 1568 3928 Juramentum
1613 3859 1899 3914 fidelitatis
1948 3866 2006 3914 et
2055 3860 2297 3929 homagii
2344 3868 2740 3917 commemorat.
2822 3862 2947 3917 Jam

638 3940 844 4006 passim
882 3937 1143 4004 diximus,
1180 3939 1548 4005 juramentum
1585 3935 1872 3993 fidelitatis
1921 3953 2131 4004 semper
2166 3940 2492 4006 praestitum
2528 3940 2700 3995 tuisse
2738 3940 2806 3996 ab
2841 3941 2949 3995 Im-

639 4017 1008 4086 peratoribus‚
1066 4034 1163 4072 nec
1219 4017 1374 4072 Rom.
1429 4017 1728 4072 Pontifices
1782 4017 1908 4072 inde
1961 4016 2043 4072 uti
2101 4020 2342 4074 vasallos
2399 4036 2526 4075 suos
2581 4021 2947 4089 Imperatores

637 4097 1034 4151 considerasse.
1132 4097 1194 4149 Id
1260 4096 1399 4149 satis
1453 4096 1637 4164 patuit
1696 4096 1752 4150 in
1817 4098 2192 4151 controversia
2247 4099 2515 4154 Friderici
2562 4099 2605 4153 Ι.
2661 4115 2781 4153 cum
2835 4099 2946 4153 Ha-
