3281 5014
1087 444 1171 500 De
1208 445 1420 512 Synodo
1459 444 1791 499 Florentina.
2491 447 2593 499 371

459 584 561 647 37.
627 583 834 667 Cau-sa
891 586 1255 669 praecipua,
1322 601 1582 671 propter
1645 610 1837 672 quam
1903 586 2257 652 Concilium
2329 587 2596 652 Floren-
2675 603 2872 645 Schisma
2920 580 2923 581 ⁷

272 682 490 746 tinum
537 681 830 746 habitum
880 686 1007 764 est,
1064 683 1218 760 fuit,
1277 689 1350 748 ut
1396 686 1662 765 ecclesia
1705 706 1936 772 graeca
1982 685 2288 749 diuturno
2334 685 2593 750 dissidio
2630 664 2694 706 Gr

274 801 318 840 a
365 782 587 842 centro
631 779 916 867 ιιι-ιῇίεζιὺίεν
959 779 1309 845 catholicae
1354 781 1627 859 divulsa,
1689 783 1989 869 ecclesiae
2037 783 2280 846 latinae
2329 787 2395 846 et
2442 782 2594 848 Sedi

281 868 702 963 Apostolicane·
748 876 1291 941 reconciliaretur.
1394 877 1829 943 Recolendum
1896 900 2040 943 vero
2101 870 2201 943 eet
2256 878 2376 944 hoc
2437 878 2595 957 loco,

272 972 553 1036 schlsma
609 972 767 1036 illud
820 973 1075 1037 saeculo
1122 973 1234 1038 IX.
1291 996 1404 1057 per
1463 975 1767 1040 Photium
1825 977 2030 1058 primo
2092 975 2290 1039 fuisse
2355 977 2596 1040 excita·

274 1074 447 1145 tum,
503 1073 726 1132 tamen
779 1069 1096 1133 Hadriani
1140 1069 1220 1134 Il.
1280 1071 1659 1137 etConcilii
1721 1073 2045 1157 generalis
2080 1071 2261 1137 VIII.
2321 1076 2597 1139 auctori-

273 1170 417 1230 tate
477 1187 532 1229 a.
596 1167 720 1229 869
777 1187 911 1229 esse
967 1188 1356 1249 repressum,
1418 1168 1620 1233 donec
1675 1168 1832 1232 illud
1893 1169 2146 1234 saeculo
2190 1169 2296 1235 XI.
2362 1173 2594 1236 iterum

276 1262 553 1327 Michae‘l
606 1262 1005 1327 Caerularius
1058 1263 1431 1328 Patriarcha
1464 1265 2223 1349 Constantinopolitanus
2270 1269 2597 1335 excitavit.

277 1361 476 1424 Anno
547 1360 714 1422 1274
782 1359 850 1423 in
919 1359 1205 1424 Concilio
1266 1363 1552 1446 generali
1618 1360 2046 1444 Lugdunensi
2109 1363 2189 1428 Π.
2254 1366 2371 1429 sub
2440 1365 2594 1431 Gre-

270 1457 458 1541 gorio
505 1454 621 1534 X.‚
682 1457 1069 1522 Graecorum
1121 1460 1345 1542 legati,
1404 1459 1817 1543 Imperatoris
1870 1465 1936 1523 et
1989 1462 2428 1543 episcoporum
2477 1487 2594 1529 no-

275 1555 485 1637 mine,
550 1554 827 1619 'unionis
899 1554 1155 1619 decreto
1236 1555 1659 1619 adhaeserant
1730 1559 1794 1619 et
1857 1555 2386 1640 subscripserant.
2501 1560 2595 1624 At

275 1673 429 1716 vero
477 1651 642 1715 inita
700 1651 856 1714 unio
912 1655 1206 1734 optatum
1266 1651 1556 1716 effectum
1617 1674 1751 1715 non
1807 1652 2112 1718 obtinuit.
2206 1653 2403 1720 Initio
2451 1658 2595 1740 qui-

269 1749 419 1812 dem
478 1747 756 1812 Michaell
805 1747 1163 1832 imperator
1216 1755 1281 1812 et
1338 1748 1620 1812 Joannes
1655 1748 1899 1813 Veccus
1956 1748 2360 1828 Patriarcha,
2414 1754 2594 1818 unio-

275 1867 423 1908 nem
472 1846 642 1909 tueri
688 1845 904 1909 conati
950 1849 1133 1929 sunt3
1192 1847 1302 1910 sed
1350 1844 1692 1909 adversarii
1741 1846 1998 1910 unionis
2044 1847 2303 1929 plurimi
2349 1851 2596 1932 gravis-

269 1944 469 2006 simos
518 1942 885 2006 excitarunt
942 1943 1298 2020 tumultuS,'·
1342 1946 1406 2005 et
1454 1943 1639 2006 multi
1687 1945 1880 2006 etiam
1929 1945 2041 2027 qui
2088 1946 2311 2010 unioni
2360 1947 2594 2011 adhae-

272 2044 515 2116 serant,
562 2039 738 2102 brevi
786 2043 930 2122 post
978 2040 1059 2102 ab
1106 2061 1182 2102 ea
1212 2038 1605 2104 defecerunt.
1675 2038 2003 2104 Martinus
2039 2039 2149 2104 IV.
2197 2043 2590 2121 existimanS,

270 2142 408 2199 tam
470 2136 719 2199 subitae
781 2135 1157 2200 defectionis
1216 2139 1539 2199 auctorem
1598 2157 1732 2200 esse
1797 2135 2176 2201 Michaelem
2237 2137 2592 2222 Imperato-

275 2254 430 2306 rem,
476 2237 662 2295 tanto
713 2233 932 2315 magiS,
981 2231 1151 2316 quod
1196 2232 1550 2316 Imperator
1595 2233 1906 2316 promissa
1938 2232 2317 2300 Christianis
2364 2243 2591 2302 contra

269 2328 565 2392 infideles
637 2329 876 2392 auxilia
944 2350 1072 2393 non
1146 2329 1516 2412 praestabat
1585 2329 1951 2413 bellumque
2021 2333 2290 2413 parabat
2360 2341 2585 2400 contra

271 2423 580 2489 Carolum
643 2425 1179 2509 Andegavensem
1250 2446 1465 2510 regem
1522 2425 1804 2504 Siciliae,
1878 2428 2058 2492 illum
2121 2452 2179 2493 a.
2244 2432 2406 2497 1281
2480 2455 2591 2497 ex·

269 2522 853 2586 communicatione
923 2524 1218 2606 perculit.
1329 2522 1519 2587 Multi
1585 2528 1807 2587 tamen
1875 2530 2137 2608 putant,
2212 2527 2588 2596 Michaelem

275 2637 479 2703 usque
548 2618 624 2682 ad
695 2620 943 2683 obitum
1012 2643 1199 2684 suum
1258 2620 1485 2702 (1283)
1554 2620 1623 2684 in
1686 2622 1924 2685 unione
1980 2644 2446 2705 perseverasse,
2522 2634 2587 2693 et

271 2714 630 2780 Martinam
676 2715 804 2779 IV.-
851 2718 1020 2781 mala
1079 2717 1254 2781 fama
1311 2718 1507 2782 fuisse
1567 2717 1921 2801 deceptum.
2028 2719 2436 2789 Andronicus
2485 2725 2565 2789 ΙΙ.

268 2815 384 2895 qui
427 2812 725 2877 Michaeli
772 2813 943 2896 patri
990 2816 1319 2893 successit,
1366 2837 1619 2880 omnem
1669 2837 1810 2880 cum
1859 2817 2064 2882 latina
2111 2841 2221 2883 seu
2272 2820 2587 2887 Romano-

266 2909 587 2974 catholica
636 2908 918 2973 Ecclesia
975 2910 1376 2974 concordiam
1423 2912 1709 2996 abrupit,
1768 2913 2205 2980 schismaticos
2261 2920 2586 3001 episcopos

205 3031 208 3032 ⁷
268 3028 311 3068 a
369 3011 553 3089 patre
603 3009 840 3091 ejectos
900 3007 1211 3084 restituit,
1275 3010 1342 3071 et
1398 3008 1760 3072 unionistas
1817 3011 2170 3076 insectatus
2233 3019 2345 3077 est.
2453 3015 2588 3079 An-

265 3103 569 3167 dronicus
618 3101 767 3184 HL,
822 3103 933 3188 qui
982 3126 1036 3167 a.
1082 3102 1249 3166 1327
1297 3103 1542 3187 dejecto
1584 3128 1704 3169 avo
1754 3127 1870 3169 suo
1919 3107 2291 3172 Andronico
2336 3110 2416 3175 Il.
2472 3112 2585 3175 im-

2576 2776 2591 2809 ἳ

272 3200 518 3281 perium
575 3200 873 3284 arripuit,
936 3223 991 3264 a.
1060 3201 1226 3263 1339
1285 3201 1533 3282 legatos
1596 3202 1772 3265 misit
1832 3202 1910 3265 ad
1969 3202 2386 3270 Benedictum
2438 3207 2585 3273 XII.

265 3297 350 3360 de
414 3299 679 3378 negotio
743 3298 1000 3361 unionis
1064 3303 1128 3361 et
1190 3296 1267 3360 de
1331 3298 1696 3381 accipiendo
1757 3304 1982 3363 contra
2045 3300 2283 3365 Turcas
2344 3305 2584 3369 auxilio

265 3398 682 3458 tractaturos.
774 3393 1018 3458 Verum
1075 3396 1258 3478 culpa
1306 3394 1696 3475 Grae-corum
1745 3395 1907 3460 nihil
1957 3398 2251 3463 effectum
2300 3405 2426 3476 est3
2485 3406 2583 3465 at-

264 3495 488 3554 tamen
552 3491 747 3555 etiam
809 3492 929 3554 sub
986 3492 1401 3576 sequentibus
1457 3492 1906 3570 Pontificibus,
1970 3492 2301 3560 Clemente
2339 3496 2454 3561 VI.
2519 3503 2584 3561 et

263 3587 657 3654 Innocentio
689 3585 830 3670 VI„
890 3591 1245 3674 negotiatio
1293 3589 1369 3653 de
1417 3590 1657 3653 unione
1706 3588 2092 3655 Graecorum
2139 3614 2269 3656 non
2317 3594 2583 3659 omnino

261 3687 559 3749 cessavit.
683 3682 818 3747 Sub
889 3684 1153 3749 Urbano
1208 3685 1286 3750 V.
1362 3685 1654 3750 Joannes
1725 3685 2146 3772 Palaeologus
2225 3688 2582 3772 Imperator

268 3782 554 3866 undique
617 3804 654 3845 a
712 3781 935 3846 Turcis
995 3782 1358 3865 impetituS,
1419 3783 1851 3866 patriarcham
1896 3784 2582 3869 ,Constantinopolita-

260 3900 421 3941 num
484 3882 549 3941 et
607 3878 856 3961 aliquot
918 3898 1206 3961 proceres
1262 3877 1339 3941 ad
1386 3878 1766 3943 Pontificem
1820 3880 2086 3964 legavit,
2150 3881 2255 3964 qui
2305 3880 2585 3966 Impera-

261 3975 427 4038 toris
498 3975 759 4037 nomine
824 3974 1153 4039 Romanae
1222 3975 1523 4039 ecclesiae
1587 3976 1963 4060 obsequium
2029 3978 2447 4061 sponderent,
2517 3984 2583 4043 et

259 4070 507 4134 auxilia
563 4076 790 4134 contra
848 4070 1067 4135 hostes
1123 4076 1434 4155 peterent.
1528 4072 1727 4137 Paulo
1784 4078 1932 4157 post
1985 4072 2072 4157 (a.
2128 4076 2321 4153 1369)
2372 4075 2583 4158 Impe-

260 4171 444 4231 rator
496 4168 631 4251 ipse
683 4167 978 4249 Romam,
1037 4170 1146 4233 ubi
1203 4176 1358 4235 tunc
1412 4171 1649 4255 agebat
1696 4170 1998 4236 Urbanus
2041 4171 2154 4255 V.,
2211 4173 2421 4250 venit,
2478 4194 2579 4236 se·

2696 677 2905 707 &ecorum
