<?xml version="1.0" encoding="UTF-8"?>
<!DOCTYPE html PUBLIC "-//W3C//DTD XHTML 1.0 Transitional//EN"
    "http://www.w3.org/TR/xhtml1/DTD/xhtml1-transitional.dtd">
<html xmlns="http://www.w3.org/1999/xhtml" xml:lang="en" lang="en">
 <head>
  <title>
</title>
<meta http-equiv="Content-Type" content="text/html;charset=utf-8" />
  <meta name='ocr-system' content='tesseract 3.04.00' />
  <meta name='ocr-capabilities' content='ocr_page ocr_carea ocr_par ocr_line ocrx_word'/>
</head>
<body>
  <div class='ocr_page' id='page_1' title='image "./dissertationess05junggoog_0256.png"; bbox 0 0 3281 5014; ppageno 0'>
   <div class='ocr_carea' id='block_1_1' title="bbox 618 384 2441 491">
    <p class='ocr_par' dir='ltr' id='par_1_1' title="bbox 618 384 2441 491">
     <span class='ocr_line' id='line_1_1' title="bbox 618 384 2441 491; baseline 0 -13"><span class='ocrx_word' id='word_1_1' title='bbox 618 426 724 479; x_wconf 84' lang='lat'><strong>250</strong></span> <span class='ocrx_word' id='word_1_2' title='bbox 1121 423 1383 476; x_wconf 82' lang='lat' dir='ltr'><strong>xxxm.</strong></span> <span class='ocrx_word' id='word_1_3' title='bbox 1421 423 1505 477; x_wconf 85' lang='lat' dir='ltr'><strong>De</strong></span> <span class='ocrx_word' id='word_1_4' title='bbox 1541 438 1742 491; x_wconf 79' lang='lat' dir='ltr'><strong>magno</strong></span> <span class='ocrx_word' id='word_1_5' title='bbox 1781 423 2093 478; x_wconf 73' lang='lat' dir='ltr'><strong>occidentis</strong></span> <span class='ocrx_word' id='word_1_6' title='bbox 2130 384 2441 478; x_wconf 69' lang='lat' dir='ltr'><strong>schismate.</strong></span> 
     </span>
    </p>
   </div>
   <div class='ocr_carea' id='block_1_2' title="bbox 596 564 2956 4221">
    <p class='ocr_par' dir='ltr' id='par_1_2' title="bbox 596 564 2956 2866">
     <span class='ocr_line' id='line_1_2' title="bbox 618 564 2950 648; baseline -0 -19"><span class='ocrx_word' id='word_1_7' title='bbox 618 564 900 629; x_wconf 85' lang='lat' dir='ltr'><strong>Romani</strong></span> <span class='ocrx_word' id='word_1_8' title='bbox 958 569 1149 629; x_wconf 91' lang='lat' dir='ltr'><strong>nocte</strong></span> <span class='ocrx_word' id='word_1_9' title='bbox 1209 565 1321 628; x_wconf 91' lang='lat' dir='ltr'><strong>illa</strong></span> <span class='ocrx_word' id='word_1_10' title='bbox 1378 586 1509 629; x_wconf 90' lang='lat' dir='ltr'><strong>non</strong></span> <span class='ocrx_word' id='word_1_11' title='bbox 1563 565 1796 629; x_wconf 85' lang='lat' dir='ltr'><strong>reversi</strong></span> <span class='ocrx_word' id='word_1_12' title='bbox 1860 571 2015 629; x_wconf 87' lang='lat' dir='ltr'><strong>sunt</strong></span> <span class='ocrx_word' id='word_1_13' title='bbox 2071 565 2359 642; x_wconf 87' lang='lat' dir='ltr'><strong>domum,</strong></span> <span class='ocrx_word' id='word_1_14' title='bbox 2422 565 2531 630; x_wconf 89' lang='lat' dir='ltr'><strong>sed</strong></span> <span class='ocrx_word' id='word_1_15' title='bbox 2586 565 2656 628; x_wconf 92' lang='lat' dir='ltr'><strong>in</strong></span> <span class='ocrx_word' id='word_1_16' title='bbox 2700 565 2950 648; x_wconf 58' lang='lat' dir='ltr'><strong>plateis</strong></span> 
     </span>
     <span class='ocr_line' id='line_1_3' title="bbox 617 660 2942 745; baseline -0.001 -18"><span class='ocrx_word' id='word_1_17' title='bbox 617 669 685 727; x_wconf 91' lang='lat' dir='ltr'><strong>et</strong></span> <span class='ocrx_word' id='word_1_18' title='bbox 744 662 1034 744; x_wconf 80' lang='lat' dir='ltr'><strong>tabernis</strong></span> <span class='ocrx_word' id='word_1_19' title='bbox 1096 661 1262 745; x_wconf 91' lang='lat' dir='ltr'><strong>apud</strong></span> <span class='ocrx_word' id='word_1_20' title='bbox 1327 660 1391 727; x_wconf 88' lang='lat' dir='ltr'><strong>S.</strong></span> <span class='ocrx_word' id='word_1_21' title='bbox 1436 662 1699 727; x_wconf 86' lang='lat' dir='ltr'><strong>Petrum</strong></span> <span class='ocrx_word' id='word_1_22' title='bbox 1766 683 1879 744; x_wconf 89' lang='lat' dir='ltr'><strong>per</strong></span> <span class='ocrx_word' id='word_1_23' title='bbox 1936 666 2142 725; x_wconf 89' lang='lat' dir='ltr'><strong>totam</strong></span> <span class='ocrx_word' id='word_1_24' title='bbox 2200 665 2451 725; x_wconf 90' lang='lat' dir='ltr'><strong>noctem</strong></span> <span class='ocrx_word' id='word_1_25' title='bbox 2515 662 2584 725; x_wconf 91' lang='lat' dir='ltr'><strong>in</strong></span> <span class='ocrx_word' id='word_1_26' title='bbox 2647 682 2802 744; x_wconf 87' lang='lat' dir='ltr'><strong>pace</strong></span> <span class='ocrx_word' id='word_1_27' title='bbox 2861 681 2942 724; x_wconf 87' lang='lat' dir='ltr'><strong>ac</strong></span> 
     </span>
     <span class='ocr_line' id='line_1_4' title="bbox 616 756 2939 841; baseline -0 -19"><span class='ocrx_word' id='word_1_28' title='bbox 616 758 867 822; x_wconf 86' lang='lat' dir='ltr'><strong>laetitia</strong></span> <span class='ocrx_word' id='word_1_29' title='bbox 912 764 1345 823; x_wconf 84' lang='lat' dir='ltr'><strong>cantaverunt</strong></span> <span class='ocrx_word' id='word_1_30' title='bbox 1399 765 1465 823; x_wconf 89' lang='lat' dir='ltr'><strong>et</strong></span> <span class='ocrx_word' id='word_1_31' title='bbox 1518 758 1786 823; x_wconf 90' lang='lat' dir='ltr'><strong>omnino</strong></span> <span class='ocrx_word' id='word_1_32' title='bbox 1832 758 2073 841; x_wconf 91' lang='lat' dir='ltr'><strong>optime</strong></span> <span class='ocrx_word' id='word_1_33' title='bbox 2129 779 2266 822; x_wconf 89' lang='lat' dir='ltr'><strong>sese</strong></span> <span class='ocrx_word' id='word_1_34' title='bbox 2323 763 2685 841; x_wconf 80' lang='lat' dir='ltr'><strong>gesserunt.</strong></span> <span class='ocrx_word' id='word_1_35' title='bbox 2778 756 2939 821; x_wconf 88' lang='lat' dir='ltr'><strong>Pro-</strong></span> 
     </span>
     <span class='ocr_line' id='line_1_5' title="bbox 616 852 2953 938; baseline -0 -19"><span class='ocrx_word' id='word_1_36' title='bbox 616 855 786 919; x_wconf 80' lang='lat' dir='ltr'><strong>fecto</strong></span> <span class='ocrx_word' id='word_1_37' title='bbox 848 876 982 918; x_wconf 93' lang='lat' dir='ltr'><strong>non</strong></span> <span class='ocrx_word' id='word_1_38' title='bbox 1051 854 1396 919; x_wconf 86' lang='lat' dir='ltr'><strong>defuerunt</strong></span> <span class='ocrx_word' id='word_1_39' title='bbox 1462 854 1797 931; x_wconf 87' lang='lat' dir='ltr'><strong>inebriati,</strong></span> <span class='ocrx_word' id='word_1_40' title='bbox 1868 854 2038 918; x_wconf 90' lang='lat' dir='ltr'><strong>unde</strong></span> <span class='ocrx_word' id='word_1_41' title='bbox 2104 860 2168 919; x_wconf 90' lang='lat' dir='ltr'><strong>et</strong></span> <span class='ocrx_word' id='word_1_42' title='bbox 2226 852 2528 919; x_wconf 88' lang='lat' dir='ltr'><strong>Urbanus</strong></span> <span class='ocrx_word' id='word_1_43' title='bbox 2589 853 2953 938; x_wconf 86' lang='lat' dir='ltr'><strong>aliquando·</strong></span> 
     </span>
     <span class='ocr_line' id='line_1_6' title="bbox 617 949 2932 1029; baseline -0 -14"><span class='ocrx_word' id='word_1_44' title='bbox 617 951 810 1029; x_wconf 88' lang='lat' dir='ltr'><strong>dixit,</strong></span> <span class='ocrx_word' id='word_1_45' title='bbox 869 973 1000 1015; x_wconf 95' lang='lat' dir='ltr'><strong>non</strong></span> <span class='ocrx_word' id='word_1_46' title='bbox 1059 951 1432 1016; x_wconf 84' lang='lat' dir='ltr'><strong>violentiam</strong></span> <span class='ocrx_word' id='word_1_47' title='bbox 1493 951 1602 1016; x_wconf 89' lang='lat' dir='ltr'><strong>sed</strong></span> <span class='ocrx_word' id='word_1_48' title='bbox 1649 951 2071 1016; x_wconf 78' lang='lat' dir='ltr'>vinolentiam</span> <span class='ocrx_word' id='word_1_49' title='bbox 2120 952 2358 1015; x_wconf 86' lang='lat' dir='ltr'><strong>factam</strong></span> <span class='ocrx_word' id='word_1_50' title='bbox 2407 973 2562 1017; x_wconf 90' lang='lat' dir='ltr'><strong>esse.</strong></span> <span class='ocrx_word' id='word_1_51' title='bbox 2621 988 2704 996; x_wconf 94' lang='lat'><strong>-—</strong></span> <span class='ocrx_word' id='word_1_52' title='bbox 2762 949 2932 1015; x_wconf 87' lang='lat' dir='ltr'><strong>Con·</strong></span> 
     </span>
     <span class='ocr_line' id='line_1_7' title="bbox 615 1046 2940 1122; baseline -0.001 -10"><span class='ocrx_word' id='word_1_53' title='bbox 615 1048 898 1112; x_wconf 89' lang='lat' dir='ltr'><strong>tendunt</strong></span> <span class='ocrx_word' id='word_1_54' title='bbox 941 1046 1090 1112; x_wconf 90' lang='lat' dir='ltr'><strong>dein</strong></span> <span class='ocrx_word' id='word_1_55' title='bbox 1120 1047 1515 1122; x_wconf 73' lang='lat' dir='ltr'><strong>cardinales,</strong></span> <span class='ocrx_word' id='word_1_56' title='bbox 1565 1048 1916 1112; x_wconf 88' lang='lat' dir='ltr'><strong>maximum</strong></span> <span class='ocrx_word' id='word_1_57' title='bbox 1946 1049 2297 1112; x_wconf 87' lang='lat' dir='ltr'><strong>tumultum</strong></span> <span class='ocrx_word' id='word_1_58' title='bbox 2346 1049 2551 1112; x_wconf 91' lang='lat' dir='ltr'><strong>altero</strong></span> <span class='ocrx_word' id='word_1_59' title='bbox 2602 1047 2702 1111; x_wconf 88' lang='lat' dir='ltr'><strong>die</strong></span> <span class='ocrx_word' id='word_1_60' title='bbox 2742 1068 2940 1111; x_wconf 87' lang='lat' dir='ltr'><strong>mane</strong></span> 
     </span>
     <span class='ocr_line' id='line_1_8' title="bbox 615 1143 2934 1228; baseline 0 -20"><span class='ocrx_word' id='word_1_61' title='bbox 615 1145 842 1222; x_wconf 85' lang='lat' dir='ltr'><strong>fuisse,</strong></span> <span class='ocrx_word' id='word_1_62' title='bbox 907 1166 981 1208; x_wconf 89' lang='lat' dir='ltr'><strong>ac</strong></span> <span class='ocrx_word' id='word_1_63' title='bbox 1034 1149 1376 1227; x_wconf 89' lang='lat' dir='ltr'><strong>propterea</strong></span> <span class='ocrx_word' id='word_1_64' title='bbox 1431 1166 1888 1228; x_wconf 87' lang='lat' dir='ltr'><strong>campanarum</strong></span> <span class='ocrx_word' id='word_1_65' title='bbox 1949 1166 2112 1209; x_wconf 91' lang='lat' dir='ltr'><strong>sonu</strong></span> <span class='ocrx_word' id='word_1_66' title='bbox 2169 1145 2475 1228; x_wconf 87' lang='lat' dir='ltr'><strong>populum</strong></span> <span class='ocrx_word' id='word_1_67' title='bbox 2533 1143 2730 1208; x_wconf 87' lang='lat' dir='ltr'><strong>fuisse</strong></span> <span class='ocrx_word' id='word_1_68' title='bbox 2787 1165 2934 1208; x_wconf 90' lang='lat' dir='ltr'><strong>con-</strong></span> 
     </span>
     <span class='ocr_line' id='line_1_9' title="bbox 615 1240 2953 1324; baseline -0 -20"><span class='ocrx_word' id='word_1_69' title='bbox 615 1246 940 1319; x_wconf 83' lang='lat' dir='ltr'><strong>vocatum,</strong></span> <span class='ocrx_word' id='word_1_70' title='bbox 1001 1246 1066 1304; x_wconf 88' lang='lat' dir='ltr'><strong>ct</strong></span> <span class='ocrx_word' id='word_1_71' title='bbox 1122 1241 1415 1305; x_wconf 80' lang='lat' dir='ltr'><strong>custodes</strong></span> <span class='ocrx_word' id='word_1_72' title='bbox 1476 1241 1810 1305; x_wconf 74' lang='lat' dir='ltr'><strong>nuntiasse</strong></span> <span class='ocrx_word' id='word_1_73' title='bbox 1858 1241 2066 1305; x_wconf 90' lang='lat' dir='ltr'><strong>minas</strong></span> <span class='ocrx_word' id='word_1_74' title='bbox 2121 1240 2370 1324; x_wconf 90' lang='lat' dir='ltr'><strong>populi,</strong></span> <span class='ocrx_word' id='word_1_75' title='bbox 2424 1240 2552 1304; x_wconf 90' lang='lat' dir='ltr'><strong>nisi</strong></span> <span class='ocrx_word' id='word_1_76' title='bbox 2601 1240 2953 1305; x_wconf 85' lang='lat' dir='ltr'><strong>Romanus-</strong></span> 
     </span>
     <span class='ocr_line' id='line_1_10' title="bbox 616 1335 2931 1422; baseline -0.001 -20"><span class='ocrx_word' id='word_1_77' title='bbox 616 1338 983 1422; x_wconf 88' lang='lat' dir='ltr'><strong>eligeretur.</strong></span> <span class='ocrx_word' id='word_1_78' title='bbox 1074 1336 1246 1401; x_wconf 92' lang='lat' dir='ltr'><strong>Hinc</strong></span> <span class='ocrx_word' id='word_1_79' title='bbox 1291 1337 1533 1401; x_wconf 89' lang='lat' dir='ltr'><strong>factum</strong></span> <span class='ocrx_word' id='word_1_80' title='bbox 1583 1359 1749 1418; x_wconf 90' lang='lat' dir='ltr'><strong>esse,</strong></span> <span class='ocrx_word' id='word_1_81' title='bbox 1795 1341 1872 1401; x_wconf 91' lang='lat' dir='ltr'><strong>ut</strong></span> <span class='ocrx_word' id='word_1_82' title='bbox 1918 1335 2216 1402; x_wconf 86' lang='lat' dir='ltr'><strong>Italicum</strong></span> <span class='ocrx_word' id='word_1_83' title='bbox 2263 1337 2580 1421; x_wconf 86' lang='lat' dir='ltr'><strong>elegerint</strong></span> <span class='ocrx_word' id='word_1_84' title='bbox 2625 1336 2806 1420; x_wconf 83' lang='lat' dir='ltr'><strong>quasi</strong></span> <span class='ocrx_word' id='word_1_85' title='bbox 2853 1357 2931 1400; x_wconf 85' lang='lat' dir='ltr'><strong>ex</strong></span> 
     </span>
     <span class='ocr_line' id='line_1_11' title="bbox 615 1433 2947 1518; baseline -0.001 -20"><span class='ocrx_word' id='word_1_86' title='bbox 615 1436 890 1517; x_wconf 89' lang='lat' dir='ltr'><strong>abrupto</strong></span> <span class='ocrx_word' id='word_1_87' title='bbox 937 1438 1002 1497; x_wconf 86' lang='lat' dir='ltr'><strong>et</strong></span> <span class='ocrx_word' id='word_1_88' title='bbox 1045 1434 1184 1497; x_wconf 91' lang='lat' dir='ltr'><strong>sine</strong></span> <span class='ocrx_word' id='word_1_89' title='bbox 1231 1433 1624 1499; x_wconf 80' lang='lat' dir='ltr'><strong>discussione</strong></span> <span class='ocrx_word' id='word_1_90' title='bbox 1671 1434 2071 1510; x_wconf 87' lang='lat' dir='ltr'><strong>meritorum,</strong></span> <span class='ocrx_word' id='word_1_91' title='bbox 2125 1434 2295 1518; x_wconf 89' lang='lat' dir='ltr'><strong>quod</strong></span> <span class='ocrx_word' id='word_1_92' title='bbox 2340 1455 2518 1499; x_wconf 90' lang='lat' dir='ltr'><strong>secus</strong></span> <span class='ocrx_word' id='word_1_93' title='bbox 2564 1455 2698 1497; x_wconf 90' lang='lat' dir='ltr'><strong>non</strong></span> <span class='ocrx_word' id='word_1_94' title='bbox 2744 1433 2947 1497; x_wconf 74' lang='lat' dir='ltr'><strong>fecis—</strong></span> 
     </span>
     <span class='ocr_line' id='line_1_12' title="bbox 613 1527 2952 1615; baseline -0.001 -20"><span class='ocrx_word' id='word_1_95' title='bbox 613 1538 776 1595; x_wconf 88' lang='lat' dir='ltr'><strong>sent.</strong></span> <span class='ocrx_word' id='word_1_96' title='bbox 866 1528 1188 1594; x_wconf 86' lang='lat' dir='ltr'><strong>Referunt</strong></span> <span class='ocrx_word' id='word_1_97' title='bbox 1235 1530 1452 1608; x_wconf 86' lang='lat' dir='ltr'><strong>etiam,</strong></span> <span class='ocrx_word' id='word_1_98' title='bbox 1499 1535 1781 1614; x_wconf 91' lang='lat' dir='ltr'><strong>quatuor</strong></span> <span class='ocrx_word' id='word_1_99' title='bbox 1828 1529 2228 1609; x_wconf 77' lang='lat' dir='ltr'><strong>CardinaleS,</strong></span> <span class='ocrx_word' id='word_1_100' title='bbox 2274 1531 2447 1595; x_wconf 89' lang='lat' dir='ltr'><strong>inter</strong></span> <span class='ocrx_word' id='word_1_101' title='bbox 2492 1552 2651 1615; x_wconf 89' lang='lat' dir='ltr'><strong>quos</strong></span> <span class='ocrx_word' id='word_1_102' title='bbox 2697 1527 2952 1607; x_wconf 64' lang='lat' dir='ltr'><strong>Orsini,</strong></span> 
     </span>
     <span class='ocr_line' id='line_1_13' title="bbox 612 1627 2946 1711; baseline -0.001 -19"><span class='ocrx_word' id='word_1_103' title='bbox 612 1627 984 1711; x_wconf 80' lang='lat' dir='ltr'><strong>suffragium</strong></span> <span class='ocrx_word' id='word_1_104' title='bbox 1031 1628 1133 1689; x_wconf 83' lang='lat' dir='ltr'><strong>vel</strong></span> <span class='ocrx_word' id='word_1_105' title='bbox 1179 1649 1312 1691; x_wconf 91' lang='lat' dir='ltr'><strong>non</strong></span> <span class='ocrx_word' id='word_1_106' title='bbox 1372 1627 1649 1707; x_wconf 89' lang='lat' dir='ltr'><strong>dedisse,</strong></span> <span class='ocrx_word' id='word_1_107' title='bbox 1703 1628 1807 1691; x_wconf 83' lang='lat' dir='ltr'><strong>vel</strong></span> <span class='ocrx_word' id='word_1_108' title='bbox 1849 1630 2238 1710; x_wconf 84' lang='lat' dir='ltr'><strong>protestatos</strong></span> <span class='ocrx_word' id='word_1_109' title='bbox 2286 1648 2455 1704; x_wconf 87' lang='lat' dir='ltr'><strong>esse,</strong></span> <span class='ocrx_word' id='word_1_110' title='bbox 2514 1648 2581 1690; x_wconf 90' lang='lat' dir='ltr'><strong>se</strong></span> <span class='ocrx_word' id='word_1_111' title='bbox 2627 1648 2705 1689; x_wconf 85' lang='lat' dir='ltr'><strong>ex</strong></span> <span class='ocrx_word' id='word_1_112' title='bbox 2752 1631 2946 1690; x_wconf 78' lang='lat' dir='ltr'><strong>metu</strong></span> 
     </span>
     <span class='ocr_line' id='line_1_14' title="bbox 613 1722 2934 1808; baseline -0.001 -20"><span class='ocrx_word' id='word_1_113' title='bbox 613 1724 764 1788; x_wconf 89' lang='lat' dir='ltr'><strong>dare</strong></span> <span class='ocrx_word' id='word_1_114' title='bbox 809 1728 1061 1798; x_wconf 80' lang='lat' dir='ltr'><strong>votum3</strong></span> <span class='ocrx_word' id='word_1_115' title='bbox 1116 1723 1398 1807; x_wconf 90' lang='lat' dir='ltr'><strong>reliquos</strong></span> <span class='ocrx_word' id='word_1_116' title='bbox 1453 1731 1676 1788; x_wconf 89' lang='lat' dir='ltr'><strong>tamen</strong></span> <span class='ocrx_word' id='word_1_117' title='bbox 1735 1724 1899 1788; x_wconf 92' lang='lat' dir='ltr'><strong>serio</strong></span> <span class='ocrx_word' id='word_1_118' title='bbox 1954 1724 2250 1808; x_wconf 84' lang='lat' dir='ltr'><strong>elegisse,</strong></span> <span class='ocrx_word' id='word_1_119' title='bbox 2313 1745 2390 1787; x_wconf 87' lang='lat' dir='ltr'><strong>ex</strong></span> <span class='ocrx_word' id='word_1_120' title='bbox 2445 1724 2582 1807; x_wconf 87' lang='lat' dir='ltr'><strong>ipsa</strong></span> <span class='ocrx_word' id='word_1_121' title='bbox 2630 1722 2934 1787; x_wconf 85' lang='lat' dir='ltr'><strong>Declara-</strong></span> 
     </span>
     <span class='ocr_line' id='line_1_15' title="bbox 612 1818 2947 1904; baseline 0 -21"><span class='ocrx_word' id='word_1_122' title='bbox 612 1822 791 1885; x_wconf 88' lang='lat' dir='ltr'><strong>tione</strong></span> <span class='ocrx_word' id='word_1_123' title='bbox 836 1824 1039 1904; x_wconf 89' lang='lat' dir='ltr'><strong>patet.</strong></span> <span class='ocrx_word' id='word_1_124' title='bbox 1130 1818 1297 1884; x_wconf 86' lang='lat' dir='ltr'><strong>Nam</strong></span> <span class='ocrx_word' id='word_1_125' title='bbox 1344 1818 1698 1885; x_wconf 89' lang='lat' dir='ltr'><strong>Barensem</strong></span> <span class='ocrx_word' id='word_1_126' title='bbox 1744 1822 1934 1904; x_wconf 88' lang='lat' dir='ltr'><strong>ajunt</strong></span> <span class='ocrx_word' id='word_1_127' title='bbox 1983 1820 2368 1884; x_wconf 90' lang='lat' dir='ltr'><strong>nominatim</strong></span> <span class='ocrx_word' id='word_1_128' title='bbox 2417 1842 2553 1885; x_wconf 86' lang='lat' dir='ltr'><strong>esse</strong></span> <span class='ocrx_word' id='word_1_129' title='bbox 2599 1823 2947 1900; x_wconf 67' lang='lat' dir='ltr'><strong>tamquam</strong></span> 
     </span>
     <span class='ocr_line' id='line_1_16' title="bbox 613 1914 2950 1999; baseline 0 -20"><span class='ocrx_word' id='word_1_130' title='bbox 613 1915 706 1979; x_wconf 86' lang='lat' dir='ltr'><strong>eis</strong></span> <span class='ocrx_word' id='word_1_131' title='bbox 751 1914 963 1998; x_wconf 73' lang='lat' dir='ltr'><strong>mayis</strong></span> <span class='ocrx_word' id='word_1_132' title='bbox 1008 1918 1263 1996; x_wconf 79' lang='lat' dir='ltr'><strong>notum,</strong></span> <span class='ocrx_word' id='word_1_133' title='bbox 1330 1919 1392 1979; x_wconf 88' lang='lat' dir='ltr'><strong>et</strong></span> <span class='ocrx_word' id='word_1_134' title='bbox 1435 1915 1510 1981; x_wconf 88' lang='lat' dir='ltr'><strong>in</strong></span> <span class='ocrx_word' id='word_1_135' title='bbox 1560 1915 1762 1998; x_wconf 81' lang='lat' dir='ltr'><strong>factis</strong></span> <span class='ocrx_word' id='word_1_136' title='bbox 1816 1920 1877 1980; x_wconf 83' lang='lat' dir='ltr'><strong>et</strong></span> <span class='ocrx_word' id='word_1_137' title='bbox 1930 1915 2220 1980; x_wconf 81' lang='lat' dir='ltr'><strong>moribus</strong></span> <span class='ocrx_word' id='word_1_138' title='bbox 2276 1915 2500 1982; x_wconf 83' lang='lat' dir='ltr'><strong>curiae</strong></span> <span class='ocrx_word' id='word_1_139' title='bbox 2555 1916 2768 1999; x_wconf 74' lang='lat' dir='ltr'><strong>mayis</strong></span> <span class='ocrx_word' id='word_1_140' title='bbox 2824 1935 2950 1980; x_wconf 77' lang='lat' dir='ltr'><strong>ex·-</strong></span> 
     </span>
     <span class='ocr_line' id='line_1_17' title="bbox 608 2012 2950 2097; baseline 0.001 -21"><span class='ocrx_word' id='word_1_141' title='bbox 608 2015 909 2095; x_wconf 81' lang='lat' dir='ltr'><strong>pertum,·</strong></span> <span class='ocrx_word' id='word_1_142' title='bbox 954 2019 1019 2076; x_wconf 90' lang='lat' dir='ltr'><strong>et</strong></span> <span class='ocrx_word' id='word_1_143' title='bbox 1067 2014 1319 2096; x_wconf 89' lang='lat' dir='ltr'><strong>aliquos</strong></span> <span class='ocrx_word' id='word_1_144' title='bbox 1361 2012 1615 2092; x_wconf 80' lang='lat' dir='ltr'><strong>dixisse,</strong></span> <span class='ocrx_word' id='word_1_145' title='bbox 1665 2013 1833 2097; x_wconf 90' lang='lat' dir='ltr'><strong>quod</strong></span> <span class='ocrx_word' id='word_1_146' title='bbox 1880 2012 2199 2096; x_wconf 73' lang='lat' dir='ltr'><strong>eliyebant</strong></span> <span class='ocrx_word' id='word_1_147' title='bbox 2238 2033 2385 2078; x_wconf 81' lang='lat' dir='ltr'><strong>eum</strong></span> <span class='ocrx_word' id='word_1_148' title='bbox 2431 2012 2650 2078; x_wconf 86' lang='lat' dir='ltr'><strong>animo</strong></span> <span class='ocrx_word' id='word_1_149' title='bbox 2695 2016 2757 2077; x_wconf 87' lang='lat' dir='ltr'><strong>et</strong></span> <span class='ocrx_word' id='word_1_150' title='bbox 2777 2033 2950 2096; x_wconf 62' lang='lat' dir='ltr'><strong>prom</strong></span> 
     </span>
     <span class='ocr_line' id='line_1_18' title="bbox 604 2107 2956 2195; baseline 0 -22"><span class='ocrx_word' id='word_1_151' title='bbox 604 2107 846 2192; x_wconf 79' lang='lat' dir='ltr'><strong>posite,</strong></span> <span class='ocrx_word' id='word_1_152' title='bbox 909 2107 1079 2189; x_wconf 79' lang='lat' dir='ltr'><strong>quod</strong></span> <span class='ocrx_word' id='word_1_153' title='bbox 1138 2112 1299 2172; x_wconf 83' lang='lat' dir='ltr'><strong>esset</strong></span> <span class='ocrx_word' id='word_1_154' title='bbox 1357 2129 1551 2173; x_wconf 82' lang='lat' dir='ltr'><strong>verus</strong></span> <span class='ocrx_word' id='word_1_155' title='bbox 1610 2108 1817 2191; x_wconf 83' lang='lat' dir='ltr'><strong>Papa.</strong></span> <span class='ocrx_word' id='word_1_156' title='bbox 1934 2109 2325 2195; x_wconf 84' lang='lat' dir='ltr'><strong>Adjungunt</strong></span> <span class='ocrx_word' id='word_1_157' title='bbox 2384 2112 2641 2195; x_wconf 88' lang='lat' dir='ltr'><strong>utique,</strong></span> <span class='ocrx_word' id='word_1_158' title='bbox 2702 2109 2956 2174; x_wconf 83' lang='lat' dir='ltr'><strong>timore-</strong></span> 
     </span>
     <span class='ocr_line' id='line_1_19' title="bbox 613 2203 2938 2289; baseline 0 -19"><span class='ocrx_word' id='word_1_159' title='bbox 613 2210 829 2271; x_wconf 87' lang='lat' dir='ltr'><strong>tamen</strong></span> <span class='ocrx_word' id='word_1_160' title='bbox 889 2203 1122 2268; x_wconf 81' lang='lat' dir='ltr'><strong>mortis</strong></span> <span class='ocrx_word' id='word_1_161' title='bbox 1177 2204 1252 2270; x_wconf 87' lang='lat' dir='ltr'><strong>in</strong></span> <span class='ocrx_word' id='word_1_162' title='bbox 1302 2225 1524 2270; x_wconf 84' lang='lat' dir='ltr'><strong>eorum</strong></span> <span class='ocrx_word' id='word_1_163' title='bbox 1583 2206 1828 2271; x_wconf 84' lang='lat' dir='ltr'><strong>animis</strong></span> <span class='ocrx_word' id='word_1_164' title='bbox 1884 2205 2188 2271; x_wconf 76' lang='lat' dir='ltr'><strong>continue</strong></span> <span class='ocrx_word' id='word_1_165' title='bbox 2229 2206 2653 2289; x_wconf 78' lang='lat' dir='ltr'><strong>perdurante.</strong></span> <span class='ocrx_word' id='word_1_166' title='bbox 2745 2207 2938 2272; x_wconf 84' lang='lat' dir='ltr'><strong>Ulte-</strong></span> 
     </span>
     <span class='ocr_line' id='line_1_20' title="bbox 612 2302 2931 2387; baseline 0 -19"><span class='ocrx_word' id='word_1_167' title='bbox 612 2304 745 2368; x_wconf 90' lang='lat' dir='ltr'><strong>rius</strong></span> <span class='ocrx_word' id='word_1_168' title='bbox 789 2302 1104 2378; x_wconf 88' lang='lat' dir='ltr'><strong>referunt,</strong></span> <span class='ocrx_word' id='word_1_169' title='bbox 1158 2304 1372 2385; x_wconf 89' lang='lat' dir='ltr'><strong>plures</strong></span> <span class='ocrx_word' id='word_1_170' title='bbox 1419 2302 1718 2368; x_wconf 89' lang='lat' dir='ltr'><strong>habuisse</strong></span> <span class='ocrx_word' id='word_1_171' title='bbox 1764 2306 2196 2368; x_wconf 85' lang='lat' dir='ltr'><strong>intentionem</strong></span> <span class='ocrx_word' id='word_1_172' title='bbox 2242 2310 2468 2387; x_wconf 87' lang='lat' dir='ltr'><strong>postea</strong></span> <span class='ocrx_word' id='word_1_173' title='bbox 2513 2306 2580 2369; x_wconf 92' lang='lat' dir='ltr'><strong>in</strong></span> <span class='ocrx_word' id='word_1_174' title='bbox 2627 2307 2931 2369; x_wconf 87' lang='lat' dir='ltr'><strong>securiori</strong></span> 
     </span>
     <span class='ocr_line' id='line_1_21' title="bbox 610 2399 2945 2485; baseline 0 -21"><span class='ocrx_word' id='word_1_175' title='bbox 610 2402 750 2464; x_wconf 93' lang='lat' dir='ltr'><strong>loco</strong></span> <span class='ocrx_word' id='word_1_176' title='bbox 807 2421 949 2463; x_wconf 88' lang='lat' dir='ltr'><strong>eum</strong></span> <span class='ocrx_word' id='word_1_177' title='bbox 1015 2399 1384 2483; x_wconf 88' lang='lat' dir='ltr'><strong>reeligendi.</strong></span> <span class='ocrx_word' id='word_1_178' title='bbox 1491 2399 1788 2465; x_wconf 87' lang='lat' dir='ltr'><strong>Concidit</strong></span> <span class='ocrx_word' id='word_1_179' title='bbox 1844 2407 2062 2465; x_wconf 86' lang='lat' dir='ltr'><strong>autem</strong></span> <span class='ocrx_word' id='word_1_180' title='bbox 2124 2423 2201 2465; x_wconf 85' lang='lat' dir='ltr'><strong>ex</strong></span> <span class='ocrx_word' id='word_1_181' title='bbox 2257 2400 2356 2465; x_wconf 89' lang='lat' dir='ltr'><strong>his</strong></span> <span class='ocrx_word' id='word_1_182' title='bbox 2410 2402 2701 2479; x_wconf 87' lang='lat' dir='ltr'><strong>omnino,</strong></span> <span class='ocrx_word' id='word_1_183' title='bbox 2760 2401 2945 2485; x_wconf 71' lang='lat' dir='ltr'><strong>quod³</strong></span> 
     </span>
     <span class='ocr_line' id='line_1_22' title="bbox 613 2494 2929 2582; baseline 0 -20"><span class='ocrx_word' id='word_1_184' title='bbox 613 2497 714 2562; x_wconf 90' lang='lat' dir='ltr'><strong>die</strong></span> <span class='ocrx_word' id='word_1_185' title='bbox 761 2494 834 2561; x_wconf 88' lang='lat'><strong>9⁰</strong></span> <span class='ocrx_word' id='word_1_186' title='bbox 876 2496 1161 2580; x_wconf 88' lang='lat' dir='ltr'><strong>Augusti</strong></span> <span class='ocrx_word' id='word_1_187' title='bbox 1208 2495 1279 2560; x_wconf 91' lang='lat' dir='ltr'><strong>in</strong></span> <span class='ocrx_word' id='word_1_188' title='bbox 1326 2496 1560 2562; x_wconf 90' lang='lat' dir='ltr'><strong>litteris</strong></span> <span class='ocrx_word' id='word_1_189' title='bbox 1606 2497 1741 2563; x_wconf 91' lang='lat' dir='ltr'><strong>suis</strong></span> <span class='ocrx_word' id='word_1_190' title='bbox 1788 2496 2160 2563; x_wconf 87' lang='lat' dir='ltr'><strong>Cardinales</strong></span> <span class='ocrx_word' id='word_1_191' title='bbox 2206 2498 2642 2582; x_wconf 91' lang='lat' dir='ltr'><strong>contendunt,</strong></span> <span class='ocrx_word' id='word_1_192' title='bbox 2685 2521 2752 2564; x_wconf 89' lang='lat' dir='ltr'><strong>se</strong></span> <span class='ocrx_word' id='word_1_193' title='bbox 2801 2499 2929 2563; x_wconf 89' lang='lat' dir='ltr'><strong>ele·</strong></span> 
     </span>
     <span class='ocr_line' id='line_1_23' title="bbox 613 2592 2942 2677; baseline 0 -19"><span class='ocrx_word' id='word_1_194' title='bbox 613 2595 782 2677; x_wconf 85' lang='lat' dir='ltr'><strong>gisse</strong></span> <span class='ocrx_word' id='word_1_195' title='bbox 828 2592 1368 2677; x_wconf 90' lang='lat' dir='ltr'><strong>archiepiscopum</strong></span> <span class='ocrx_word' id='word_1_196' title='bbox 1421 2592 1768 2658; x_wconf 89' lang='lat' dir='ltr'><strong>Barensem</strong></span> <span class='ocrx_word' id='word_1_197' title='bbox 1825 2595 2273 2659; x_wconf 84' lang='lat' dir='ltr'><strong>existimantes</strong></span> <span class='ocrx_word' id='word_1_198' title='bbox 2328 2593 2573 2677; x_wconf 79' lang='lat' dir='ltr'><strong>ipsum,</strong></span> <span class='ocrx_word' id='word_1_199' title='bbox 2631 2595 2738 2659; x_wconf 81' lang='lat' dir='ltr'><strong>cui</strong></span> <span class='ocrx_word' id='word_1_200' title='bbox 2793 2598 2942 2659; x_wconf 82' lang='lat' dir='ltr'><strong>tam-</strong></span> 
     </span>
     <span class='ocr_line' id='line_1_24' title="bbox 596 2686 2952 2773; baseline 0 -18"><span class='ocrx_word' id='word_1_201' title='bbox 596 2686 905 2772; x_wconf 64' lang='lat' dir='ltr'><strong>‘nefanda</strong></span> <span class='ocrx_word' id='word_1_202' title='bbox 949 2687 1292 2770; x_wconf 78' lang='lat' dir='ltr'><strong>impressio</strong></span> <span class='ocrx_word' id='word_1_203' title='bbox 1339 2737 1352 2750; x_wconf 92' lang='lat'><strong>.</strong></span> <span class='ocrx_word' id='word_1_204' title='bbox 1387 2737 1400 2750; x_wconf 92' lang='lat'><strong>.</strong></span> <span class='ocrx_word' id='word_1_205' title='bbox 1432 2736 1447 2751; x_wconf 94' lang='lat'><strong>.</strong></span> <span class='ocrx_word' id='word_1_206' title='bbox 1495 2692 1655 2753; x_wconf 84' lang='lat' dir='ltr'><strong>nota</strong></span> <span class='ocrx_word' id='word_1_207' title='bbox 1697 2693 1857 2769; x_wconf 87' lang='lat' dir='ltr'><strong>erat,</strong></span> <span class='ocrx_word' id='word_1_208' title='bbox 1906 2689 2059 2754; x_wconf 80' lang='lat' dir='ltr'><strong>talis</strong></span> <span class='ocrx_word' id='word_1_209' title='bbox 2105 2710 2236 2754; x_wconf 81' lang='lat' dir='ltr'><strong>esse</strong></span> <span class='ocrx_word' id='word_1_210' title='bbox 2275 2690 2715 2772; x_wconf 81' lang='lat' dir='ltr'><strong>conscientiae,</strong></span> <span class='ocrx_word' id='word_1_211' title='bbox 2761 2691 2952 2773; x_wconf 51' lang='lat' dir='ltr'><strong>quod‘</strong></span> 
     </span>
     <span class='ocr_line' id='line_1_25' title="bbox 614 2783 1826 2866; baseline -0.002 -15"><span class='ocrx_word' id='word_1_212' title='bbox 614 2785 980 2851; x_wconf 78' lang='lat' dir='ltr'><strong>electionem</strong></span> <span class='ocrx_word' id='word_1_213' title='bbox 1029 2783 1410 2850; x_wconf 80' lang='lat' dir='ltr'><strong>nullatenus</strong></span> <span class='ocrx_word' id='word_1_214' title='bbox 1451 2789 1826 2866; x_wconf 79' lang='lat' dir='ltr'><strong>acceptaret.</strong></span> 
     </span>
    </p>

    <p class='ocr_par' dir='ltr' id='par_1_3' title="bbox 610 2882 2946 4221">
     <span class='ocr_line' id='line_1_26' title="bbox 793 2882 2926 2968; baseline 0.001 -22"><span class='ocrx_word' id='word_1_215' title='bbox 793 2883 894 2947; x_wconf 87' lang='lat'><strong>16.</strong></span> <span class='ocrx_word' id='word_1_216' title='bbox 944 2883 1101 2947; x_wconf 90' lang='lat' dir='ltr'><strong>Post</strong></span> <span class='ocrx_word' id='word_1_217' title='bbox 1146 2882 1519 2946; x_wconf 86' lang='lat' dir='ltr'><strong>electionem</strong></span> <span class='ocrx_word' id='word_1_218' title='bbox 1571 2905 1790 2966; x_wconf 90' lang='lat' dir='ltr'><strong>porr0,</strong></span> <span class='ocrx_word' id='word_1_219' title='bbox 1847 2883 2101 2968; x_wconf 85' lang='lat' dir='ltr'><strong>dicunt,</strong></span> <span class='ocrx_word' id='word_1_220' title='bbox 2160 2906 2228 2949; x_wconf 90' lang='lat' dir='ltr'><strong>se</strong></span> <span class='ocrx_word' id='word_1_221' title='bbox 2284 2884 2532 2948; x_wconf 90' lang='lat' dir='ltr'><strong>misisse</strong></span> <span class='ocrx_word' id='word_1_222' title='bbox 2587 2885 2666 2949; x_wconf 84' lang='lat' dir='ltr'><strong>ad</strong></span> <span class='ocrx_word' id='word_1_223' title='bbox 2724 2906 2926 2968; x_wconf 87' lang='lat' dir='ltr'><strong>popu-</strong></span> 
     </span>
     <span class='ocr_line' id='line_1_27' title="bbox 611 2979 2929 3063; baseline -0 -18"><span class='ocrx_word' id='word_1_224' title='bbox 611 2984 743 3045; x_wconf 91' lang='lat' dir='ltr'><strong>lum</strong></span> <span class='ocrx_word' id='word_1_225' title='bbox 811 2981 1319 3044; x_wconf 87' lang='lat' dir='ltr'><strong>tumultuantem</strong></span> <span class='ocrx_word' id='word_1_226' title='bbox 1388 2986 1453 3043; x_wconf 91' lang='lat' dir='ltr'><strong>et</strong></span> <span class='ocrx_word' id='word_1_227' title='bbox 1512 2979 1897 3063; x_wconf 88' lang='lat' dir='ltr'><strong>dispositum</strong></span> <span class='ocrx_word' id='word_1_228' title='bbox 1965 2979 2042 3044; x_wconf 89' lang='lat' dir='ltr'><strong>ad</strong></span> <span class='ocrx_word' id='word_1_229' title='bbox 2105 2980 2539 3063; x_wconf 88' lang='lat' dir='ltr'><strong>rumpendum·</strong></span> <span class='ocrx_word' id='word_1_230' title='bbox 2587 2980 2929 3057; x_wconf 81' lang='lat' dir='ltr'><strong>Conclave,</strong></span> 
     </span>
     <span class='ocr_line' id='line_1_28' title="bbox 612 3077 2946 3160; baseline 0 -19"><span class='ocrx_word' id='word_1_231' title='bbox 612 3099 800 3142; x_wconf 90' lang='lat' dir='ltr'><strong>ausos</strong></span> <span class='ocrx_word' id='word_1_232' title='bbox 860 3081 1082 3141; x_wconf 90' lang='lat' dir='ltr'><strong>tamen</strong></span> <span class='ocrx_word' id='word_1_233' title='bbox 1139 3097 1268 3139; x_wconf 89' lang='lat' dir='ltr'><strong>non</strong></span> <span class='ocrx_word' id='word_1_234' title='bbox 1327 3097 1460 3139; x_wconf 91' lang='lat' dir='ltr'><strong>esse</strong></span> <span class='ocrx_word' id='word_1_235' title='bbox 1516 3077 1844 3159; x_wconf 88' lang='lat' dir='ltr'><strong>publicare</strong></span> <span class='ocrx_word' id='word_1_236' title='bbox 1901 3077 2309 3154; x_wconf 89' lang='lat' dir='ltr'><strong>electionem,</strong></span> <span class='ocrx_word' id='word_1_237' title='bbox 2368 3077 2479 3141; x_wconf 91' lang='lat' dir='ltr'><strong>sed</strong></span> <span class='ocrx_word' id='word_1_238' title='bbox 2540 3077 2946 3160; x_wconf 85' lang='lat' dir='ltr'><strong>promisisse,.</strong></span> 
     </span>
     <span class='ocr_line' id='line_1_29' title="bbox 612 3172 2938 3259; baseline -0.001 -21"><span class='ocrx_word' id='word_1_239' title='bbox 612 3173 782 3259; x_wconf 90' lang='lat' dir='ltr'><strong>quod</strong></span> <span class='ocrx_word' id='word_1_240' title='bbox 845 3174 1145 3256; x_wconf 90' lang='lat' dir='ltr'><strong>sequenti</strong></span> <span class='ocrx_word' id='word_1_241' title='bbox 1207 3172 1310 3235; x_wconf 90' lang='lat' dir='ltr'><strong>die</strong></span> <span class='ocrx_word' id='word_1_242' title='bbox 1383 3173 1869 3237; x_wconf 88' lang='lat' dir='ltr'><strong>consolarentur</strong></span> <span class='ocrx_word' id='word_1_243' title='bbox 1928 3194 2033 3236; x_wconf 95' lang='lat' dir='ltr'><strong>eos</strong></span> <span class='ocrx_word' id='word_1_244' title='bbox 2098 3173 2175 3237; x_wconf 92' lang='lat' dir='ltr'><strong>de</strong></span> <span class='ocrx_word' id='word_1_245' title='bbox 2234 3172 2412 3258; x_wconf 87' lang='lat' dir='ltr'><strong>Papa</strong></span> <span class='ocrx_word' id='word_1_246' title='bbox 2472 3173 2766 3238; x_wconf 89' lang='lat' dir='ltr'><strong>Romano</strong></span> <span class='ocrx_word' id='word_1_247' title='bbox 2827 3175 2938 3238; x_wconf 67' lang='lat' dir='ltr'><strong>ve}</strong></span> 
     </span>
     <span class='ocr_line' id='line_1_30' title="bbox 613 3268 2927 3355; baseline -0.001 -20"><span class='ocrx_word' id='word_1_248' title='bbox 613 3270 857 3336; x_wconf 78' lang='lat' dir='ltr'><strong>Italico.</strong></span> <span class='ocrx_word' id='word_1_249' title='bbox 914 3305 1001 3314; x_wconf 89' lang='lat'>—</span> <span class='ocrx_word' id='word_1_250' title='bbox 1056 3268 1152 3331; x_wconf 84' lang='lat' dir='ltr'><strong>Ex</strong></span> <span class='ocrx_word' id='word_1_251' title='bbox 1213 3290 1342 3352; x_wconf 92' lang='lat' dir='ltr'><strong>quo</strong></span> <span class='ocrx_word' id='word_1_252' title='bbox 1397 3271 1555 3333; x_wconf 88' lang='lat' dir='ltr'><strong>satis</strong></span> <span class='ocrx_word' id='word_1_253' title='bbox 1614 3270 1968 3354; x_wconf 87' lang='lat' dir='ltr'><strong>colligitur,</strong></span> <span class='ocrx_word' id='word_1_254' title='bbox 2025 3271 2171 3334; x_wconf 90' lang='lat' dir='ltr'><strong>illos</strong></span> <span class='ocrx_word' id='word_1_255' title='bbox 2227 3290 2634 3355; x_wconf 88' lang='lat' dir='ltr'><strong>nequaquam</strong></span> <span class='ocrx_word' id='word_1_256' title='bbox 2693 3270 2763 3333; x_wconf 91' lang='lat' dir='ltr'><strong>in</strong></span> <span class='ocrx_word' id='word_1_257' title='bbox 2819 3270 2927 3333; x_wconf 90' lang='lat' dir='ltr'><strong>eli·</strong></span> 
     </span>
     <span class='ocr_line' id='line_1_31' title="bbox 612 3363 2938 3451; baseline -0.001 -19"><span class='ocrx_word' id='word_1_258' title='bbox 612 3366 818 3451; x_wconf 84' lang='lat' dir='ltr'><strong>gendo</strong></span> <span class='ocrx_word' id='word_1_259' title='bbox 864 3363 1138 3430; x_wconf 92' lang='lat' dir='ltr'><strong>Barensi</strong></span> <span class='ocrx_word' id='word_1_260' title='bbox 1190 3366 1378 3430; x_wconf 90' lang='lat' dir='ltr'><strong>unice</strong></span> <span class='ocrx_word' id='word_1_261' title='bbox 1423 3367 1640 3430; x_wconf 90' lang='lat' dir='ltr'><strong>timori</strong></span> <span class='ocrx_word' id='word_1_262' title='bbox 1694 3366 1981 3446; x_wconf 89' lang='lat' dir='ltr'><strong>cessisse,</strong></span> <span class='ocrx_word' id='word_1_263' title='bbox 2042 3368 2171 3431; x_wconf 91' lang='lat' dir='ltr'><strong>imo</strong></span> <span class='ocrx_word' id='word_1_264' title='bbox 2215 3367 2522 3432; x_wconf 89' lang='lat' dir='ltr'><strong>sollicitos</strong></span> <span class='ocrx_word' id='word_1_265' title='bbox 2577 3367 2804 3447; x_wconf 83' lang='lat' dir='ltr'><strong>fuisse,</strong></span> <span class='ocrx_word' id='word_1_266' title='bbox 2852 3372 2938 3430; x_wconf 83' lang='lat' dir='ltr'><strong>ut·</strong></span> 
     </span>
     <span class='ocr_line' id='line_1_32' title="bbox 612 3461 2929 3546; baseline -0 -19"><span class='ocrx_word' id='word_1_267' title='bbox 612 3463 760 3527; x_wconf 90' lang='lat' dir='ltr'><strong>dum</strong></span> <span class='ocrx_word' id='word_1_268' title='bbox 811 3462 1133 3538; x_wconf 89' lang='lat' dir='ltr'><strong>Italicum,</strong></span> <span class='ocrx_word' id='word_1_269' title='bbox 1180 3484 1313 3526; x_wconf 89' lang='lat' dir='ltr'><strong>non</strong></span> <span class='ocrx_word' id='word_1_270' title='bbox 1359 3481 1509 3526; x_wconf 84' lang='lat' dir='ltr'><strong>vero</strong></span> <span class='ocrx_word' id='word_1_271' title='bbox 1558 3461 1945 3539; x_wconf 85' lang='lat' dir='ltr'><strong>Romanum,</strong></span> <span class='ocrx_word' id='word_1_272' title='bbox 1994 3463 2350 3546; x_wconf 86' lang='lat' dir='ltr'><strong>eligebant,</strong></span> <span class='ocrx_word' id='word_1_273' title='bbox 2395 3463 2760 3527; x_wconf 89' lang='lat' dir='ltr'><strong>libertatem</strong></span> <span class='ocrx_word' id='word_1_274' title='bbox 2805 3462 2929 3527; x_wconf 88' lang='lat' dir='ltr'><strong>sibi</strong></span> 
     </span>
     <span class='ocr_line' id='line_1_33' title="bbox 613 3556 2927 3643; baseline 0 -20"><span class='ocrx_word' id='word_1_275' title='bbox 613 3559 1036 3623; x_wconf 85' lang='lat' dir='ltr'><strong>vindicarent.</strong></span> <span class='ocrx_word' id='word_1_276' title='bbox 1105 3594 1191 3604; x_wconf 93' lang='lat'>—</span> <span class='ocrx_word' id='word_1_277' title='bbox 1263 3556 1744 3623; x_wconf 86' lang='lat' dir='ltr'><strong>Reelectionem</strong></span> <span class='ocrx_word' id='word_1_278' title='bbox 1808 3564 1955 3642; x_wconf 89' lang='lat' dir='ltr'><strong>post</strong></span> <span class='ocrx_word' id='word_1_279' title='bbox 2019 3559 2361 3643; x_wconf 87' lang='lat' dir='ltr'><strong>prandium</strong></span> <span class='ocrx_word' id='word_1_280' title='bbox 2425 3561 2661 3625; x_wconf 84' lang='lat' dir='ltr'><strong>factam</strong></span> <span class='ocrx_word' id='word_1_281' title='bbox 2733 3560 2927 3624; x_wconf 87' lang='lat' dir='ltr'><strong>etiam</strong></span> 
     </span>
     <span class='ocr_line' id='line_1_34' title="bbox 614 3654 2946 3739; baseline 0 -20"><span class='ocrx_word' id='word_1_282' title='bbox 614 3661 1143 3732; x_wconf 83' lang='lat' dir='ltr'><strong>commemorant,</strong></span> <span class='ocrx_word' id='word_1_283' title='bbox 1207 3654 1316 3719; x_wconf 90' lang='lat' dir='ltr'><strong>sed</strong></span> <span class='ocrx_word' id='word_1_284' title='bbox 1383 3656 1453 3720; x_wconf 90' lang='lat' dir='ltr'><strong>in</strong></span> <span class='ocrx_word' id='word_1_285' title='bbox 1507 3655 1728 3719; x_wconf 89' lang='lat' dir='ltr'><strong>eodem</strong></span> <span class='ocrx_word' id='word_1_286' title='bbox 1796 3655 2161 3720; x_wconf 89' lang='lat' dir='ltr'><strong>discrimine</strong></span> <span class='ocrx_word' id='word_1_287' title='bbox 2224 3657 2393 3739; x_wconf 88' lang='lat' dir='ltr'><strong>ipsos</strong></span> <span class='ocrx_word' id='word_1_288' title='bbox 2457 3657 2654 3721; x_wconf 87' lang='lat' dir='ltr'><strong>fuisse</strong></span> <span class='ocrx_word' id='word_1_289' title='bbox 2721 3656 2946 3733; x_wconf 61' lang='lat' dir='ltr'><strong>aiunt,⁴</strong></span> 
     </span>
     <span class='ocr_line' id='line_1_35' title="bbox 611 3751 2927 3837; baseline -0 -21"><span class='ocrx_word' id='word_1_290' title='bbox 611 3757 743 3816; x_wconf 92' lang='lat' dir='ltr'><strong>tres</strong></span> <span class='ocrx_word' id='word_1_291' title='bbox 790 3751 1101 3828; x_wconf 87' lang='lat' dir='ltr'><strong>abfuisse,</strong></span> <span class='ocrx_word' id='word_1_292' title='bbox 1160 3758 1227 3815; x_wconf 92' lang='lat' dir='ltr'><strong>et</strong></span> <span class='ocrx_word' id='word_1_293' title='bbox 1274 3757 1619 3836; x_wconf 87' lang='lat' dir='ltr'><strong>antequam</strong></span> <span class='ocrx_word' id='word_1_294' title='bbox 1666 3752 1854 3815; x_wconf 89' lang='lat' dir='ltr'><strong>finita</strong></span> <span class='ocrx_word' id='word_1_295' title='bbox 1899 3773 2000 3816; x_wconf 91' lang='lat' dir='ltr'><strong>res</strong></span> <span class='ocrx_word' id='word_1_296' title='bbox 2047 3758 2241 3830; x_wconf 90' lang='lat' dir='ltr'><strong>esset,</strong></span> <span class='ocrx_word' id='word_1_297' title='bbox 2290 3757 2428 3837; x_wconf 91' lang='lat' dir='ltr'><strong>jam</strong></span> <span class='ocrx_word' id='word_1_298' title='bbox 2484 3754 2792 3836; x_wconf 90' lang='lat' dir='ltr'><strong>populum</strong></span> <span class='ocrx_word' id='word_1_299' title='bbox 2839 3753 2927 3816; x_wconf 91' lang='lat' dir='ltr'><strong>ir·</strong></span> 
     </span>
     <span class='ocr_line' id='line_1_36' title="bbox 611 3846 2945 3929; baseline 0 -17"><span class='ocrx_word' id='word_1_300' title='bbox 611 3848 814 3912; x_wconf 88' lang='lat' dir='ltr'><strong>ruisse</strong></span> <span class='ocrx_word' id='word_1_301' title='bbox 863 3848 931 3911; x_wconf 90' lang='lat' dir='ltr'><strong>in</strong></span> <span class='ocrx_word' id='word_1_302' title='bbox 981 3846 1320 3927; x_wconf 85' lang='lat' dir='ltr'><strong>Conclave,</strong></span> <span class='ocrx_word' id='word_1_303' title='bbox 1365 3848 1783 3912; x_wconf 90' lang='lat' dir='ltr'><strong>clamantem:</strong></span> <span class='ocrx_word' id='word_1_304' title='bbox 1843 3846 1974 3911; x_wconf 89' lang='lat' dir='ltr'><strong>Per</strong></span> <span class='ocrx_word' id='word_1_305' title='bbox 2019 3846 2083 3911; x_wconf 84' lang='lat' dir='ltr'><strong>la</strong></span> <span class='ocrx_word' id='word_1_306' title='bbox 2131 3847 2441 3914; x_wconf 82' lang='lat' dir='ltr'><strong>clavelata</strong></span> <span class='ocrx_word' id='word_1_307' title='bbox 2485 3847 2555 3912; x_wconf 79' lang='lat' dir='ltr'><strong>di</strong></span> <span class='ocrx_word' id='word_1_308' title='bbox 2592 3846 2746 3929; x_wconf 80' lang='lat' dir='ltr'><strong>Dio,</strong></span> <span class='ocrx_word' id='word_1_309' title='bbox 2793 3847 2945 3913; x_wconf 81' lang='lat' dir='ltr'><em>Ro·-</em></span> 
     </span>
     <span class='ocr_line' id='line_1_37' title="bbox 612 3942 2932 4029; baseline 0.002 -22"><span class='ocrx_word' id='word_1_310' title='bbox 612 3962 807 4008; x_wconf 87' lang='lat' dir='ltr'><strong>mano</strong></span> <span class='ocrx_word' id='word_1_311' title='bbox 852 3942 912 4007; x_wconf 79' lang='lat' dir='ltr'><strong>lo</strong></span> <span class='ocrx_word' id='word_1_312' title='bbox 957 3942 1212 4008; x_wconf 74' lang='lat' dir='ltr'><strong>volema.</strong></span> <span class='ocrx_word' id='word_1_313' title='bbox 1306 3942 1397 4007; x_wconf 90' lang='lat' dir='ltr'><strong>Ut</strong></span> <span class='ocrx_word' id='word_1_314' title='bbox 1458 3950 1726 4008; x_wconf 88' lang='lat' dir='ltr'><strong>mortem</strong></span> <span class='ocrx_word' id='word_1_315' title='bbox 1786 3946 2147 4029; x_wconf 87' lang='lat' dir='ltr'><strong>effugerent</strong></span> <span class='ocrx_word' id='word_1_316' title='bbox 2201 3948 2562 4024; x_wconf 86' lang='lat' dir='ltr'><strong>finxerunt,</strong></span> <span class='ocrx_word' id='word_1_317' title='bbox 2619 3946 2932 4011; x_wconf 85' lang='lat' dir='ltr'><strong>Cardina—</strong></span> 
     </span>
     <span class='ocr_line' id='line_1_38' title="bbox 612 4039 2944 4120; baseline 0.001 -15"><span class='ocrx_word' id='word_1_318' title='bbox 612 4042 738 4105; x_wconf 92' lang='lat' dir='ltr'><strong>lem</strong></span> <span class='ocrx_word' id='word_1_319' title='bbox 787 4039 853 4105; x_wconf 87' lang='lat' dir='ltr'><strong>S.</strong></span> <span class='ocrx_word' id='word_1_320' title='bbox 901 4039 1084 4105; x_wconf 89' lang='lat' dir='ltr'><strong>Petri</strong></span> <span class='ocrx_word' id='word_1_321' title='bbox 1131 4064 1265 4106; x_wconf 88' lang='lat' dir='ltr'><strong>esse</strong></span> <span class='ocrx_word' id='word_1_322' title='bbox 1307 4042 1606 4117; x_wconf 89' lang='lat' dir='ltr'><strong>electum,</strong></span> <span class='ocrx_word' id='word_1_323' title='bbox 1666 4047 1733 4104; x_wconf 90' lang='lat' dir='ltr'><strong>et</strong></span> <span class='ocrx_word' id='word_1_324' title='bbox 1779 4041 1930 4105; x_wconf 92' lang='lat' dir='ltr'><strong>dum</strong></span> <span class='ocrx_word' id='word_1_325' title='bbox 1976 4044 2340 4108; x_wconf 84' lang='lat' dir='ltr'><strong>reverentia</strong></span> <span class='ocrx_word' id='word_1_326' title='bbox 2387 4045 2441 4108; x_wconf 90' lang='lat' dir='ltr'><strong>ei</strong></span> <span class='ocrx_word' id='word_1_327' title='bbox 2490 4043 2944 4120; x_wconf 42' lang='lat' dir='ltr'><strong>exhiberetur,</strong></span> 
     </span>
     <span class='ocr_line' id='line_1_39' title="bbox 610 4135 2943 4221; baseline 0.001 -20"><span class='ocrx_word' id='word_1_328' title='bbox 610 4137 841 4221; x_wconf 84' lang='lat' dir='ltr'><strong>reliqui</strong></span> <span class='ocrx_word' id='word_1_329' title='bbox 881 4138 1201 4221; x_wconf 89' lang='lat' dir='ltr'><strong>abierunt,</strong></span> <span class='ocrx_word' id='word_1_330' title='bbox 1252 4142 1317 4202; x_wconf 87' lang='lat' dir='ltr'><strong>et</strong></span> <span class='ocrx_word' id='word_1_331' title='bbox 1348 4136 1434 4200; x_wconf 82' lang='lat' dir='ltr'><strong>ad</strong></span> <span class='ocrx_word' id='word_1_332' title='bbox 1469 4135 1686 4201; x_wconf 82' lang='lat' dir='ltr'><strong>domos</strong></span> <span class='ocrx_word' id='word_1_333' title='bbox 1721 4135 2038 4220; x_wconf 81' lang='lat' dir='ltr'><strong>proprias</strong></span> <span class='ocrx_word' id='word_1_334' title='bbox 2075 4142 2152 4204; x_wconf 82' lang='lat' dir='ltr'><strong>ut</strong></span> <span class='ocrx_word' id='word_1_335' title='bbox 2186 4137 2556 4220; x_wconf 79' lang='lat' dir='ltr'><strong>plurimum</strong></span> <span class='ocrx_word' id='word_1_336' title='bbox 2587 4139 2729 4204; x_wconf 83' lang='lat' dir='ltr'><strong>sine</strong></span> <span class='ocrx_word' id='word_1_337' title='bbox 2773 4158 2943 4221; x_wconf 88' lang='lat' dir='ltr'><strong>cap—-</strong></span> 
     </span>
    </p>
   </div>
  </div>
 </body>
</html>
