3281 5014
1053 488 1137 543 De
1171 488 1324 543 lucta
1359 488 1625 543 Ludovici
1662 486 1885 541 Bavari.
2530 491 2636 543 189

320 651 516 713 quum
565 649 841 715 regnum
894 628 1124 695 Italiae
1183 630 1358 695 aliud
1416 635 1586 696 esset
1630 651 1669 693 a
1722 646 1923 711 regno
1973 627 2384 709 Germaniae,
2443 631 2633 696 aliter

318 747 459 789 sese
530 747 636 791 res
702 725 937 790 ibidem
1009 725 1307 791 habebat.
1431 726 1532 790 Ex
1594 727 1739 810 jure
1807 723 2101 789 videlicet
2168 727 2633 791 consuetudine

315 823 600 901 firmat0,
665 821 959 887 Romano
1025 821 1324 888 Pontifici
1382 821 1824 898 incumbebat,
1893 828 1969 884 ut
2023 821 2268 904 jurium
2331 823 2630 907 imperia·

317 919 476 983 lium
538 925 828 1003 tempore
896 919 1248 984 vacationis
1313 940 1533 984 curam
1596 919 1867 983 haberet
1931 920 1996 980 et
2037 917 2362 983 Vicarium
2426 920 2630 1003 Impe-

315 1015 395 1080 rii
448 1017 894 1082 constitueret.
1000 1014 1216 1099 Atque
1267 1017 1362 1080 ita
1417 1037 1517 1080 res
1573 1014 2049 1098 sapientissime
2104 1015 2403 1081 ordinata
2462 1020 2633 1096 erat3

314 1132 503 1177 nemo
574 1112 745 1177 enim
816 1111 1049 1176 melius
1116 1132 1304 1196 quam
1372 1111 1706 1177 Romanus
1766 1109 2075 1175 Pontifex
2140 1119 2366 1177 contra
2429 1112 2632 1196 dyna-

314 1212 449 1272 stas
515 1208 584 1271 in
643 1207 837 1272 Italia
899 1208 1207 1272 continuo
1272 1208 1678 1293 insurgentes
1736 1210 1887 1293 jura
1947 1207 2304 1291 imperialia
2370 1231 2631 1274 conser-

314 1326 465 1368 vare
526 1307 805 1387 poterat.
921 1304 1213 1369 Vicarius
1283 1308 1497 1370 autem
1564 1306 1646 1370 ab
1709 1304 1848 1387 ipso
1912 1305 2335 1385 constitutus,
2404 1306 2626 1370 statim

314 1422 387 1464 ac
432 1422 634 1465 novus
672 1400 1033 1484 Imperator
1078 1404 1421 1466 coronatus
1469 1406 1635 1480 erat,
1701 1422 1880 1466 suam
1927 1401 2291 1485 deponebat
2348 1401 2633 1485 dignita-

314 1506 448 1574 tem
496 1503 563 1561 et
611 1500 1016 1580 potestatem.

491 1627 849 1694 Robertum
882 1652 921 1693 a
948 1628 1282 1694 Clemente
1311 1627 1384 1693 V.
1420 1629 1838 1693 constitutum
1874 1630 2067 1692 etiam
2101 1629 2142 1694 J
2145 1650 2389 1694 oannes
2415 1628 2653 1695 XXII.-

313 1725 746 1803 confirmavit,
812 1731 881 1790 et
944 1730 1169 1790 contra
1234 1725 1543 1810 quosdam
1606 1722 1911 1807 dynastas
1973 1724 2082 1808 qui
2145 1745 2213 1789 se
2273 1725 2443 1808 ipsos
2497 1725 2628 1790 Im-

313 1822 472 1905 perii
503 1820 794 1886 Vicarios
840 1822 1287 1906 appellabant,
1347 1822 1483 1906 ejus
1527 1822 1980 1885 auctoritatem
2039 1822 2245 1885 tuitus
2289 1826 2404 1885 est.
2498 1822 2624 1886 Lu·

314 1918 573 1994 dovicus
622 1924 837 1983 autem
883 1917 1217 1984 Pontificis
1268 1920 1416 2003 jura
1455 1917 1606 1982 inde
1664 1917 1743 1982 ab
1795 1917 1982 1982 initio
2028 1916 2325 2002 violavit3
2385 1906 2678 1983 etenim

305 2016 442 2099 jam
507 2036 563 2078 a.
628 2015 792 2079 1315
860 2014 1054 2102 alium
1126 2015 1466 2080 constituit
1510 2012 1839 2108 Vicarium
1907 2014 2305 2097 imperialem
2371 2014 2624 2100 Italiae,

310 2110 603 2176 videlicet-
658 2095 979 2176 Joannem
1036 2111 1111 2175 de
1149 2107 1597 2175 Bellomonte.
1656 2101 1895 2173 Simul
1950 2101 2216 2174 titulum
2272 2111 2442 2193 regis
2494 2110 2623 2176 Ro·

310 2228 648 2272 manorum
694 2207 817 2271 sibi
866 2207 1231 2284 vindicavit,
1286 2208 1576 2291 quamvis
1623 2210 1778 2270 ante
1823 2205 2204 2289 diremptam
2254 2207 2429 2271 litem
2477 2212 2627 2272 tan-

310 2309 451 2369 tum
493 2300 727 2366 electus
771 2322 892 2367 rex
936 2304 1058 2368 dici
1103 2310 1334 2388 posset.
1407 2302 1739 2387 Ejusmodi
1784 2324 1940 2367 sane
1986 2304 2220 2387 agendi
2264 2305 2449 2386 ratio,
2497 2326 2626 2388 qua

311 2399 673 2465 Ludovicus
718 2399 1054 2485 illegitime
1099 2399 1359 2484 Imperii
1399 2401 1546 2484 jura
1595 2398 1968 2482 usurpabat,
2022 2397 2347 2464 Joannem
2393 2401 2624 2464 merito

309 2496 606 2572 offendit;
670 2501 735 2561 et
788 2497 1031 2582 injuste
1085 2496 1278 2581 plane
1333 2496 1436 2562 hic
1480 2493 1787 2560 Pontifex
1844 2500 2207 2573 accusatur,
2270 2518 2343 2561 ac
2387 2496 2440 2562 si
2485 2499 2622 2581 ipse

309 2594 549 2659 dissidii
598 2614 742 2657 cum
795 2593 1111 2658 Ludovico
1157 2610 1410 2659 causam
1460 2592 1737 2657 dedisset
1781 2594 2072 2676 primam.

483 2743 589 2806 44.
647 2740 731 2806 In
780 2741 1130 2808 Germania
1183 2742 1433 2806 interea
1487 2739 1848 2805 Ludovicus
1903 2745 1969 2805 et
2028 2740 2420 2820 Fridericus,
2477 2764 2617 2806 cum
2692 2774 2832 2816 Laeta
2857 2775 2903 2816 ἡ,

308 2838 605 2904 Romano
675 2838 972 2904 Pontifici
1043 2838 1541 2904 controversiam
1611 2837 2033 2902 dirimendam
2113 2840 2472 2923 aequitate,
2548 2842 2623 2902 ut
2677 2835 2926 2879 Gssrmanifl·

308 2958 426 3019 par
470 2941 641 3013 erat,
706 2936 1104 3001 committere
1157 2934 1625 3011 detrectarent,
1687 2933 1766 2998 de
1808 2934 2084 3018 Imperio
2148 2939 2474 3000 certantes
2521 2936 2622 2999 in·

308 3032 592 3097 credibili
641 3031 1001 3096 animorum
1048 3030 1272 3096 ardore
1315 3029 1616 3095 adversas
1654 3030 1822 3095 acies
1872 3033 2340 3095 commiserunt.
2417 3030 2624 3097 Facta

308 3133 408 3193 est
450 3128 705 3193 demum
761 3153 817 3192 a.
872 3129 1038 3194 1322
1096 3127 1197 3191 die
1247 3122 1361 3191 28ο
1405 3124 1802 3210 Septembris
1859 3148 2073 3211 pugna
2127 3132 2398 3193 cruenta
2453 3127 2621 3211 apud

305 3225 607 3336 oppidum
656 3224 993 3307 Miihldorf
1033 3224 1113 3289 ad
1161 3222 1442 3298 Ocnum,
1500 3245 1575 3287 ac
1631 3227 1818 3306 parta
1873 3245 1910 3286 a
1958 3222 2279 3289 Ludovico
2335 3224 2622 3301 victoria,

306 3324 489 3406 cujus
552 3322 759 3405 gloria
818 3297 1142 3385 Friderico
1213 3323 1279 3384 et
1340 3320 1622 3384 Henrico
1690 3318 1996 3384 fratribus
2059 3321 2407 3404 multisque
2479 3323 2622 3386 aliis

306 3418 628 3483 nobilibus
674 3418 880 3501 captis
920 3420 1115 3481 aucta
1160 3420 1276 3481 est.
1371 3415 1732 3480 Fridericus
1778 3417 2181 3500 mancipatus
2227 3418 2351 3482 fuit
2397 3419 2622 3482 arctis-

305 3515 505 3579 simae
576 3513 901 3579 custodiae
966 3514 1035 3578 in
1113 3534 1256 3577 arce
1329 3512 1429 3577 cui
1497 3533 1735 3576 nornen
1803 3511 2178 3591 Trausnitz,
2256 3513 2622 3598 ibidemque

307 3610 587 3675 triennio
633 3610 950 3675 detentus.
1021 3608 1384 3674 Ludovicus
1413 3607 1697 3674 Bavarus
1743 3609 1965 3688 victor,
2014 3616 2201 3694 parto
2246 3610 2323 3676 de
2369 3612 2620 3675 aemulo

307 3706 660 3791 triumph0‚
703 3705 1088 3772 Pontificem
1133 3727 1282 3771 mox
1330 3705 1666 3771 certiorem
1716 3705 1889 3771 fecit.
1980 3705 2290 3784 Joannes,
2336 3708 2438 3772 cui
2488 3706 2623 3771 Fri·

307 3803 554 3869 dericus
628 3803 1006 3867 Austriacus
1074 3803 1315 3886 pariter
1382 3824 1608 3885 parum
1677 3802 2130 3887 obsequiosum
2197 3826 2337 3868 sese
2401 3811 2620 3870 osten-

307 3901 518 3976 derat,
591 3899 840 3964 Bavaro
911 3899 1115 3963 amica
1185 3904 1250 3963 et
1312 3897 1616 3983 prudenti
1683 3898 1957 3982 epistola
2017 3899 2425 3983 respondit&
2493 3924 2624 3985 qua

492 4134 531 4199 ¹)
568 4133 846 4188 Immerito
897 4135 1098 4190 asserit
1133 4133 1472 4202 Damberger
1506 4133 1572 4186 V.
1614 4134 1697 4187 13.
1744 4149 1795 4201 p.
1835 4135 1955 4202 590,
2002 4150 2234 4202 eousque
2274 4151 2307 4190 a
2342 4135 2623 4193 Ludovico

305 4212 446 4267 nihil
480 4213 689 4266 factum
727 4229 880 4280 esse,
928 4214 1070 4282 quod
1105 4213 1142 4267 J
1145 4228 1345 4268 oannes
1391 4227 1557 4280 aegre
1592 4211 1741 4267 ferre
1778 4213 2048 4281 potuerit,
2099 4220 2262 4283 atque
2300 4214 2620 4271 Pontificem
