3281 5014
586 402 690 453 364
866 397 1089 451 XXXV.
1127 398 1210 452 De
1249 397 1451 451 Concil.
1489 397 1796 450 Basileensi
1836 414 1898 450 ac
1937 397 2002 451 de
2041 397 2254 464 Synodo
2292 396 2626 450 Florentina.

442 534 489 617 {y
587 540 895 605 decennio
955 561 992 601 a
1042 539 1376 615 pontifice,
1443 548 1526 615 et,
1582 540 1633 602 si
1695 540 1747 603 is
1808 539 2144 623 negligens
2202 541 2462 613 existat,
2521 560 2557 601 a
2604 537 2905 602 Cardina-

432 643 467 693 l
589 638 759 700 libus
820 657 956 700 esse
999 634 1552 719 congregandum3
1611 635 1944 699 convocati
2002 634 2267 700 Concilii
2325 637 2536 700 locum
2594 656 2630 697 a
2678 633 2905 698 Ponti·

589 736 704 798 fiee
753 733 888 797 sine
936 733 1318 796 necessitate
1365 734 1599 796 mutari
1648 753 1778 795 non
1826 753 2029 815 posse,
2088 731 2470 796 Basileensis
2520 731 2787 796 Concilii
2839 735 2902 794 et

591 830 988 894 decretorum
1046 830 1181 912 ejus
1235 829 1685 893 auctoritatem
1751 849 1886 891 esse
1938 837 2340 910 perpetuam,
2399 850 2601 913 eaque
2657 849 2778 891 nec
2824 827 2904 891 ab

590 927 729 1009 ipso
763 924 1074 989 Pontifice
1121 946 1304 1007 posse
1349 924 1493 990 tolli
1535 933 1648 988 aut
1690 925 2030 999 infirmari;
2080 924 2365 990 Concilio
2411 925 2699 1010 generali
2737 926 2906 1008 ejus-

592 1045 714 1107 que
759 1021 1240 1086 definitionibus
1285 1026 1352 1085 et
1397 1022 1666 1086 decretis
1714 1022 1968 1086 obedire
2014 1021 2241 1085 debere
2283 1024 2492 1105 ipsum
2545 1021 2903 1085 Romanum

593 1119 993 1199 Pontificem,
1054 1122 1374 1201 quatenus
1441 1119 1594 1183 fides
1644 1122 1711 1181 et
1772 1117 2169 1200 explodenda
2225 1118 2639 1183 schismatum
2683 1117 2907 1182 seditio

593 1217 957 1299 postulant3
1018 1215 1326 1279 beneficia
1384 1237 1522 1279 esse
1579 1214 1967 1279 conferenda
2023 1215 2103 1279 ab
2163 1215 2240 1280 iis
2297 1215 2372 1279 ad
2438 1237 2597 1300 quos
2643 1214 2722 1278 de
2759 1216 2909 1298 jure

594 1312 916 1395 pertinet:
968 1312 1372 1394 episcopatus
1419 1312 1624 1376 aliave
1667 1312 1979 1376 beneficia
2025 1334 2156 1375 non
2215 1313 2486 1396 amplius
2528 1310 2911 1376 reservanda

461 1393 494 1431 Ψ
595 1431 634 1472 a
680 1407 972 1473 Romano
1008 1407 1348 1493 Pontifice3
1397 1412 1674 1472 annatas
1722 1413 1788 1471 et
1831 1408 2298 1492 exspectativas
2345 1429 2481 1472 esse
2526 1407 2909 1486 abolendas3

597 1527 635 1568 a
672 1504 993 1590 judicibus
1038 1505 1107 1569 in
1155 1505 1294 1569 loco
1341 1506 1713 1570 constitutis
1760 1508 1825 1568 et
1885 1505 1955 1567 in
2011 1505 2551 1587 appellationibus
2601 1504 2910 1568 Romanis

597 1601 979 1667 servandum
1026 1602 1384 1686 legitimum
1431 1602 1888 1666 instantiarum
1936 1600 2258 1680 ordinem,
2315 1603 2411 1666 ita
2454 1606 2531 1666 ut
2570 1623 2798 1666 causae
2840 1602 2909 1664 in

597 1699 826 1764 ultima
883 1700 1138 1763 demum
1199 1699 1521 1763 instantia
1577 1697 1659 1762 ad
1720 1696 2092 1762 Pontificem
2149 1698 2426 1777 delatae,
2489 1721 2620 1763 non
2670 1698 2912 1762 Romae

453 1797 516 1895 fh
596 1795 1051 1880 dijudicentur,
1096 1794 1205 1859 sed
1250 1794 1631 1880 delegentur
1670 1795 1994 1878 judicibus
2050 1795 2508 1860 nationalibus.
2563 1832 2648 1841 --
2696 1793 2913 1875 Vides,

453 1900 505 2019 >4
600 1893 793 1957 etiam
842 1893 912 1955 in
960 1890 1170 1956 Gallia
1211 1890 1678 1956 Basileensium
1738 1891 2115 1956 seditionem
2171 1891 2500 1956 nefastum
2559 1893 2915 1956 exercuisse

602 1989 935 2053 influxum.

315 2102 490 2153 Reice-ta
519 2110 560 2168 a,
781 2086 885 2149 30.·
955 2086 1164 2161 Quum
1211 2086 1277 2149 in
1325 2085 1446 2149 hac
1494 2083 1843 2149 Sanctione
1888 2087 2286 2169 pragmatica
2338 2086 2524 2169 plura
2573 2086 2917 2149 constitue-

266 2164 319 2204 Β·
349 2161 581 2265 {ibfiffn‘
604 2186 852 2259 rentur,
909 2204 1072 2266 quae
1118 2204 1251 2246 non
1298 2187 1484 2246 erant
1530 2181 1606 2246 de
1639 2183 1786 2265 jure
1831 2180 2069 2265 Synodi
2130 2182 2533 2264 particularis
2581 2202 2791 2264 neque
2838 2181 2918 2243 de

596 2282 745 2363 jure
795 2279 1102 2362 principis
1159 2280 1500 2343 saecularis
1556 2283 1671 2341 aut
1727 2299 2060 2361 procerum
2121 2279 2459 2354 laicorum;
2521 2300 2664 2342 cum
2723 2279 2916 2341 etiam

600 2376 670 2440 in
730 2376 842 2440 illa
903 2376 1297 2440 haberentur
1353 2397 1526 2459 ,quae
1580 2374 1890 2458 dignitati
1954 2380 2148 2458 atque
2214 2374 2584 2440 auctoritati
2647 2374 2919 2457 Aposto-

599 2472 758 2538 licae
807 2472 983 2537 Sedis
1037 2480 1225 2537 erant
1279 2474 1601 2558 opposita,
1669 2471 1999 2557 Eugenius
2046 2471 2141 2536 IV
2190 2473 2339 2557 jure
2393 2472 2625 2537 merito
2682 2471 2758 2535 de
2803 2470 2917 2535 illa

602 2568 950 2636 Sanctione
995 2575 1276 2655 QOQ„
1291 2575 1422 2658 ⁸est,
1473 2577 1539 2633 et
1583 2565 1928 2653 regEffi*“*ad
1969 2591 2110 2636 eam
2158 2570 2536 2635 abolendam
2587 2569 2913 2632 excitavit.

600 2670 726 2735 Sed
780 2689 898 2732 nec
955 2668 1093 2751 ipse
1152 2689 1269 2731 nec
1328 2688 1721 2731 successores
1778 2667 1916 2750 ejus
1971 2666 2140 2749 apud
2186 2666 2481 2731 Carolum
2515 2665 2661 2730 VH.
2718 2664 2913 2729 aboli-

599 2770 844 2832 tionem
903 2765 1349 2830 obtinuerunt.
1409 2798 1495 2808 --
1552 2762 1748 2827 Anno
1798 2763 1961 2826 1461
2024 2764 2183 2828 obiit
2230 2762 2497 2827 Carolus
2527 2761 2674 2825 VH.
2732 2763 2917 2845 eique

600 2862 899 2928 successit
942 2860 1303 2924 Ludovicus
1348 2858 1462 2923 XI.
1561 2858 1687 2923 Hic
1743 2861 2037 2943 princeps
2095 2860 2453 2943 praefatam
2500 2857 2917 2924 Sanctionem

601 2965 933 3042 tamquam
997 2956 1297 3020 Pontifici
1357 2959 1422 3018 et
1485 2954 1898 3038 Apostolicae
1956 2954 2103 3020 Sedi
2177 2956 2500 3020 infensam
2565 2960 2632 3019 et
2692 2955 2759 3017 in
2820 2975 2918 3016 se·

604 3056 848 3121 ditione
918 3075 991 3117 ac
1057 3051 1419 3116 schismatis
1489 3055 1777 3134 tempore
1847 3056 2066 3117 natam
2135 3052 2434 3118 abolevit.
2535 3050 2615 3115 In
2680 3051 2919 3115 litteris

605 3152 686 3216 ad
748 3151 933 3213 Pium
988 3148 1070 3212 H.
1134 3148 1233 3213 die
1295 3145 1411 3210 27⁰
1467 3146 1850 3212 Novembris
1912 3171 1967 3212 a.
2034 3150 2194 3213 1461
2260 3150 2428 3213 datis
2490 3149 2609 3212 ait:
2680 3145 2786 3210 Ad
2845 3164 2920 3209 ea

597 3268 720 3331 per
789 3246 1004 3327 ipsum
1078 3246 1463 3328 (episcopum
1532 3244 2064 3326 Atrebatensem)
2144 3244 2291 3310 Tibi
2365 3248 2585 3309 nostro
2660 3241 2922 3307 nomine

596 3342 989 3428 pollicenda,
1061 3341 1343 3407 vovenda
1412 3346 1472 3405 et
1534 3339 1974 3422 promittenda
2044 3342 2556 3426 (abrogationem
2624 3338 2917 3405 Sanctio·

608 3441 767 3520 nis),
826 3458 946 3503 ‘nos
989 3441 1338 3520 antequam
1382 3457 1657 3519 reynum
1715 3437 2237 3520 suscepissemus,
2294 3435 2632 3520 reliyionis
2687 3434 2925 3500 instin-

609 3541 749 3602 ctus
805 3535 1072 3617 quidam
1118 3535 1513 3612 deduxerat;
1574 3554 1692 3598 nos
1746 3539 1973 3599 nostra
2019 3535 2350 3617 promissa
2395 3531 2686 3615 exsequi,
2751 3551 2920 3596 acce·

608 3634 794 3698 dente
862 3631 1282 3697 moderatrice
1345 3650 1569 3694 rerum
1637 3629 2214 3697 ecclesiasticarum
2293 3631 2436 3696 Tua
2512 3627 2922 3707 auctoritate,

610 3730 925 3795 audemus
984 3733 1044 3793 et
1102 3726 1416 3792 volumus,
1527 3726 1872 3792 Rationem
1935 3730 2149 3806 affert,
2217 3750 2447 3812 nempe
2508 3726 2678 3811 quod
2739 3726 2925 3800 sciat,

610 3827 824 3910 ipsam
884 3823 1370 3907 Praymaticam
1441 3821 1587 3887 Tibi
1657 3823 1958 3905 Puaeque
2016 3823 2169 3889 Sedi
2225 3844 2356 3888 esse
2402 3822 2760 3904 infensam,
2821 3825 2923 3885 ut·

601 3927 754 4007 pote
795 3943 959 4005 quae
1003 3921 1078 3986 in
1123 3919 1434 3986 seditione
1478 3925 1537 3983 et
1583 3919 1954 3985 schismatis
1999 3925 2307 4005 tempore,
2349 3923 2555 4002 ‘atque
2589 3938 2716 4001 per
2760 3917 2923 3983 sedi-

613 4020 850 4085 tionem
907 4016 1366 4099 seditionisque
1417 4037 1459 4080 a
1521 4020 1635 4081 tua
1695 4015 1853 4082 Sede
1909 4015 2193 4099 fiyuram
2250 4021 2413 4082 nata
2467 4013 2580 4093 sit,
2643 4018 2704 4078 et
2760 4033 2927 4096 quae

611 4117 768 4182 dum
825 4115 970 4180 Tibi
1018 4135 1059 4180 α
1102 4134 1227 4196 quo
1273 4132 1496 4178 sacrae
1543 4112 1708 4194 leyes
1754 4113 2067 4178 oriuntur
2112 4120 2172 4179 et
2217 4118 2520 4196 manant,
2579 4115 2925 4192 quantam-
