<?xml version="1.0" encoding="UTF-8"?>
<!DOCTYPE html PUBLIC "-//W3C//DTD XHTML 1.0 Transitional//EN"
    "http://www.w3.org/TR/xhtml1/DTD/xhtml1-transitional.dtd">
<html xmlns="http://www.w3.org/1999/xhtml" xml:lang="en" lang="en">
 <head>
  <title>
</title>
<meta http-equiv="Content-Type" content="text/html;charset=utf-8" />
  <meta name='ocr-system' content='tesseract 3.04.00' />
  <meta name='ocr-capabilities' content='ocr_page ocr_carea ocr_par ocr_line ocrx_word'/>
</head>
<body>
  <div class='ocr_page' id='page_1' title='image "./dissertationess05junggoog_0019.png"; bbox 0 0 3281 5014; ppageno 0'>
   <div class='ocr_carea' id='block_1_1' title="bbox 1194 446 2704 502">
    <p class='ocr_par' dir='ltr' id='par_1_1' title="bbox 1194 446 2704 502">
     <span class='ocr_line' id='line_1_1' title="bbox 1194 446 2704 502; baseline 0.001 -2"><span class='ocrx_word' id='word_1_1' title='bbox 1194 446 1409 502; x_wconf 89' lang='lat' dir='ltr'>Electio</span> <span class='ocrx_word' id='word_1_2' title='bbox 1448 447 1715 502; x_wconf 77' lang='lat' dir='ltr'><strong>Bonifatii</strong></span> <span class='ocrx_word' id='word_1_3' title='bbox 1739 448 1897 502; x_wconf 88' lang='lat' dir='ltr'>VIII.</span> <span class='ocrx_word' id='word_1_4' title='bbox 2635 450 2704 501; x_wconf 82' lang='lat'>13</span> 
     </span>
    </p>
   </div>
   <div class='ocr_carea' id='block_1_2' title="bbox 382 586 2702 1060">
    <p class='ocr_par' dir='ltr' id='par_1_2' title="bbox 382 586 2702 1060">
     <span class='ocr_line' id='line_1_2' title="bbox 382 586 2701 670; baseline -0 -17"><span class='ocrx_word' id='word_1_5' title='bbox 382 588 751 654; x_wconf 78' lang='lat' dir='ltr'>Dominum</span> <span class='ocrx_word' id='word_1_6' title='bbox 798 587 1229 654; x_wconf 73' lang='lat' dir='ltr'>Benedictum</span> <span class='ocrx_word' id='word_1_7' title='bbox 1265 588 1550 653; x_wconf 69' lang='lat' dir='ltr'>Gaetam&#39;</span> <span class='ocrx_word' id='word_1_8' title='bbox 1595 608 1718 652; x_wconf 78' lang='lat' dir='ltr'>sua</span> <span class='ocrx_word' id='word_1_9' title='bbox 1764 592 1913 653; x_wconf 75' lang='lat' dir='ltr'>vota</span> <span class='ocrx_word' id='word_1_10' title='bbox 1959 587 2261 670; x_wconf 74' lang='lat' dir='ltr'>diriyunt</span> <span class='ocrx_word' id='word_1_11' title='bbox 2307 592 2368 652; x_wconf 84' lang='lat' dir='ltr'>et</span> <span class='ocrx_word' id='word_1_12' title='bbox 2409 586 2482 653; x_wconf 72' lang='lat' dir='ltr'>in</span> <span class='ocrx_word' id='word_1_13' title='bbox 2528 607 2701 652; x_wconf 80' lang='lat' dir='ltr'>sum·</span> 
     </span>
     <span class='ocr_line' id='line_1_3' title="bbox 382 684 2701 773; baseline -0.001 -23"><span class='ocrx_word' id='word_1_14' title='bbox 382 706 563 750; x_wconf 81' lang='lat' dir='ltr'>mum</span> <span class='ocrx_word' id='word_1_15' title='bbox 619 684 999 773; x_wconf 78' lang='lat' dir='ltr'>Pontificem</span> <span class='ocrx_word' id='word_1_16' title='bbox 1055 689 1419 750; x_wconf 77' lang='lat' dir='ltr'>assumunt.</span> <span class='ocrx_word' id='word_1_17' title='bbox 1440 684 1488 766; x_wconf 90' lang='grc'>1)</span> <span class='ocrx_word' id='word_1_18' title='bbox 1593 685 1871 750; x_wconf 88' lang='lat' dir='ltr'>Jacobus</span> <span class='ocrx_word' id='word_1_19' title='bbox 1931 707 2080 750; x_wconf 87' lang='lat' dir='ltr'>vero</span> <span class='ocrx_word' id='word_1_20' title='bbox 2138 685 2323 751; x_wconf 86' lang='lat' dir='ltr'>Card.</span> <span class='ocrx_word' id='word_1_21' title='bbox 2380 687 2549 750; x_wconf 88' lang='lat' dir='ltr'>clare</span> <span class='ocrx_word' id='word_1_22' title='bbox 2602 687 2701 749; x_wconf 90' lang='lat' dir='ltr'>in-</span> 
     </span>
     <span class='ocr_line' id='line_1_4' title="bbox 384 781 2702 866; baseline -0 -21"><span class='ocrx_word' id='word_1_23' title='bbox 384 783 583 861; x_wconf 88' lang='lat' dir='ltr'>dicat,</span> <span class='ocrx_word' id='word_1_24' title='bbox 649 782 951 847; x_wconf 84' lang='lat' dir='ltr'>Oarolum</span> <span class='ocrx_word' id='word_1_25' title='bbox 1012 781 1326 866; x_wconf 87' lang='lat' dir='ltr'>ejusmodi</span> <span class='ocrx_word' id='word_1_26' title='bbox 1384 782 1699 847; x_wconf 76' lang='lat' dir='ltr'>electione</span> <span class='ocrx_word' id='word_1_27' title='bbox 1758 802 1868 864; x_wconf 90' lang='lat' dir='ltr'>spe</span> <span class='ocrx_word' id='word_1_28' title='bbox 1925 781 2309 846; x_wconf 87' lang='lat' dir='ltr'>frustratum</span> <span class='ocrx_word' id='word_1_29' title='bbox 2373 782 2581 845; x_wconf 63' lang='lat' dir='ltr'>fuisse⁴</span> <span class='ocrx_word' id='word_1_30' title='bbox 2634 792 2702 845; x_wconf 87' lang='lat' dir='ltr'>et</span> 
     </span>
     <span class='ocr_line' id='line_1_5' title="bbox 384 877 2701 954; baseline -0.001 -11"><span class='ocrx_word' id='word_1_31' title='bbox 384 879 522 944; x_wconf 92' lang='lat' dir='ltr'>Deo</span> <span class='ocrx_word' id='word_1_32' title='bbox 586 879 936 943; x_wconf 73' lang='lat' dir='ltr'>miserante</span> <span class='ocrx_word' id='word_1_33' title='bbox 1004 878 1068 943; x_wconf 93' lang='lat' dir='ltr'>id</span> <span class='ocrx_word' id='word_1_34' title='bbox 1127 878 1368 942; x_wconf 86' lang='lat' dir='ltr'>factum</span> <span class='ocrx_word' id='word_1_35' title='bbox 1444 900 1608 954; x_wconf 78' lang='lat' dir='ltr'>esse3</span> <span class='ocrx_word' id='word_1_36' title='bbox 1680 878 1921 943; x_wconf 82' lang='lat' dir='ltr'>acerbis</span> <span class='ocrx_word' id='word_1_37' title='bbox 1984 877 2196 942; x_wconf 90' lang='lat' dir='ltr'>verbis</span> <span class='ocrx_word' id='word_1_38' title='bbox 2256 879 2402 942; x_wconf 90' lang='lat' dir='ltr'>dein</span> <span class='ocrx_word' id='word_1_39' title='bbox 2469 878 2701 942; x_wconf 88' lang='lat' dir='ltr'>merito</span> 
     </span>
     <span class='ocr_line' id='line_1_6' title="bbox 384 971 2700 1060; baseline -0.001 -20"><span class='ocrx_word' id='word_1_40' title='bbox 384 976 650 1060; x_wconf 85' lang='lat' dir='ltr'>sugillat</span> <span class='ocrx_word' id='word_1_41' title='bbox 703 996 921 1058; x_wconf 86' lang='lat' dir='ltr'>regem</span> <span class='ocrx_word' id='word_1_42' title='bbox 939 1024 955 1053; x_wconf 94' lang='lat'>,</span> <span class='ocrx_word' id='word_1_43' title='bbox 1014 975 1125 1058; x_wconf 91' lang='lat' dir='ltr'>qui</span> <span class='ocrx_word' id='word_1_44' title='bbox 1181 974 1546 1039; x_wconf 88' lang='lat' dir='ltr'>libertatem</span> <span class='ocrx_word' id='word_1_45' title='bbox 1604 973 1929 1039; x_wconf 80' lang='lat' dir='ltr'>Ecclesiae</span> <span class='ocrx_word' id='word_1_46' title='bbox 1981 978 2303 1039; x_wconf 88' lang='lat' dir='ltr'>coarctare</span> <span class='ocrx_word' id='word_1_47' title='bbox 2347 971 2700 1056; x_wconf 74' lang='lat' dir='ltr'>voluerit.²)</span> 
     </span>
    </p>
   </div>
   <div class='ocr_carea' id='block_1_3' title="bbox 368 1113 2704 2261">
    <p class='ocr_par' dir='ltr' id='par_1_3' title="bbox 368 1113 2704 2261">
     <span class='ocr_line' id='line_1_7' title="bbox 561 1113 2700 1198; baseline 0 -19"><span class='ocrx_word' id='word_1_48' title='bbox 561 1115 744 1180; x_wconf 88' lang='lat' dir='ltr'>Haec</span> <span class='ocrx_word' id='word_1_49' title='bbox 796 1135 953 1177; x_wconf 91' lang='lat' dir='ltr'>sane</span> <span class='ocrx_word' id='word_1_50' title='bbox 1011 1114 1285 1178; x_wconf 88' lang='lat' dir='ltr'>scribere</span> <span class='ocrx_word' id='word_1_51' title='bbox 1343 1136 1474 1179; x_wconf 91' lang='lat' dir='ltr'>non</span> <span class='ocrx_word' id='word_1_52' title='bbox 1525 1116 1867 1198; x_wconf 86' lang='lat' dir='ltr'>potuisset,</span> <span class='ocrx_word' id='word_1_53' title='bbox 1928 1114 1980 1179; x_wconf 89' lang='lat' dir='ltr'>si</span> <span class='ocrx_word' id='word_1_54' title='bbox 2028 1113 2398 1180; x_wconf 76' lang='lat' dir='ltr'><strong>Bonifatius</strong></span> <span class='ocrx_word' id='word_1_55' title='bbox 2453 1115 2537 1180; x_wconf 91' lang='lat' dir='ltr'>ob</span> <span class='ocrx_word' id='word_1_56' title='bbox 2593 1137 2700 1197; x_wconf 90' lang='lat' dir='ltr'>pa-</span> 
     </span>
     <span class='ocr_line' id='line_1_8' title="bbox 386 1210 2702 1294; baseline -0 -17"><span class='ocrx_word' id='word_1_57' title='bbox 386 1218 564 1278; x_wconf 90' lang='lat' dir='ltr'>ctum</span> <span class='ocrx_word' id='word_1_58' title='bbox 618 1211 1036 1275; x_wconf 86' lang='lat' dir='ltr'>simoniacum</span> <span class='ocrx_word' id='word_1_59' title='bbox 1100 1233 1214 1294; x_wconf 89' lang='lat' dir='ltr'>per</span> <span class='ocrx_word' id='word_1_60' title='bbox 1274 1211 1557 1289; x_wconf 87' lang='lat' dir='ltr'>favorem</span> <span class='ocrx_word' id='word_1_61' title='bbox 1619 1212 1832 1276; x_wconf 88' lang='lat' dir='ltr'>Caroli</span> <span class='ocrx_word' id='word_1_62' title='bbox 1884 1210 2185 1275; x_wconf 83' lang='lat' dir='ltr'>Pontifex</span> <span class='ocrx_word' id='word_1_63' title='bbox 2247 1213 2486 1277; x_wconf 89' lang='lat' dir='ltr'>electus</span> <span class='ocrx_word' id='word_1_64' title='bbox 2544 1213 2702 1277; x_wconf 87' lang='lat' dir='ltr'>fuis-</span> 
     </span>
     <span class='ocr_line' id='line_1_9' title="bbox 368 1298 2704 1392; baseline 0.001 -20"><span class='ocrx_word' id='word_1_65' title='bbox 368 1313 515 1390; x_wconf 86' lang='lat' dir='ltr'>set,</span> <span class='ocrx_word' id='word_1_66' title='bbox 567 1309 667 1372; x_wconf 91' lang='lat' dir='ltr'>vel</span> <span class='ocrx_word' id='word_1_67' title='bbox 714 1308 767 1372; x_wconf 93' lang='lat' dir='ltr'>si</span> <span class='ocrx_word' id='word_1_68' title='bbox 813 1308 968 1371; x_wconf 88' lang='lat' dir='ltr'>talis</span> <span class='ocrx_word' id='word_1_69' title='bbox 1026 1308 1243 1392; x_wconf 91' lang='lat' dir='ltr'>opinio</span> <span class='ocrx_word' id='word_1_70' title='bbox 1294 1307 1463 1391; x_wconf 87' lang='lat' dir='ltr'>apud</span> <span class='ocrx_word' id='word_1_71' title='bbox 1509 1307 1805 1373; x_wconf 88' lang='lat' dir='ltr'>homines</span> <span class='ocrx_word' id='word_1_72' title='bbox 1857 1308 2147 1373; x_wconf 84' lang='lat' dir='ltr'>cordatos</span> <span class='ocrx_word' id='word_1_73' title='bbox 2194 1310 2571 1375; x_wconf 76' lang='lat' dir='ltr'>exstitisset.</span> <span class='ocrx_word' id='word_1_74' title='bbox 2613 1298 2704 1356; x_wconf 23' lang='lat'>¹-</span> 
     </span>
     <span class='ocr_line' id='line_1_10' title="bbox 385 1403 2703 1489; baseline 0 -19"><span class='ocrx_word' id='word_1_75' title='bbox 385 1405 525 1471; x_wconf 89' lang='lat' dir='ltr'>Imo</span> <span class='ocrx_word' id='word_1_76' title='bbox 579 1406 707 1489; x_wconf 88' lang='lat' dir='ltr'>ipsi</span> <span class='ocrx_word' id='word_1_77' title='bbox 769 1403 1263 1481; x_wconf 76' lang='lat' dir='ltr'>ColumnenseS,</span> <span class='ocrx_word' id='word_1_78' title='bbox 1334 1411 1559 1488; x_wconf 88' lang='lat' dir='ltr'>postea</span> <span class='ocrx_word' id='word_1_79' title='bbox 1622 1404 1970 1470; x_wconf 85' lang='lat' dir='ltr'>adversarii</span> <span class='ocrx_word' id='word_1_80' title='bbox 2033 1406 2450 1470; x_wconf 88' lang='lat' dir='ltr'>infensissimi</span> <span class='ocrx_word' id='word_1_81' title='bbox 2507 1405 2703 1471; x_wconf 92' lang='lat' dir='ltr'>Boni-</span> 
     </span>
     <span class='ocr_line' id='line_1_11' title="bbox 382 1500 2701 1585; baseline 0 -18"><span class='ocrx_word' id='word_1_82' title='bbox 382 1502 561 1579; x_wconf 89' lang='lat' dir='ltr'>fatii,</span> <span class='ocrx_word' id='word_1_83' title='bbox 617 1501 876 1585; x_wconf 89' lang='lat' dir='ltr'>quando</span> <span class='ocrx_word' id='word_1_84' title='bbox 922 1501 1139 1564; x_wconf 91' lang='lat' dir='ltr'>libello</span> <span class='ocrx_word' id='word_1_85' title='bbox 1186 1500 1354 1565; x_wconf 91' lang='lat' dir='ltr'>edito</span> <span class='ocrx_word' id='word_1_86' title='bbox 1401 1501 1799 1567; x_wconf 82' lang='lat' dir='ltr'>validitatem</span> <span class='ocrx_word' id='word_1_87' title='bbox 1850 1502 2182 1567; x_wconf 86' lang='lat' dir='ltr'>electionis</span> <span class='ocrx_word' id='word_1_88' title='bbox 2222 1501 2537 1568; x_wconf 87' lang='lat' dir='ltr'>Bonifatii</span> <span class='ocrx_word' id='word_1_89' title='bbox 2584 1504 2701 1567; x_wconf 87' lang='lat' dir='ltr'>im·</span> 
     </span>
     <span class='ocr_line' id='line_1_12' title="bbox 382 1598 2703 1684; baseline 0 -21"><span class='ocrx_word' id='word_1_90' title='bbox 382 1601 870 1684; x_wconf 87' lang='lat' dir='ltr'>pugnaverunt,</span> <span class='ocrx_word' id='word_1_91' title='bbox 929 1619 1013 1661; x_wconf 92' lang='lat' dir='ltr'>ne</span> <span class='ocrx_word' id='word_1_92' title='bbox 1076 1598 1405 1663; x_wconf 85' lang='lat' dir='ltr'>minimam</span> <span class='ocrx_word' id='word_1_93' title='bbox 1462 1599 1720 1683; x_wconf 88' lang='lat' dir='ltr'>quidem</span> <span class='ocrx_word' id='word_1_94' title='bbox 1778 1598 1855 1662; x_wconf 92' lang='lat' dir='ltr'>de</span> <span class='ocrx_word' id='word_1_95' title='bbox 1913 1599 2188 1663; x_wconf 90' lang='lat' dir='ltr'>simonia</span> <span class='ocrx_word' id='word_1_96' title='bbox 2234 1600 2703 1665; x_wconf 82' lang='lat' dir='ltr'>accusationem</span> 
     </span>
     <span class='ocr_line' id='line_1_13' title="bbox 381 1693 2701 1779; baseline 0.001 -21"><span class='ocrx_word' id='word_1_97' title='bbox 381 1696 743 1779; x_wconf 85' lang='lat' dir='ltr'>proferunt,</span> <span class='ocrx_word' id='word_1_98' title='bbox 791 1695 902 1759; x_wconf 90' lang='lat' dir='ltr'>sed</span> <span class='ocrx_word' id='word_1_99' title='bbox 939 1695 1290 1758; x_wconf 85' lang='lat' dir='ltr'>invalidam</span> <span class='ocrx_word' id='word_1_100' title='bbox 1338 1695 1535 1760; x_wconf 90' lang='lat' dir='ltr'>fuisse</span> <span class='ocrx_word' id='word_1_101' title='bbox 1568 1693 1917 1769; x_wconf 88' lang='lat' dir='ltr'>Coelestini</span> <span class='ocrx_word' id='word_1_102' title='bbox 1949 1696 2500 1760; x_wconf 83' lang='lat' dir='ltr'>renuntiationem</span> <span class='ocrx_word' id='word_1_103' title='bbox 2549 1719 2701 1761; x_wconf 88' lang='lat' dir='ltr'>con·</span> 
     </span>
     <span class='ocr_line' id='line_1_14' title="bbox 383 1790 2701 1877; baseline 0 -21"><span class='ocrx_word' id='word_1_104' title='bbox 383 1792 687 1856; x_wconf 89' lang='lat' dir='ltr'>clamant.</span> <span class='ocrx_word' id='word_1_105' title='bbox 772 1791 1007 1868; x_wconf 84' lang='lat' dir='ltr'>Quodsi</span> <span class='ocrx_word' id='word_1_106' title='bbox 1054 1792 1366 1856; x_wconf 87' lang='lat' dir='ltr'>simoniae</span> <span class='ocrx_word' id='word_1_107' title='bbox 1412 1790 1815 1856; x_wconf 84' lang='lat' dir='ltr'>Bonifatium</span> <span class='ocrx_word' id='word_1_108' title='bbox 1864 1813 2160 1856; x_wconf 85' lang='lat' dir='ltr'>accusare</span> <span class='ocrx_word' id='word_1_109' title='bbox 2206 1795 2592 1877; x_wconf 87' lang='lat' dir='ltr'>potuissent,</span> <span class='ocrx_word' id='word_1_110' title='bbox 2636 1793 2701 1857; x_wconf 91' lang='lat' dir='ltr'>id</span> 
     </span>
     <span class='ocr_line' id='line_1_15' title="bbox 383 1889 2699 1972; baseline 0 -18"><span class='ocrx_word' id='word_1_111' title='bbox 383 1895 556 1954; x_wconf 89' lang='lat' dir='ltr'>certe</span> <span class='ocrx_word' id='word_1_112' title='bbox 617 1889 975 1972; x_wconf 68' lang='lat' dir='ltr'>egregium,</span> <span class='ocrx_word' id='word_1_113' title='bbox 1006 1889 1160 1972; x_wconf 89' lang='lat' dir='ltr'>ipsis</span> <span class='ocrx_word' id='word_1_114' title='bbox 1207 1893 1664 1972; x_wconf 86' lang='lat' dir='ltr'>argumentum</span> <span class='ocrx_word' id='word_1_115' title='bbox 1727 1889 1957 1954; x_wconf 88' lang='lat' dir='ltr'>fuisset</span> <span class='ocrx_word' id='word_1_116' title='bbox 2014 1890 2094 1953; x_wconf 87' lang='lat' dir='ltr'>ad</span> <span class='ocrx_word' id='word_1_117' title='bbox 2147 1889 2523 1967; x_wconf 87' lang='lat' dir='ltr'>electionem</span> <span class='ocrx_word' id='word_1_118' title='bbox 2579 1891 2699 1955; x_wconf 91' lang='lat' dir='ltr'>im-</span> 
     </span>
     <span class='ocr_line' id='line_1_16' title="bbox 385 1984 2699 2070; baseline 0.002 -21"><span class='ocrx_word' id='word_1_119' title='bbox 385 1985 824 2070; x_wconf 86' lang='lat' dir='ltr'>pugnandam.</span> <span class='ocrx_word' id='word_1_120' title='bbox 905 1984 1122 2068; x_wconf 80' lang='lat' dir='ltr'>Atque</span> <span class='ocrx_word' id='word_1_121' title='bbox 1168 1985 1266 2050; x_wconf 92' lang='lat' dir='ltr'>vel</span> <span class='ocrx_word' id='word_1_122' title='bbox 1314 1987 1502 2050; x_wconf 90' lang='lat' dir='ltr'>unice</span> <span class='ocrx_word' id='word_1_123' title='bbox 1547 1984 1667 2050; x_wconf 88' lang='lat' dir='ltr'>hoc</span> <span class='ocrx_word' id='word_1_124' title='bbox 1714 1987 2051 2050; x_wconf 88' lang='lat' dir='ltr'>silentium</span> <span class='ocrx_word' id='word_1_125' title='bbox 2095 1985 2528 2051; x_wconf 84' lang='lat' dir='ltr'>Cardinalium</span> <span class='ocrx_word' id='word_1_126' title='bbox 2578 1986 2699 2053; x_wconf 86' lang='lat' dir='ltr'>Co-</span> 
     </span>
     <span class='ocr_line' id='line_1_17' title="bbox 383 2082 2696 2169; baseline 0.001 -22"><span class='ocrx_word' id='word_1_127' title='bbox 383 2083 819 2147; x_wconf 91' lang='lat' dir='ltr'>lumnensium</span> <span class='ocrx_word' id='word_1_128' title='bbox 878 2082 1305 2166; x_wconf 87' lang='lat' dir='ltr'>peremptorie</span> <span class='ocrx_word' id='word_1_129' title='bbox 1366 2083 1636 2159; x_wconf 85' lang='lat' dir='ltr'>evincit,</span> <span class='ocrx_word' id='word_1_130' title='bbox 1695 2083 1942 2146; x_wconf 91' lang='lat' dir='ltr'>nullum</span> <span class='ocrx_word' id='word_1_131' title='bbox 2000 2083 2313 2148; x_wconf 90' lang='lat' dir='ltr'>simoniae</span> <span class='ocrx_word' id='word_1_132' title='bbox 2355 2086 2696 2169; x_wconf 88' lang='lat' dir='ltr'>vestigium</span> 
     </span>
     <span class='ocr_line' id='line_1_18' title="bbox 381 2177 2085 2261; baseline 0.001 -19"><span class='ocrx_word' id='word_1_133' title='bbox 381 2180 451 2243; x_wconf 88' lang='lat' dir='ltr'>in</span> <span class='ocrx_word' id='word_1_134' title='bbox 500 2178 812 2243; x_wconf 88' lang='lat' dir='ltr'>Bonifatii</span> <span class='ocrx_word' id='word_1_135' title='bbox 861 2177 939 2243; x_wconf 88' lang='lat' dir='ltr'>ad</span> <span class='ocrx_word' id='word_1_136' title='bbox 986 2179 1434 2261; x_wconf 81' lang='lat' dir='ltr'>pontificatum</span> <span class='ocrx_word' id='word_1_137' title='bbox 1483 2200 1739 2244; x_wconf 87' lang='lat' dir='ltr'>accessu</span> <span class='ocrx_word' id='word_1_138' title='bbox 1785 2180 2085 2244; x_wconf 87' lang='lat' dir='ltr'>adfuisse.</span> 
     </span>
    </p>
   </div>
   <div class='ocr_carea' id='block_1_4' title="bbox 377 2320 3033 3283">
    <p class='ocr_par' dir='ltr' id='par_1_4' title="bbox 377 2320 3033 3283">
     <span class='ocr_line' id='line_1_19' title="bbox 570 2320 3033 2415; baseline 0.002 -23"><span class='ocrx_word' id='word_1_139' title='bbox 570 2330 667 2394; x_wconf 88' lang='lat'>14.</span> <span class='ocrx_word' id='word_1_140' title='bbox 728 2327 896 2412; x_wconf 86' lang='lat' dir='ltr'>Regi</span> <span class='ocrx_word' id='word_1_141' title='bbox 955 2327 1217 2404; x_wconf 88' lang='lat' dir='ltr'>Carolo,</span> <span class='ocrx_word' id='word_1_142' title='bbox 1282 2320 1572 2415; x_wconf 82' lang='lat' dir='ltr'>quamvis</span> <span class='ocrx_word' id='word_1_143' title='bbox 1623 2326 1955 2393; x_wconf 88' lang='lat' dir='ltr'>Bonifatio</span> <span class='ocrx_word' id='word_1_144' title='bbox 2006 2330 2458 2396; x_wconf 87' lang='lat' dir='ltr'>reconciliatus</span> <span class='ocrx_word' id='word_1_145' title='bbox 2510 2338 2697 2414; x_wconf 91' lang='lat' dir='ltr'>esset,</span> <span class='ocrx_word' id='word_1_146' title='bbox 2718 2335 2872 2378; x_wconf 66' lang='lat'>0³¹·010</span> <span class='ocrx_word' id='word_1_147' title='bbox 2917 2335 3033 2377; x_wconf 61' lang='lat' dir='ltr'>haud</span> 
     </span>
     <span class='ocr_line' id='line_1_20' title="bbox 383 2399 2944 2510; baseline 0.004 -22"><span class='ocrx_word' id='word_1_148' title='bbox 383 2425 763 2490; x_wconf 89' lang='lat' dir='ltr'>electionem</span> <span class='ocrx_word' id='word_1_149' title='bbox 827 2430 1046 2488; x_wconf 89' lang='lat' dir='ltr'>tamen</span> <span class='ocrx_word' id='word_1_150' title='bbox 1107 2426 1243 2509; x_wconf 88' lang='lat' dir='ltr'>ejus</span> <span class='ocrx_word' id='word_1_151' title='bbox 1302 2415 1540 2509; x_wconf 28' lang='lat' dir='ltr'>parum*</span> <span class='ocrx_word' id='word_1_152' title='bbox 1586 2429 1838 2510; x_wconf 85' lang='lat' dir='ltr'>gratam</span> <span class='ocrx_word' id='word_1_153' title='bbox 1901 2425 2125 2504; x_wconf 90' lang='lat' dir='ltr'>fuisse,</span> <span class='ocrx_word' id='word_1_154' title='bbox 2185 2448 2264 2491; x_wconf 92' lang='lat' dir='ltr'>ex</span> <span class='ocrx_word' id='word_1_155' title='bbox 2322 2427 2507 2493; x_wconf 92' lang='lat' dir='ltr'>dictis</span> <span class='ocrx_word' id='word_1_156' title='bbox 2566 2433 2697 2497; x_wconf 94' lang='lat' dir='ltr'>col-</span> <span class='ocrx_word' id='word_1_157' title='bbox 2803 2399 2944 2449; x_wconf 41' lang='lat' dir='ltr'>grat&amp;</span> 
     </span>
     <span class='ocr_line' id='line_1_21' title="bbox 377 2520 2703 2613; baseline 0.003 -25"><span class='ocrx_word' id='word_1_158' title='bbox 377 2523 637 2609; x_wconf 81' lang='lat' dir='ltr'>ligitur3</span> <span class='ocrx_word' id='word_1_159' title='bbox 718 2527 990 2587; x_wconf 87' lang='lat' dir='ltr'>noverat</span> <span class='ocrx_word' id='word_1_160' title='bbox 1058 2524 1230 2585; x_wconf 91' lang='lat' dir='ltr'>enim</span> <span class='ocrx_word' id='word_1_161' title='bbox 1295 2520 1698 2587; x_wconf 88' lang='lat' dir='ltr'>Bonifatium</span> <span class='ocrx_word' id='word_1_162' title='bbox 1774 2528 1846 2587; x_wconf 89' lang='lat' dir='ltr'>ut</span> <span class='ocrx_word' id='word_1_163' title='bbox 1915 2524 2123 2589; x_wconf 85' lang='lat' dir='ltr'>virum</span> <span class='ocrx_word' id='word_1_164' title='bbox 2196 2528 2703 2613; x_wconf 87' lang='lat' dir='ltr'>magnanimum,</span> 
     </span>
     <span class='ocr_line' id='line_1_22' title="bbox 377 2617 2700 2711; baseline 0.004 -27"><span class='ocrx_word' id='word_1_165' title='bbox 377 2620 491 2706; x_wconf 91' lang='lat' dir='ltr'>qui</span> <span class='ocrx_word' id='word_1_166' title='bbox 560 2620 878 2684; x_wconf 86' lang='lat' dir='ltr'>influxum</span> <span class='ocrx_word' id='word_1_167' title='bbox 955 2619 1314 2705; x_wconf 85' lang='lat' dir='ltr'>principum</span> <span class='ocrx_word' id='word_1_168' title='bbox 1379 2617 1553 2683; x_wconf 88' lang='lat' dir='ltr'>haud</span> <span class='ocrx_word' id='word_1_169' title='bbox 1619 2618 2009 2683; x_wconf 89' lang='lat' dir='ltr'>admissurus</span> <span class='ocrx_word' id='word_1_170' title='bbox 2076 2625 2268 2687; x_wconf 89' lang='lat' dir='ltr'>esset.</span> <span class='ocrx_word' id='word_1_171' title='bbox 2376 2621 2443 2687; x_wconf 84' lang='lat' dir='ltr'>Si</span> <span class='ocrx_word' id='word_1_172' title='bbox 2506 2648 2700 2711; x_wconf 87' lang='lat' dir='ltr'>quae-</span> 
     </span>
     <span class='ocr_line' id='line_1_23' title="bbox 378 2714 2702 2809; baseline 0.002 -27"><span class='ocrx_word' id='word_1_173' title='bbox 378 2720 581 2793; x_wconf 88' lang='lat' dir='ltr'>ritur,</span> <span class='ocrx_word' id='word_1_174' title='bbox 639 2716 958 2809; x_wconf 87' lang='lat' dir='ltr'>quomodo</span> <span class='ocrx_word' id='word_1_175' title='bbox 1008 2716 1146 2780; x_wconf 89' lang='lat' dir='ltr'>fieri</span> <span class='ocrx_word' id='word_1_176' title='bbox 1198 2716 1517 2798; x_wconf 88' lang='lat' dir='ltr'>potuerit,</span> <span class='ocrx_word' id='word_1_177' title='bbox 1566 2720 1642 2778; x_wconf 88' lang='lat' dir='ltr'>ut-</span> <span class='ocrx_word' id='word_1_178' title='bbox 1688 2714 2057 2780; x_wconf 85' lang='lat' dir='ltr'>Cardinales</span> <span class='ocrx_word' id='word_1_179' title='bbox 2112 2717 2207 2781; x_wconf 93' lang='lat' dir='ltr'>illi</span> <span class='ocrx_word' id='word_1_180' title='bbox 2262 2720 2372 2802; x_wconf 90' lang='lat' dir='ltr'>qui</span> <span class='ocrx_word' id='word_1_181' title='bbox 2428 2722 2497 2786; x_wconf 90' lang='lat' dir='ltr'>in</span> <span class='ocrx_word' id='word_1_182' title='bbox 2552 2746 2702 2809; x_wconf 82' lang='lat' dir='ltr'>gra·</span> 
     </span>
     <span class='ocr_line' id='line_1_24' title="bbox 379 2812 2704 2898; baseline 0.004 -19"><span class='ocrx_word' id='word_1_183' title='bbox 379 2816 539 2879; x_wconf 89' lang='lat' dir='ltr'>tiam</span> <span class='ocrx_word' id='word_1_184' title='bbox 604 2813 816 2879; x_wconf 84' lang='lat' dir='ltr'>Caroli</span> <span class='ocrx_word' id='word_1_185' title='bbox 879 2813 1156 2898; x_wconf 91' lang='lat' dir='ltr'>promoti</span> <span class='ocrx_word' id='word_1_186' title='bbox 1219 2817 1407 2876; x_wconf 86' lang='lat' dir='ltr'>erant</span> <span class='ocrx_word' id='word_1_187' title='bbox 1468 2817 1620 2877; x_wconf 90' lang='lat' dir='ltr'>vota</span> <span class='ocrx_word' id='word_1_188' title='bbox 1682 2833 1799 2878; x_wconf 84' lang='lat' dir='ltr'>sua</span> <span class='ocrx_word' id='word_1_189' title='bbox 1863 2814 1932 2877; x_wconf 94' lang='lat' dir='ltr'>in</span> <span class='ocrx_word' id='word_1_190' title='bbox 1994 2812 2397 2881; x_wconf 90' lang='lat' dir='ltr'>Bonifatium</span> <span class='ocrx_word' id='word_1_191' title='bbox 2458 2822 2704 2887; x_wconf 89' lang='lat' dir='ltr'>confer·</span> 
     </span>
     <span class='ocr_line' id='line_1_25' title="bbox 380 2909 2702 2993; baseline 0.004 -18"><span class='ocrx_word' id='word_1_192' title='bbox 380 2917 561 2986; x_wconf 89' lang='lat' dir='ltr'>rent,</span> <span class='ocrx_word' id='word_1_193' title='bbox 639 2914 896 2993; x_wconf 90' lang='lat' dir='ltr'>praeter</span> <span class='ocrx_word' id='word_1_194' title='bbox 964 2909 1220 2973; x_wconf 90' lang='lat' dir='ltr'>divinae</span> <span class='ocrx_word' id='word_1_195' title='bbox 1290 2909 1732 2992; x_wconf 89' lang='lat' dir='ltr'>providentiae</span> <span class='ocrx_word' id='word_1_196' title='bbox 1800 2909 2282 2993; x_wconf 90' lang='lat' dir='ltr'>dispositionem</span> <span class='ocrx_word' id='word_1_197' title='bbox 2346 2913 2535 2980; x_wconf 89' lang='lat' dir='ltr'>facile</span> <span class='ocrx_word' id='word_1_198' title='bbox 2602 2942 2702 2984; x_wconf 90' lang='lat' dir='ltr'>ra-</span> 
     </span>
     <span class='ocr_line' id='line_1_26' title="bbox 380 3005 2703 3091; baseline 0.004 -19"><span class='ocrx_word' id='word_1_199' title='bbox 380 3009 594 3072; x_wconf 92' lang='lat' dir='ltr'>tiones</span> <span class='ocrx_word' id='word_1_200' title='bbox 653 3007 884 3091; x_wconf 88' lang='lat' dir='ltr'>conjici</span> <span class='ocrx_word' id='word_1_201' title='bbox 946 3012 1249 3090; x_wconf 81' lang='lat' dir='ltr'>possunt,</span> <span class='ocrx_word' id='word_1_202' title='bbox 1309 3028 1388 3070; x_wconf 93' lang='lat' dir='ltr'>ex</span> <span class='ocrx_word' id='word_1_203' title='bbox 1448 3005 1683 3090; x_wconf 91' lang='lat' dir='ltr'>quibus</span> <span class='ocrx_word' id='word_1_204' title='bbox 1741 3006 1803 3070; x_wconf 89' lang='lat' dir='ltr'>id</span> <span class='ocrx_word' id='word_1_205' title='bbox 1862 3008 2236 3089; x_wconf 84' lang='lat' dir='ltr'>explicatur.</span> <span class='ocrx_word' id='word_1_206' title='bbox 2340 3009 2548 3087; x_wconf 85' lang='lat' dir='ltr'>Erant</span> <span class='ocrx_word' id='word_1_207' title='bbox 2606 3016 2703 3081; x_wconf 93' lang='lat' dir='ltr'>illi</span> 
     </span>
     <span class='ocr_line' id='line_1_27' title="bbox 381 3101 2704 3190; baseline 0.003 -19"><span class='ocrx_word' id='word_1_208' title='bbox 381 3104 765 3171; x_wconf 87' lang='lat' dir='ltr'>Cardinales</span> <span class='ocrx_word' id='word_1_209' title='bbox 833 3103 954 3167; x_wconf 88' lang='lat' dir='ltr'>viri</span> <span class='ocrx_word' id='word_1_210' title='bbox 1022 3104 1262 3187; x_wconf 87' lang='lat' dir='ltr'>integri</span> <span class='ocrx_word' id='word_1_211' title='bbox 1331 3107 1397 3168; x_wconf 88' lang='lat' dir='ltr'>et</span> <span class='ocrx_word' id='word_1_212' title='bbox 1464 3101 1785 3167; x_wconf 86' lang='lat' dir='ltr'>Ecclesiae</span> <span class='ocrx_word' id='word_1_213' title='bbox 1861 3101 2100 3168; x_wconf 90' lang='lat' dir='ltr'>devoti.</span> <span class='ocrx_word' id='word_1_214' title='bbox 2223 3103 2704 3190; x_wconf 89' lang='lat' dir='ltr'>Perspiciebant</span> 
     </span>
     <span class='ocr_line' id='line_1_28' title="bbox 380 3189 2701 3283; baseline 0.002 -16"><span class='ocrx_word' id='word_1_215' title='bbox 380 3223 539 3267; x_wconf 87' lang='lat' dir='ltr'>sane</span> <span class='ocrx_word' id='word_1_216' title='bbox 604 3200 970 3278; x_wconf 85' lang='lat' dir='ltr'>discrimina</span> <span class='ocrx_word' id='word_1_217' title='bbox 1032 3205 1397 3282; x_wconf 90' lang='lat' dir='ltr'>temporum</span> <span class='ocrx_word' id='word_1_218' title='bbox 1460 3205 1527 3263; x_wconf 91' lang='lat' dir='ltr'>et</span> <span class='ocrx_word' id='word_1_219' title='bbox 1589 3189 1909 3282; x_wconf 87' lang='lat' dir='ltr'>pericula,</span> <span class='ocrx_word' id='word_1_220' title='bbox 1978 3221 2141 3283; x_wconf 89' lang='lat' dir='ltr'>quae</span> <span class='ocrx_word' id='word_1_221' title='bbox 2204 3201 2522 3270; x_wconf 87' lang='lat' dir='ltr'>Ecclesiae</span> <span class='ocrx_word' id='word_1_222' title='bbox 2582 3208 2701 3273; x_wconf 89' lang='lat' dir='ltr'>im-</span> 
     </span>
    </p>
   </div>
   <div class='ocr_carea' id='block_1_5' title="bbox 379 3378 804 3387">
    <p class='ocr_par' dir='ltr' id='par_1_5' title="bbox 379 3378 804 3387">
     <span class='ocr_line' id='line_1_29' title="bbox 379 3378 804 3387; baseline 0 1627"><span class='ocrx_word' id='word_1_223' title='bbox 379 3378 804 3387; x_wconf 95' lang='lat' dir='ltr'> </span> 
     </span>
    </p>
   </div>
   <div class='ocr_carea' id='block_1_6' title="bbox 565 3477 2332 4180">
    <p class='ocr_par' dir='ltr' id='par_1_6' title="bbox 565 3477 994 3546">
     <span class='ocr_line' id='line_1_30' title="bbox 565 3477 994 3546; baseline 0 -15"><span class='ocrx_word' id='word_1_224' title='bbox 565 3480 608 3546; x_wconf 78' lang='lat'>1)</span> <span class='ocrx_word' id='word_1_225' title='bbox 647 3479 786 3533; x_wconf 89' lang='lat' dir='ltr'>Ibid.</span> <span class='ocrx_word' id='word_1_226' title='bbox 827 3495 870 3532; x_wconf 91' lang='lat' dir='ltr'>c.</span> <span class='ocrx_word' id='word_1_227' title='bbox 909 3477 994 3532; x_wconf 84' lang='lat'>34.</span> 
     </span>
    </p>

    <p class='ocr_par' dir='ltr' id='par_1_7' title="bbox 565 3554 2332 4180">
     <span class='ocr_line' id='line_1_31' title="bbox 565 3554 1944 3627; baseline 0.001 -17"><span class='ocrx_word' id='word_1_228' title='bbox 565 3558 609 3624; x_wconf 76' lang='grc'>2)</span> <span class='ocrx_word' id='word_1_229' title='bbox 706 3599 760 3627; x_wconf 90' lang='lat'>„.</span> <span class='ocrx_word' id='word_1_230' title='bbox 802 3601 813 3612; x_wconf 92' lang='lat'>.</span> <span class='ocrx_word' id='word_1_231' title='bbox 854 3597 866 3610; x_wconf 92' lang='lat'>.</span> <span class='ocrx_word' id='word_1_232' title='bbox 908 3598 920 3611; x_wconf 92' lang='lat'>.</span> <span class='ocrx_word' id='word_1_233' title='bbox 961 3557 1142 3612; x_wconf 86' lang='lat' dir='ltr'>Caroli</span> <span class='ocrx_word' id='word_1_234' title='bbox 1180 3572 1304 3624; x_wconf 82' lang='lat' dir='ltr'>spes</span> <span class='ocrx_word' id='word_1_235' title='bbox 1344 3554 1540 3624; x_wconf 85' lang='lat' dir='ltr'>coepta</span> <span class='ocrx_word' id='word_1_236' title='bbox 1572 3557 1847 3625; x_wconf 88' lang='lat' dir='ltr'>precando</span> <span class='ocrx_word' id='word_1_237' title='bbox 1940 3554 1944 3557; x_wconf 67' lang='grc'>’</span> 
     </span>
     <span class='ocr_line' id='line_1_32' title="bbox 697 3635 2064 3712; baseline -0.001 -22"><span class='ocrx_word' id='word_1_238' title='bbox 697 3637 933 3703; x_wconf 85' lang='lat' dir='ltr'>Defecit,</span> <span class='ocrx_word' id='word_1_239' title='bbox 974 3637 1275 3712; x_wconf 82' lang='lat' dir='ltr'>miserante</span> <span class='ocrx_word' id='word_1_240' title='bbox 1310 3636 1447 3691; x_wconf 88' lang='lat' dir='ltr'>Deo.</span> <span class='ocrx_word' id='word_1_241' title='bbox 1523 3635 1663 3689; x_wconf 89' lang='lat' dir='ltr'>Sunt</span> <span class='ocrx_word' id='word_1_242' title='bbox 1685 3636 1813 3688; x_wconf 88' lang='lat' dir='ltr'>-ista</span> <span class='ocrx_word' id='word_1_243' title='bbox 1848 3636 2031 3690; x_wconf 87' lang='lat' dir='ltr'>relatu</span> <span class='ocrx_word' id='word_1_244' title='bbox 2061 3671 2064 3674; x_wconf 21' lang='grc' dir='ltr'><strong>Δ</strong></span> 
     </span>
     <span class='ocr_line' id='line_1_33' title="bbox 697 3713 2332 3785; baseline 0.001 -14"><span class='ocrx_word' id='word_1_245' title='bbox 697 3716 901 3785; x_wconf 81' lang='lat' dir='ltr'>Digna,</span> <span class='ocrx_word' id='word_1_246' title='bbox 940 3716 1084 3782; x_wconf 84' lang='lat' dir='ltr'>quod</span> <span class='ocrx_word' id='word_1_247' title='bbox 1120 3721 1179 3770; x_wconf 90' lang='lat' dir='ltr'>et</span> <span class='ocrx_word' id='word_1_248' title='bbox 1214 3715 1361 3783; x_wconf 86' lang='lat' dir='ltr'>patri</span> <span class='ocrx_word' id='word_1_249' title='bbox 1398 3730 1612 3770; x_wconf 90' lang='lat' dir='ltr'>necnon</span> <span class='ocrx_word' id='word_1_250' title='bbox 1652 3713 1754 3767; x_wconf 91' lang='lat' dir='ltr'>sibi</span> <span class='ocrx_word' id='word_1_251' title='bbox 1791 3714 2067 3783; x_wconf 86' lang='lat' dir='ltr'>praestita</span> <span class='ocrx_word' id='word_1_252' title='bbox 2101 3732 2332 3772; x_wconf 89' lang='lat' dir='ltr'>noscens</span> 
     </span>
     <span class='ocr_line' id='line_1_34' title="bbox 696 3791 2053 3866; baseline -0.001 -16"><span class='ocrx_word' id='word_1_253' title='bbox 696 3796 928 3866; x_wconf 75' lang='lat' dir='ltr'>Munera</span> <span class='ocrx_word' id='word_1_254' title='bbox 964 3795 1032 3848; x_wconf 91' lang='lat' dir='ltr'>ab</span> <span class='ocrx_word' id='word_1_255' title='bbox 1066 3794 1335 3860; x_wconf 85' lang='lat' dir='ltr'>Ecclesia,</span> <span class='ocrx_word' id='word_1_256' title='bbox 1371 3794 1563 3848; x_wconf 88' lang='lat' dir='ltr'>vultus</span> <span class='ocrx_word' id='word_1_257' title='bbox 1601 3793 1813 3848; x_wconf 86' lang='lat' dir='ltr'>avertit</span> <span class='ocrx_word' id='word_1_258' title='bbox 1849 3803 1907 3848; x_wconf 90' lang='lat' dir='ltr'>et</span> <span class='ocrx_word' id='word_1_259' title='bbox 1942 3791 2053 3849; x_wconf 86' lang='lat' dir='ltr'>ora.</span> 
     </span>
     <span class='ocr_line' id='line_1_35' title="bbox 697 3868 2090 3940; baseline 0.001 -13"><span class='ocrx_word' id='word_1_260' title='bbox 697 3874 810 3929; x_wconf 89' lang='lat' dir='ltr'>Nec</span> <span class='ocrx_word' id='word_1_261' title='bbox 847 3875 1081 3928; x_wconf 85' lang='lat' dir='ltr'>Matrem</span> <span class='ocrx_word' id='word_1_262' title='bbox 1122 3873 1328 3927; x_wconf 91' lang='lat' dir='ltr'>violare</span> <span class='ocrx_word' id='word_1_263' title='bbox 1366 3868 1500 3927; x_wconf 90' lang='lat' dir='ltr'>Iicet</span> <span class='ocrx_word' id='word_1_264' title='bbox 1538 3872 1669 3939; x_wconf 91' lang='lat' dir='ltr'>quin</span> <span class='ocrx_word' id='word_1_265' title='bbox 1706 3873 1880 3928; x_wconf 90' lang='lat' dir='ltr'>libera</span> <span class='ocrx_word' id='word_1_266' title='bbox 1916 3874 2090 3940; x_wconf 87' lang='lat' dir='ltr'>possit</span> 
     </span>
     <span class='ocr_line' id='line_1_36' title="bbox 696 3951 2163 4021; baseline 0 -14"><span class='ocrx_word' id='word_1_267' title='bbox 696 3954 1044 4021; x_wconf 88' lang='lat' dir='ltr'>Desponsare</span> <span class='ocrx_word' id='word_1_268' title='bbox 1080 3953 1216 4007; x_wconf 88' lang='lat' dir='ltr'>viro.</span> <span class='ocrx_word' id='word_1_269' title='bbox 1292 3951 1538 4006; x_wconf 82' lang='lat' dir='ltr'>Caveant</span> <span class='ocrx_word' id='word_1_270' title='bbox 1577 3951 1883 4019; x_wconf 88' lang='lat' dir='ltr'>quicunque</span> <span class='ocrx_word' id='word_1_271' title='bbox 1922 3952 2163 4007; x_wconf 88' lang='lat' dir='ltr'>sinistris</span> 
     </span>
     <span class='ocr_line' id='line_1_37' title="bbox 697 4031 2130 4101; baseline 0 -16"><span class='ocrx_word' id='word_1_272' title='bbox 697 4032 1007 4086; x_wconf 86' lang='lat' dir='ltr'>Fraudibus</span> <span class='ocrx_word' id='word_1_273' title='bbox 1044 4031 1318 4101; x_wconf 87' lang='lat' dir='ltr'>injectant</span> <span class='ocrx_word' id='word_1_274' title='bbox 1349 4031 1552 4093; x_wconf 92' lang='lat' dir='ltr'>oculos,</span> <span class='ocrx_word' id='word_1_275' title='bbox 1590 4047 1655 4084; x_wconf 87' lang='lat' dir='ltr'>ac</span> <span class='ocrx_word' id='word_1_276' title='bbox 1692 4031 1815 4100; x_wconf 90' lang='lat' dir='ltr'>ipsa</span> <span class='ocrx_word' id='word_1_277' title='bbox 1849 4038 2130 4100; x_wconf 87' lang='lat' dir='ltr'>potentum</span> 
     </span>
     <span class='ocr_line' id='line_1_38' title="bbox 699 4110 2199 4180; baseline 0.002 -17"><span class='ocrx_word' id='word_1_278' title='bbox 699 4110 980 4166; x_wconf 83' lang='lat' dir='ltr'>Formidet</span> <span class='ocrx_word' id='word_1_279' title='bbox 1019 4112 1277 4180; x_wconf 81' lang='lat' dir='ltr'>subjecta</span> <span class='ocrx_word' id='word_1_280' title='bbox 1304 4125 1520 4164; x_wconf 86' lang='lat' dir='ltr'>manus:</span> <span class='ocrx_word' id='word_1_281' title='bbox 1562 4110 1640 4164; x_wconf 89' lang='lat' dir='ltr'>sic</span> <span class='ocrx_word' id='word_1_282' title='bbox 1680 4111 1864 4179; x_wconf 87' lang='lat' dir='ltr'>gloria</span> <span class='ocrx_word' id='word_1_283' title='bbox 1897 4114 2199 4178; x_wconf 87' lang='lat' dir='ltr'>praestat.“</span> 
     </span>
    </p>
   </div>
   <div class='ocr_carea' id='block_1_7' title="bbox 863 4188 2700 4260">
    <p class='ocr_par' dir='ltr' id='par_1_8' title="bbox 863 4188 2700 4260">
     <span class='ocr_line' id='line_1_39' title="bbox 863 4188 2700 4260; baseline 0.001 -16"><span class='ocrx_word' id='word_1_284' title='bbox 863 4191 946 4245; x_wconf 84' lang='lat' dir='ltr'>De</span> <span class='ocrx_word' id='word_1_285' title='bbox 985 4191 1141 4246; x_wconf 81' lang='lat' dir='ltr'>elect.</span> <span class='ocrx_word' id='word_1_286' title='bbox 1180 4190 1362 4244; x_wconf 84' lang='lat' dir='ltr'>Bonif.</span> <span class='ocrx_word' id='word_1_287' title='bbox 1402 4190 1463 4243; x_wconf 89' lang='lat' dir='ltr'>L.</span> <span class='ocrx_word' id='word_1_288' title='bbox 1501 4189 1547 4242; x_wconf 93' lang='lat' dir='ltr'>I.</span> <span class='ocrx_word' id='word_1_289' title='bbox 1588 4205 1629 4243; x_wconf 88' lang='lat' dir='ltr'>c.</span> <span class='ocrx_word' id='word_1_290' title='bbox 1671 4193 1730 4258; x_wconf 81' lang='lat'>23</span> <span class='ocrx_word' id='word_1_291' title='bbox 1769 4191 1912 4244; x_wconf 86' lang='lat' dir='ltr'>Acta</span> <span class='ocrx_word' id='word_1_292' title='bbox 1952 4190 2042 4246; x_wconf 84' lang='lat' dir='ltr'>SS.</span> <span class='ocrx_word' id='word_1_293' title='bbox 2082 4191 2143 4246; x_wconf 87' lang='lat' dir='ltr'>T.</span> <span class='ocrx_word' id='word_1_294' title='bbox 2182 4188 2277 4247; x_wconf 91' lang='lat' dir='ltr'>IV.</span> <span class='ocrx_word' id='word_1_295' title='bbox 2316 4191 2451 4260; x_wconf 82' lang='lat' dir='ltr'>Maji</span> <span class='ocrx_word' id='word_1_296' title='bbox 2488 4208 2540 4259; x_wconf 91' lang='lat' dir='ltr'>p.</span> <span class='ocrx_word' id='word_1_297' title='bbox 2577 4194 2700 4246; x_wconf 88' lang='lat'>460.</span> 
     </span>
    </p>
   </div>
  </div>
 </body>
</html>
