3281 5014
287 2653 464 2696 Indoles
502 2665 600 2695 con-

314 2714 573 2757 firmationis

321 2776 500 2819 Martini
516 2776 572 2818 V.

616 327 719 379 306
1142 359 1148 363 -
1209 321 1460 376 XXXIV.
1499 321 1582 375 De
1621 320 1864 375 Concilio
1902 321 2328 377 Constantiensi.

615 466 1025 548 Falkenberg
1085 462 1160 528 Ο.
1227 462 1288 529 S.
1352 462 1462 540 D.‚
1533 485 1722 547 quem
1786 463 2086 528 dicebant
2146 464 2397 527 notorie
2460 463 2924 527 crudelissimas

615 564 943 627 continere
1019 561 1316 625 haereses
1395 558 1498 643 (de
1573 559 1887 623 occisione
1956 559 2251 642 tyranni)
2328 565 2395 623 et
2453 562 2589 644 jam
2667 560 2926 623 damna·

617 665 758 723 tum
834 681 966 723 esse
1041 658 1119 721 ad
1191 658 1408 740 ignem
1483 680 1521 720 a
1597 656 1973 721 nationibus
2048 660 2113 720 et
2186 655 2671 733 Cardinalibus‚
2750 677 2926 719 nunc

616 757 813 820 etiam
886 758 957 819 in
1045 755 1301 838 publica
1374 754 1654 818 sessione
1725 753 2099 818 solemniter
2168 751 2602 817 damnaretur.
2736 751 2926 815 Secus

617 853 788 917 enim
858 852 1211 917 Concilium
1278 872 1409 915 non
1478 849 1849 915 satisfacere
1916 850 2170 912 muneri
2237 870 2352 913 suo
2420 849 2497 911 de
2563 848 2927 912 haeresibus

617 948 1074 1031 exstirpandis,
1139 954 1204 1011 et
1267 947 1408 1030 regi
1475 967 1549 1009 ac
1613 945 1754 1011 duci
1819 945 1982 1009 nihil
2056 945 2375 1028 reliquum
2439 967 2607 1022 esse,
2670 945 2794 1008 nisi
2852 949 2928 1007 ut

619 1048 1131 1128 protestarentur
1199 1047 1265 1107 et
1334 1043 1412 1108 ad
1480 1042 1768 1107 futurum
1842 1042 2243 1124 appellarent
2314 1041 2669 1106 Concilium
2740 1063 2928 1125 gene·

616 1144 772 1205 rale.
866 1138 1100 1204 Statim
1155 1140 1548 1223 replicarunt
1603 1137 2007 1222 patriarchae
2056 1138 2816 1222 Constantinopolitanus
2864 1140 2929 1201 et

615 1237 1056 1302 Antiochenus
1104 1241 1169 1299 et
1216 1236 1475 1320 quidam
1510 1236 1970 1300 Dominicanus
2003 1234 2350 1318 Hispanus,
2399 1236 2687 1299 libellum
2732 1236 2929 1298 istum

616 1333 784 1398 haud
848 1334 930 1397 ab
988 1330 1286 1396 omnibus
1344 1333 1649 1396 membris
1709 1332 2049 1427 nationum
2095 1332 2458 1415 judicatum
2519 1355 2652 1397 esse
2710 1332 2931 1397 haere-

615 1431 836 1495 ticum.
928 1413 1069 1493 His
1092 1421 1211 1493 alii
1271 1429 1399 1493 alia
1444 1429 1945 1511 responderunt,
2004 1450 2076 1491 ac
2132 1430 2450 1493 tumultus
2508 1433 2766 1495 exortus
2814 1432 2929 1493 est.

622 1526 906 1608 „Quibus
971 1526 1061 1591 sic
1123 1526 1342 1601 factis,
1415 1525 1857 1589 sanctissimus
1930 1524 2244 1590 Dominus
2310 1530 2537 1590 noster
2608 1526 2774 1590 dixit
2840 1548 2933 1589 re-

616 1621 989 1707 spondendo
1058 1622 1134 1686 ad
1214 1622 1563 1705 praedicta:
1642 1620 1811 1705 quod
1879 1621 2095 1685 omnia
2170 1626 2236 1685 et
2303 1623 2563 1706 singula
2635 1620 2932 1686 determi-

617 1723 773 1783 nata
835 1724 900 1783 et
956 1719 1258 1783 conclusa
1316 1724 1382 1783 et
1436 1717 1694 1782 decreta
1754 1718 1823 1781 in
1892 1717 2178 1782 materiis
2245 1718 2392 1782 fidei
2449 1740 2564 1802 per
2630 1740 2934 1802 praesens

619 1814 976 1879 Concilium
1025 1815 1459 1879 conciliariter
1513 1818 1735 1879 tenere
1790 1818 1856 1876 et
1911 1813 2375 1879 inviolabiliter
2432 1815 2770 1879 observare
2823 1838 2934 1879 vo-

617 1912 827 1988 lebat,
919 1917 983 1976 et
1052 1933 1382 1995 nunquam
1461 1909 1909 1975 contravenire
1986 1933 2242 1995 quoquo
2316 1911 2523 1977 modo.
2655 1912 2934 1997 Ipsaque

598 2009 710 2071 ¹sic
777 2007 1209 2072 conciliariter
1276 2006 1450 2071 facta
1517 2008 1832 2090 approbat
1901 2012 1965 2071 et
2030 2008 2336 2087 ratificat,
2415 2013 2480 2074 et
2544 2031 2676 2072 non
2746 2009 2938 2072 aliter

619 2126 739 2168 nec
807 2105 934 2168 alio
1006 2104 1138 2168 ullo
1203 2103 1408 2169 modo,
1525 2103 1611 2167 Et
1673 2103 1834 2168 illud
1889 2103 2056 2168 idem
2119 2106 2353 2169 iterato
2417 2106 2572 2170 fecit
2634 2105 2754 2170 dici
2821 2126 2937 2189 per

621 2221 934 2285 organum
997 2199 1239 2266 domini
1306 2200 1657 2285 Augustini
1721 2201 1799 2265 de
1858 2201 2023 2265 Pisis
2088 2201 2320 2265 fiscalis
2381 2209 2446 2266 et
2513 2203 2674 2268 sacri
2733 2203 2936 2268 consi-

620 2297 802 2361 storii
851 2297 1173 2376 advocati,
1233 2297 1344 2381 qui
1398 2298 1659 2361 nomine
1713 2296 1924 2381 Papae
1971 2321 2009 2362 a
2057 2300 2511 2381 protonotariis
2557 2304 2620 2363 et
2670 2299 2939 2364 notariis

620 2393 700 2457 ad
756 2394 1160 2458 scribendum
1216 2400 1358 2458 acta
1405 2393 1678 2458 Concilii
1731 2394 2043 2458 ordinatis
2097 2399 2163 2457 et
2218 2395 2538 2478 deputatis
2595 2395 2783 2478 petiit
2840 2397 2934 2459 in-

620 2495 982 2556 strumenta
1026 2491 1283 2574 publica
1330 2490 1530 2555 fieri.“
1554 2488 1602 2571 1)

799 2641 905 2705 27.
964 2640 1134 2704 Haec
1178 2638 1448 2703 Martini
1483 2637 1561 2703 V.
1609 2640 1835 2716 verba,
1894 2639 2164 2705 Concilii
2209 2643 2367 2706 actis
2409 2643 2683 2722 inserta,
2738 2641 2933 2724 pleri-

624 2761 747 2823 que
805 2738 1054 2802 habent
1116 2741 1189 2801 ut
1242 2736 1668 2813 sententiam,
1727 2758 1855 2820 qua
1910 2738 2288 2803 confirmare
2341 2739 2543 2803 voluit
2604 2760 2705 2816 ea,
2769 2758 2936 2822 quae

622 2837 692 2899 in
737 2835 1024 2900 materiis
1070 2834 1218 2898 fidei
1263 2833 1690 2897 conciliariter
1747 2833 2001 2898 decreta
2048 2840 2253 2900 erant.
2346 2833 2439 2900 Ut
2494 2841 2714 2899 tamen
2771 2835 2936 2898 bene

620 2933 1102 3017 intelligantur,
1178 2930 1337 2994 haec
1403 2928 1978 2995 animadvertenda
2047 2936 2426 3001 occurrunt..
2530 2931 2788 2995 Directe
2856 2931 2933 2994 iis

621 3052 783 3115 quae
845 3029 1010 3093 dixit
1070 3027 1324 3093 videtur
1392 3026 1695 3090 Pontifex
1752 3050 1904 3111 prae
1974 3030 2171 3094 oculis
2232 3029 2535 3093 habuisse
2602 3028 2935 3112 negotium

621 3127 697 3190 de
772 3126 991 3190 libello
1058 3123 1333 3190 Joannis
1409 3121 1841 3209 Falkenberg.
1964 3124 2193 3189 Poloni
2270 3131 2335 3189 et
2399 3124 2712 3190 Lithuani
2790 3146 2935 3188 eum

621 3224 908 3288 libellum
967 3227 1044 3286 ut
1111 3220 1436 3285 erroribus
1495 3224 1561 3283 et
1632 3220 2004 3285 haeresibus
2070 3222 2515 3286 crudelissimis
2579 3225 2935 3286 scatentem

623 3319 925 3384 volebant
991 3318 1302 3383 damnari.
1412 3315 1730 3381 Nationes
1779 3318 1916 3401 jam
1987 3319 2570 3401 pronuntiaverant
2620 3316 2936 3402 judicium

622 3438 806 3480 suum
868 3414 1331 3490 damnationis,
1395 3413 1504 3478 sed
1561 3412 1885 3477 Martinus
1944 3413 2343 3479 instantibus
2404 3414 2723 3498 equitibus
2773 3412 2958 3477 Teu-⁷

623 3513 854 3578 tonicis
918 3518 1292 3578 constanter
1353 3509 1718 3594 impedivit,
1790 3511 2132 3595 quominus
2199 3533 2313 3594 per
2377 3511 2766 3577 sententiam
2815 3531 2934 3594 rge-

622 3611 908 3675 neralem
955 3609 1155 3674 totius
1202 3608 1470 3673 Concilii
1507 3606 1819 3691 judicium
1868 3607 2300 3673 damnationis
2345 3609 2644 3674 ferretur.
2727 3607 2939 3683 Quum

624 3708 825 3790 igitur
883 3707 951 3769 in
1007 3705 1126 3770 hac
1186 3706 1417 3769 ultima
1471 3703 1753 3769 sessione
1808 3704 2179 3787 importune
2238 3711 2524 3770 oratores
2581 3704 2815 3771 Poloni
2872 3709 2938 3767 et

629 3802 940 3867 Lithuani
1000 3802 1336 3886 negotium
1381 3801 1615 3865 iterum
1677 3805 2111 3884 proponerent
2158 3807 2224 3867 et
2271 3804 2589 3868 tumultus
2635 3803 2936 3876 oriretur,

804 4053 849 4123 1)
888 4053 1069 4108 Labbe
1105 4053 1262 4108 xm.
1302 4055 1421 4109 258.
