3281 5014
1218 403 1535 457 Alexander
1560 403 1655 458 VI.
2482 407 2586 459 437

273 545 500 620 fuisse,
558 548 624 610 et
671 545 738 609 in
786 545 1161 631 pontificatu
1210 546 1404 609 etiam
1450 546 1636 628 plura
1684 546 1983 611 accidisse
2031 545 2588 638 reprehendenda3

273 643 379 705 alii
447 642 700 726 quidem
761 641 1119 725 apologiam
1183 642 1377 725 hujus
1431 641 1763 706 Pontificis
1820 648 2040 708 nostro
2101 638 2391 725 tempore
2451 664 2590 706 sus-

272 759 525 822 cepere,
591 746 658 803 et
718 738 1057 803 ostendere
1119 728 1251 802 nisi
1309 743 1493 813 sunt,
1558 759 1634 801 ex
1705 739 1917 803 studio
1977 739 2260 822 partium
2322 742 2388 802 et
2449 738 2592 804 odio

276 834 642 899 vehementi
705 834 1000 899 maximis
1063 834 1397 900 calumniis
1461 833 1931 915 Alexandrum,
2000 836 2096 898 uti
2159 835 2268 899 alii
2333 834 2589 918 quidam

277 931 642 1014 Pontifices,
687 932 984 995 affectum
1030 928 1326 1016 fuisse.}>
1378 929 1529 995 Non
1570 936 1757 995 vacat
1788 932 2042 1014 quidem
2085 931 2439 995 Alexandri
2474 931 2588 994 VI.

274 1029 475 1092 vitam
523 1032 590 1093 et
634 1033 815 1113 gesta
862 1029 1219 1093 accuratius
1267 1027 1660 1110 expendere,
1717 1033 2007 1092 attamen
2055 1049 2253 1112 quum
2299 1029 2594 1111 quaestio

275 1125 352 1188 de
399 1125 520 1189 hoc
559 1123 873 1189 Pontifice
919 1147 1035 1208 pro
1080 1129 1371 1208 tempore
1417 1124 1835 1210 recruduerit,
1881 1125 2260 1209 praesertim
2307 1147 2382 1188 ea
2426 1146 2591 1208 quae

274 1222 352 1286 de
396 1223 533 1306 ejus
579 1222 861 1285 moribus
920 1244 996 1284 ex
1052 1221 1453 1285 documentis
1510 1221 1832 1285 historicis
1884 1222 2093 1307 colligi
2145 1221 2448 1285 videntur
2492 1243 2589 1285 re·

274 1319 698 1394 censebimus,
759 1326 827 1380 et
883 1317 1072 1381 simul
1132 1317 1441 1401 quaedam
1499 1317 1904 1381 advertemus
1961 1318 2168 1402 quoad
2228 1317 2589 1403 apologiam

275 1414 469 1500 hujus
511 1410 871 1480 Pontificis.

452 1566 555 1628 46.
628 1561 841 1627 Natus
906 1567 1004 1627 est
1072 1561 1417 1627 Rodericus
1478 1561 1717 1646 Borgia
1782 1562 1882 1626 die
1952 1560 2019 1626 1ο
2077 1563 2374 1628 Januarii
2435 1563 2591 1627 anni

280 1661 444 1727 1431
501 1678 712 1743 'prope
758 1659 1131 1724 Valentiam
1193 1660 1261 1722 in
1332 1658 1653 1742 Hispania
1718 1681 1796 1723 ex
1864 1661 2260 1725 nobilissima
2329 1660 2589 1723 familia.

277 1759 554 1823 Matrem
596 1756 825 1821 habuit
879 1777 1163 1820 sororem
1209 1754 1445 1820 Calixti
1490 1755 1608 1820 III.
1655 1778 1730 1820 ex
1777 1761 1973 1840 gente
2021 1756 2286 1841 Borgia3
2345 1761 2591 1840 patrem

275 1877 425 1920 vero
480 1852 848 1931 Jofredum,
906 1875 1096 1936 quem
1149 1852 1388 1935 pariter
1443 1875 1521 1916 ex
1576 1858 1773 1938 gente
1822 1851 2056 1938 Borgia
2113 1853 2314 1918 fuisse
2373 1875 2594 1917 recen-

274 1953 472 2016 tiores
533 1971 610 2014 ex
665 1948 1064 2013 documentis
1125 1948 1466 2031 colligunt,
1531 1948 1839 2013 Lenzuoli
1888 1949 2442 2033 cognominatum,
2502 1950 2596 2013 ita

277 2056 350 2113 ut
403 2068 625 2110 verum
680 2067 812 2109 non
866 2066 1000 2109 esse
1059 2045 1349 2108 videatur
1412 2045 1827 2123 Rodericum,
1891 2068 2089 2129 quum
2144 2047 2224 2110 ab
2281 2046 2595 2111 avunculo

278 2144 532 2209 Calixto
574 2141 653 2205 ad
701 2141 1089 2224 dignitatem
1139 2140 1587 2206 Cardinalatus
1647 2149 2130 2226 promoveretur
2174 2164 2412 2207 nomen
2458 2164 2595 2206 mu-

2628 1570 2735 1625 EJus
2761 1572 2905 1613 adole-

2680 1635 2858 1676 scentia.

275 2245 472 2305 tasse.
577 2236 676 2300 Ex
745 2237 880 2301 vita
949 2238 1089 2321 ejus
1159 2259 1360 2320 usque
1422 2237 1501 2301 ad
1562 2260 1810 2303 annum
1879 2240 2115 2303 aetatis
2175 2240 2332 2302 26⁰¹*
2395 2259 2638 2321 pauca.

280 2341 435 2402 sunt
492 2340 669 2400 nota.
781 2333 1078 2397 Tradunt
1134 2333 1423 2416 quidem,
1491 2356 1632 2399 eum
1696 2336 1971 2418 primum
2027 2335 2596 2419 jurisprudentiae,

279 2434 427 2499 dein
504 2433 584 2496 ab
653 2452 828 2495 anno
896 2430 1127 2494 aetatis
1201 2430 1444 2495 decimo
1514 2437 1737 2495 octavo
1815 2432 2086 2497 militiae
2161 2453 2417 2516 operam
2485 2430 2594 2493 de-

279 2531 471 2607 disse3
534 2529 643 2593 sed
705 2530 954 2592 incerta
1015 2526 1174 2592 haec
1235 2534 1417 2609 sunt,
1479 2530 1608 2593 imo
1667 2530 1997 2612 probabile
2056 2534 2179 2608 est,
2246 2552 2390 2593 eum
2445 2528 2594 2592 inde

278 2652 317 2692 a
379 2627 593 2712 pueris
658 2626 858 2689 statui
929 2625 1356 2689 ecclesiastico
1427 2624 1817 2691 destinatum
1889 2627 2107 2692 fuisse.
2222 2626 2595 2691 Avunculus

161 2765 170 2771 -
281 2726 453 2789 enim
512 2726 649 2807 ejus
712 2720 1083 2804 Alphonsus
1147 2743 1321 2785 anno
1388 2722 1555 2784 1444
1623 2721 1980 2788 Cardinalis
2043 2725 2250 2788 factus
2312 2727 2436 2798 est,
2505 2725 2597 2785 at-

282 2843 408 2905 que
466 2819 685 2884 existit
740 2818 1219 2895 documentum,
1283 2840 1413 2901 quo
1469 2820 1691 2902 nepoti
1748 2818 2062 2884 Roderico
2125 2821 2235 2904 qui
2285 2822 2441 2883 tunc
2495 2836 2596 2881 sa-

283 2915 484 2981 crista
558 2915 702 2977 erat
780 2912 1081 2977 ecclesiae
1154 2914 1435 2979 Xativae
1461 2963 1476 2992 ,
1557 2916 1851 2999 providet
1926 2915 2003 2980 de
2078 2914 2466 2981 canonicatu
2539 2916 2600 2976 et

283 3010 602 3095 diq‘nitate
659 3007 1107 3091 praecentoris
1178 3012 1247 3073 in
1319 3010 1583 3075 ecclesia
1653 3011 1974 3096 collegiali
2042 3012 2339 3078 Xativae.
2460 3011 2598 3087 Quo

285 3131 456 3174 anno
511 3109 661 3173 data
716 3104 910 3169 fuerit
968 3106 1081 3169 illa
1138 3106 1416 3190 provisio
1471 3129 1605 3171 non
1663 3108 2011 3188 indicatur,
2074 3110 2184 3173 sed
2241 3132 2436 3194 quum
2493 3108 2598 3170 vix

284 3207 546 3271 dubium
626 3223 761 3267 esse
837 3202 1066 3283 possit,
1152 3202 1254 3266 hic
1328 3203 1433 3286 agi
1506 3203 1584 3267 de
1662 3201 1974 3270 Roderico
2050 3212 2300 3285 nostro,
2376 3204 2598 3289 proba-

285 3303 592 3367 bilissime
639 3297 993 3383 colligitur,
1053 3320 1194 3364 eum
1245 3299 1397 3362 inde
1448 3299 1531 3362 ab
1574 3300 1766 3364 initio
1822 3302 2180 3386 ingressum
2228 3302 2423 3367 fuisse
2468 3307 2601 3365 sta-

286 3407 424 3464 tum
493 3392 1088 3479 ecclesiasticum.²)
1205 3394 1306 3458 Ex
1374 3395 1798 3479 subsequenti
1867 3401 2154 3482 tempore
2218 3398 2602 3462 documenta

287 3519 419 3562 non
479 3498 832 3572 habentur3
894 3515 1067 3557 anno
1124 3498 1344 3557 autem
1405 3492 1572 3555 1455
1635 3497 1922 3568 constat,
1986 3515 2131 3557 eum
2181 3494 2415 3573 Roma,
2474 3514 2601 3576 quo

468 3737 510 3803 ¹)
546 3734 837 3804 Praecipui
876 3734 1175 3803 scriptores
1222 3735 1312 3802 qui
1360 3735 1676 3804 apologiam
1714 3734 2012 3789 Alexandri
2036 3735 2130 3788 VI.
2180 3741 2365 3789 texere
2412 3735 2600 3789 studu-

289 3824 451 3871 erunt
502 3822 655 3871 sunt:
716 3814 970 3880 Ollivier,
1027 3813 1105 3867 Le
1160 3830 1297 3881 pape
1351 3815 1663 3869 Alexandre
1692 3815 1790 3869 VI.
1845 3822 1903 3870 et
1957 3816 2038 3870 les
2093 3815 2328 3884 Borgia‚
2382 3814 2505 3868 Vol.
2554 3815 2597 3867 Ι.

288 3895 443 3949 Paris
483 3898 644 3963 18703
702 3894 929 3960 Nemee,
977 3893 1153 3960 Papst
1191 3892 1504 3949 Alexander
1537 3893 1659 3961 V1.‚
1721 3895 2059 3964 Klagenfurt
2106 3897 2264 3961 18793
2320 3894 2595 3957 Leonetti,

289 3975 354 4028 P.
391 3974 727 4028 Alessandro
752 3973 849 4027 VI.
891 3972 1124 4028 secondo
1172 3972 1483 4027 documenti
1521 3988 1551 4028 e
1589 3974 1844 4042 carteggi
1893 3974 1982 4028 del
2020 3981 2226 4041 tempo,
2264 3976 2297 4026 3
2332 3973 2458 4039 vol.²
2495 3974 2600 4025 Bo·

290 4054 1003 4200 logna2383unillanueva,
1040 4131 1300 4198 Voyages
1337 4129 1640 4185 litteraires
1681 4146 1748 4184 en
1785 4131 2063 4199 Espagne‚
2100 4136 2140 4184 t.
2179 4130 2276 4184 IV.
2321 4145 2372 4196 p.
2410 4131 2530 4182 270.
