3281 5014
1068 435 1149 489 De
1187 435 1502 489 schismatis
1539 435 1893 489 incrementa
2533 439 2642 490 269

318 578 765 660 permittente,
829 576 1232 641 Universitas
1296 578 1491 641 etiam
1550 577 1629 640 ad
1678 575 2078 641 Clementem
2144 600 2198 640 a.
2255 578 2421 644 1394
2483 579 2636 642 scri-

318 673 449 757 psit
495 673 768 750 litterae,
819 672 1052 755 quibus
1102 696 1270 749 eum,
1320 678 1396 737 ut
1439 695 1635 737 unam
1689 694 1766 736 ex
1817 673 1935 736 viis
1979 673 2108 738 illis
2154 674 2455 758 seligeret
2501 695 2636 738 nio·

316 769 482 833 nuit.
577 768 670 833 At
715 767 1009 834 Clemens
1055 770 1342 855 graviter
1386 770 1667 834 offensus
1712 769 1962 833 nullum
2015 768 2191 833 dedit
2236 792 2648 854 responsum,

318 870 384 942 et
436 866 612 929 brevi
669 870 815 949 post
874 865 976 930 die
1042 863 1155 930 16⁰
1200 864 1595 949 Septembris
1643 865 1977 930 Avenione
2039 867 2372 950 apoplexia
2432 889 2637 932 corre-

316 965 470 1045 ptus
517 962 692 1028 obiit.
767 961 911 1026 Hac
956 962 1034 1027 de
1080 986 1150 1027 re
1199 962 1633 1028 Continuator
1678 960 1924 1046 Nangii
1970 962 2065 1027 ita
2108 963 2357 1027 scribit:
2403 961 2641 1045 Apices

320 1056 652 1122 Dominus
712 1056 904 1139 Papa
969 1057 1288 1141 recipiens
1348 1057 1424 1126 in
1480 1056 1862 1144 praesentia
1922 1057 2286 1123 astantium
2339 1057 2639 1142 perleqit,

316 1153 427 1218 sed
470 1153 627 1219 dum
681 1147 1004 1219 modicum
1060 1154 1428 1238 scripturae
1481 1154 1834 1246 attiqisset‚
1894 1174 2246 1237 assuryens
2303 1175 2448 1220 cum
2500 1154 2637 1220 ira-

318 1250 560 1316 cundia
605 1270 849 1333 mayna
885 1251 1135 1317 cunctis
1182 1251 1602 1317 audientibus
1646 1250 1901 1333 inquit:
1957 1250 2138 1316 Istae
2184 1251 2440 1317 litterae
2483 1255 2640 1318 sunt

318 1352 582 1414 sanctae
642 1347 829 1413 Sedis
891 1348 1297 1431 Apostolicae
1357 1347 1853 1431 diffamatrice8‚
1914 1368 2155 1413 veneno
2218 1348 2640 1430 detractionis

310 1444 573 1527 plenae,
628 1465 744 1509 nec
802 1444 966 1511 lectu
1025 1466 1141 1510 nec
1185 1445 1468 1510 recitata
1519 1444 1758 1529 diqnae
1803 1448 1977 1509 sunt.
2023 1492 2038 1509 .
2081 1493 2096 1509 .
2143 1496 2157 1510 .
2213 1445 2381 1511 Inde
2425 1445 2638 1510 dolore

320 1545 535 1607 tactus
591 1540 990 1609 intrinsecus
1046 1542 1248 1623 coepit
1303 1541 1667 1624 plurimum
1720 1540 2025 1621 anxiari,
2085 1561 2200 1607 nec
2245 1542 2363 1607 diu
2411 1547 2639 1626 postea

319 1636 506 1704 vixit.
619 1636 819 1703 Levis
884 1637 1056 1702 enim
1123 1637 1482 1717 infirmitas
1548 1637 1902 1703 secundum
1972 1638 2459 1720 apparentiam*
2492 1659 2636 1717 eum

316 1734 458 1817 fere
490 1755 616 1817 per
662 1738 795 1798 tres
837 1732 974 1799 dies
1017 1733 1331 1815 detinuit,
1390 1733 1467 1798 de
1511 1754 1644 1816 qua
1670 1755 1820 1798 ,non
1867 1733 2023 1799 lecto
2068 1734 2447 1801 decumbens
2491 1756 2636 1801 cum

321 1830 510 1895 XVI.
570 1829 673 1895 die
738 1828 1133 1911 Septembris
1200 1821 1433 1895 audita
1504 1829 1707 1895 missa
1777 1829 2093 1895 intrasset
2157 1852 2508 1913 cameram,
2578 1838 2640 1897 et

320 1926 519 2010 vippa
573 1946 683 1991 cor
726 1924 1216 2006 aliquantulum
1265 1929 1619 2011 qravatum
1674 1925 2036 2008 refocillari
2069 1928 2395 2010 petiisset,
2461 1933 2639 1994 ante-

321 2043 518 2105 quam
581 2021 812 2089 vinum
874 2021 1256 2105 afferretur,
1326 2023 1548 2088 sedens
1614 2022 1962 2106 apoplexia
2019 2045 2371 2107 percussus
2431 2026 2639 2108 fatale

194 2167 197 2170 Α
320 2118 604 2185 debitum
661 2117 929 2203 solvit.¹)
1020 2119 1205 2185 Tunc
1260 2143 1444 2206 reges
1495 2120 1741 2186 Galliae
1799 2128 1867 2185 et
1911 2124 2316 2206 Arragoniae
2362 2123 2442 2188 ad
2491 2123 2636 2188 Car-

320 2216 568 2281 dinales
613 2216 1100 2281 Avenionenses
1159 2219 1589 2301 scripserunt,
1650 2223 1726 2282 ut
1772 2219 2149 2292 electionem
2207 2221 2359 2284 novi
2410 2219 2640 2284 Ponti-

321 2313 456 2377 ficis
512 2314 583 2377 in
638 2314 849 2377 locum
896 2312 1248 2378 Clementis
1284 2313 1848 2402 VH4differrent,
1904 2314 2108 2379 donec
2153 2314 2469 2380 Bonifatii
2518 2314 2637 2379 IX.

319 2410 625 2474 voluntas
687 2409 766 2473 de
821 2410 1081 2474 unionis
1134 2412 1403 2494 negotio
1462 2411 1689 2475 fuisset
1744 2413 2077 2494 explorata
2139 2417 2205 2476 et
2265 2406 2641 2476 concordiae

320 2507 425 2570 via
472 2507 756 2591 undique
801 2512 1075 2573 tentata.
1169 2506 1414 2572 Verum
1456 2507 1826 2573 Cardinales
1871 2509 1980 2572 isti
2035 2509 2136 2574 die
2183 2506 2299 2573 28⁰
2345 2500 2639 2592 Septem-

322 2604 452 2668 bris
512 2604 582 2668 in
641 2604 1024 2669 Pontificem
1085 2605 1422 2686 elegerunt
1487 2605 1891 2670 Cardinalem
1954 2603 2241 2695 Petrum
2275 2604 2364 2689 de
2387 2604 2700 2688 Luna,

321 2702 429 2785 qui
477 2724 716 2766 nomen
760 2699 1102 2764 Benedicti
1142 2699 1352 2764 XIII.
1399 2702 1770 2785 assumpsit.
1844 2702 2020 2766 Ante
2068 2680 2441 2767 electionem
2488 2701 2638 2766 Car·
2746 2722 2879 2762 Bene-

321 2797 571 2862 dinales
615 2819 683 2862 se
721 2786 1121 2883 jurar‘ffeiit'o
1132 2799 1671 2873 bbstrinxerunt,
1717 2799 1886 2881 quod
1933 2801 2371 2884 unusquisque
2420 2782 2730 2864 eorumdle
2707 2785 2802 2824 666
2840 2784 2980 2828 xm*

323 2894 712 2978 quicumque
757 2894 929 2959 foret
974 2895 1242 2972 electuS,
1301 2915 1521 2959 omnes
1566 2895 1700 2958 vias
1749 2896 1970 2973 utiles,
2029 2897 2224 2960 etiam
2268 2897 2638 2979 cessionem,

324 2991 735 3074 amplexurus
783 2997 951 3056 esset
992 2991 1071 3055 ad
1132 2991 1601 3075 procurandam
1659 2991 1986 3056 unionem.
2079 2991 2240 3057 Erat
2287 2992 2518 3056 Petrus
2564 2991 2641 3055 de

325 3088 515 3152 Luna
560 3092 740 3152 ortus
790 3110 866 3152 ex
917 3088 1266 3153 baronibus
1311 3087 1739 3171 Arragoniae,
1786 3088 1995 3152 brevis
2042 3094 2334 3153 staturae
2382 3095 2466 3153 ac'
2498 3110 2644 3173 gra·

324 3185 494 3267 cilis,
554 3184 744 3248 homo
805 3184 1177 3267 ingeniosus
1244 3190 1312 3249 et
1377 3185 1455 3248 ad
1512 3184 1971 3249 inveniendum
2035 3208 2137 3249 res
2201 3208 2400 3250 novas
2459 3185 2642 3249 valde

325 3281 606 3358 subtilis,
654 3301 1020 3365 magnaque
1065 3281 1368 3345 facundia
1412 3281 1765 3364 praeditus,
1844 3281 2107 3365 Semper
2144 3304 2212 3347 se
2250 3282 2640 3361 ostenderat,

324 3378 536 3442 verbis
581 3379 840 3455 saltem,
898 3376 1081 3440 valde
1136 3377 1526 3441 inclinatum
1582 3382 1658 3441 ut
1712 3378 1918 3442 modis
1980 3379 2279 3443 omnibus
2332 3379 2638 3443 unionem

325 3476 395 3539 in
440 3473 722 3538 Ecclesia
777 3473 986 3537 facere
1032 3473 1262 3550 vellet,
1324 3473 1438 3537 sed
1499 3479 1720 3557 postea
1781 3495 1958 3557 spem
2015 3475 2266 3539 fefellit.
2369 3473 2641 3539 Benedi-

326 3575 467 3635 ctus
513 3569 695 3634 XIII.
742 3570 981 3653 optime
1026 3570 1264 3646 sciens,
1324 3574 1643 3652 quantum
1691 3591 1817 3633 vsua
1871 3572 2247 3654 interesset,
2303 3579 2379 3635 ut
2423 3591 2640 3655 regem

329 3665 576 3732 Galliae
624 3670 691 3730 et
734 3664 1242 3730 Universitatem
1288 3664 1721 3730 Parisiensem
1780 3666 1849 3729 in
1896 3689 2011 3731 sua
2068 3668 2437 3732 obedientia
2489 3689 2640 3732 con-

325 3767 638 3839 servaret,
707 3763 785 3827 iis
842 3761 1262 3846 significavit,
1323 3785 1392 3827 se
1447 3763 1738 3847 quamvis
1796 3764 2072 3829 invitum
2130 3765 2201 3828 in
2257 3763 2639 3830 Pontificem

327 3861 523 3925 fuisse
568 3860 870 3937 electum,
932 3864 1001 3923 at
1045 3859 1523 3942 paratissimum
1567 3880 1703 3924 esse
1749 3859 1828 3923 ad
1877 3861 2330 3944 deponendum
2377 3861 2641 3945 pontifi-

326 3961 562 4033 catum,
610 3956 667 4020 si
711 3956 776 4019 id
818 3955 898 4020 ad
944 3956 1454 4039 componendum
1501 3955 1777 4020 schisma
1820 3957 1988 4021 foret
2034 3959 2485 4023 necessarium.

507 4159 552 4228 ²)
589 4161 654 4214 V.
692 4160 898 4229 Balut.,
934 4163 1101 4217 Vitae
1139 4162 1220 4228 Ρ.,
1259 4162 1392 4247 I.¹p.
1434 4118 1588 4217 139i.
