3281 5014
1151 434 1233 488 De
1263 434 1489 504 justitia
1526 433 1859 488 abolitionis.
2564 434 2662 486 121

358 575 476 639 viri
523 575 936 652 nobilissimi,
988 573 1108 639 hae
1153 576 1405 641 ratione
1450 583 1657 641 motos
1703 575 1899 641 fuisse
1946 574 2025 639 ad
2072 574 2342 639 erimina
2385 574 2498 639 illa
2542 573 2665 639 sibi

354 671 787 756 impingenda,
835 672 1092 737 admitti
1139 694 1271 737 non
1318 695 1503 756 posse
1548 673 1868 738 existimO.

527 803 631 866 39.
705 799 830 866 Sed
902 803 994 866 rei
1061 802 1252 868 cardo
1318 804 1388 868 in
1459 826 1532 870 eo
1602 804 1907 877 vertitur,
1986 802 2155 886 quod
2225 807 2468 865 certum
2540 806 2662 880 est,
2688 799 2998 852 D⁶P⁰S⁵fi0¹¹⁰⁸

352 900 589 964 multos
652 898 824 962 ultro
881 904 946 963 et
1001 903 1230 982 sponte
1286 901 1425 964 sine
1490 901 1552 964 vi
1599 904 1666 965 et
1728 905 1970 964 terrore
2032 897 2461 982 depositiones
2516 920 2664 963 suas

349 995 593 1061 fecisse.
700 992 906 1059 Nemo
966 995 1225 1059 illorum
1282 997 1699 1081 septuaginta
1758 996 2030 1060 duorum
2082 995 2403 1079 equitum,
2460 995 2573 1078 qui
2624 1017 2663 1060 a

351 1091 662 1156 Pontifiee
722 1096 790 1157 et
845 1091 1293 1157 cardinalibus
1337 1092 1619 1157 Pictavis
1684 1093 2032 1156 examinati
2092 1092 2385 1168 fuerunt,
2445 1092 2662 1155 nullus

352 1188 875 1272 praepositorum
941 1189 1049 1271 qui
1106 1210 1144 1252 a
1204 1187 1655 1254 Cardinalibus
1712 1190 1778 1253 in
1841 1190 2103 1253 civitate
2152 1186 2406 1253 Chinon
2462 1189 2661 1252 inter-

347 1286 562 1368 rogati
607 1291 792 1358 sunt,
847 1287 1192 1349 tormentis
1254 1287 1334 1350 ad
1396 1286 1829 1351 confessiones
1883 1286 2147 1351 adactus
2209 1290 2337 1361 est,
2398 1284 2508 1349 sed
2565 1285 2661 1348 uti

346 1378 621 1445 habetur
660 1381 727 1444 in
764 1380 956 1445 Bulla
1003 1381 1186 1459 „Vox
1233 1383 1299 1445 in
1336 1383 1659 1447 excelso“:
1706 1379 2036 1446 Praestito
2068 1380 2447 1463 juramento
2494 1378 2663 1462 quod

344 1496 542 1559 super
592 1475 981 1559 praemissis
1041 1476 1340 1542 omnibus
1400 1497 1646 1542 meram
1709 1481 1770 1541 et
1825 1477 2087 1560 plenam
2152 1476 2437 1541 dicerent
2495 1476 2662 1541 veri-

344 1576 570 1653 tatem,
636 1572 832 1637 libere
877 1593 952 1637 ac
997 1578 1247 1656 sponte,
1307 1573 1545 1655 absque
1591 1574 1916 1639 coactione
1960 1572 2243 1655 qualibet
2288 1577 2347 1637 et
2393 1577 2657 1650 terrore,

343 1668 777 1752 deposuerant
849 1673 912 1733 et
974 1669 1250 1753 confessi
1315 1670 1622 1752 fuerunt,
1705 1677 1825 1737 etc.
1945 1671 2159 1735 Etiam
2227 1670 2656 1735 commissarii

341 1769 437 1832 illi
502 1769 843 1853 pontificii,
913 1769 1023 1853 qui
1084 1767 1344 1832 Parisiis
1407 1769 1551 1852 plus
1616 1790 1810 1853 quam
1874 1771 2198 1833 trecentos
2260 1766 2656 1850 Templarios

341 1863 714 1948 audierunt,
769 1886 1098 1949 nunquam
1159 1865 1286 1928 vim
1344 1872 1409 1929 et
1464 1869 1790 1930 tormenta
1844 1864 2297 1928 adhibuerunt.
2390 1862 2451 1926 A
2495 1860 2658 1927 Gui-

341 1962 556 2026 lielmo
618 1961 1000 2045 Inquisitore
1055 1961 1124 2025 in
1189 1962 1393 2045 primo
1455 1962 1748 2026 examine
1811 1963 1966 2026 anni
2031 1960 2229 2038 1307,
2298 1982 2424 2044 quo
2482 1958 2657 2023 infra

339 2078 622 2122 mensem
681 2059 815 2122 fere
871 2057 1297 2142 interrogavit
1356 2059 1480 2121 140
1530 2057 1962 2142 Templarios,
2019 2058 2126 2122 vix
2188 2080 2317 2121 uno
2373 2058 2657 2120 alterove

339 2175 486 2218 casu
535 2159 788 2218 tortura
842 2153 1132 2218 adhibita
1189 2175 1323 2218 esse
1371 2152 1705 2233 videtur.¹)
1796 2154 1985 2219 Certe
2039 2156 2107 2219 in
2166 2153 2456 2237 pluribus
2505 2173 2655 2216 exa-

339 2252 616 2314 minibus
676 2273 714 2314 a
764 2250 1087 2335 judicibus
1147 2251 1342 2335 regiis
1404 2252 1503 2314 vel
1578 2251 2021 2315 ecclesiasticis
2080 2250 2427 2314 secundum
2493 2254 2655 2313 tem-

341 2348 511 2432 poris
549 2346 1150 2432 jurisprudentiam,
1198 2356 1390 2432 atque
1438 2347 1762 2411 interdum
1811 2348 2003 2412 etiam
2046 2346 2481 2421 immoderate,
2529 2351 2656 2409 tor·

340 2451 488 2509 tura
548 2443 834 2510 adhibita
890 2444 1039 2524 fuit,
1108 2444 1215 2509 sed
1278 2466 1354 2507 ex
1415 2444 1599 2507 dietis
1656 2444 1973 2529 sequitur,
2030 2464 2253 2507 omnes
2314 2440 2655 2526 depositio-

339 2564 454 2606 nes
502 2542 563 2604 vi
612 2564 686 2606 ae
728 2542 958 2606 terrori
1014 2542 1392 2606 nullatenus
1451 2564 1634 2625 posse
1683 2541 1972 2605 adscribi.
2066 2539 2136 2605 Si
2190 2563 2230 2604 a
2271 2538 2651 2625 quibusdam

339 2638 707 2704 auctoribus
751 2639 890 2702 sine
937 2638 1138 2703 solido
1182 2637 1604 2703 fundamento
1652 2638 2122 2721 suppositiones
2168 2638 2337 2701 fiunt
2382 2640 2449 2701 et
2494 2657 2653 2700 eon-

331 2737 620 2819 jeeturae
667 2734 744 2798 de
789 2735 1131 2798 tormentis
1177 2735 1568 2799 immanibus
1606 2732 1932 2809 adhibitis,
1979 2740 2175 2819 atque
2223 2757 2297 2799 ea
2342 2755 2507 2818 quae
2552 2754 2650 2796 so·

339 2831 641 2896 lemuiter
694 2832 764 2895 in
825 2831 1111 2915 epistolis
1167 2830 1544 2896 Clementis
1587 2836 1969 2895 asseruntur
2027 2854 2144 2915 pro
2204 2832 2408 2896 nihilo
2464 2852 2653 2914 repu-

338 2932 585 3006 tantur,
635 2928 943 3012 ejusmodi
990 2927 1291 2993 methodo
1338 2929 1680 2993 veritatem
1722 2929 1933 3013 detegi
1982 2950 2183 3012 posse,
2231 2949 2561 3014 negamus.

521 3136 562 3203 ¹)
612 3136 805 3190 Plures
854 3140 1133 3202 auotoreS,
1185 3136 1269 3189 uti
1307 3136 1480 3205 Jager
1528 3137 1672 3190 Hist.
1713 3139 1778 3191 ‹le
1823 3137 2056 3206 l’Eglise
2105 3137 2248 3190 cath.
2304 3153 2369 3191 en
2418 3137 2651 3201 Plance,

341 3216 401 3270 Τ.
438 3215 505 3269 Χ.
555 3231 607 3282 p.
643 3218 774 3279 406,
822 3214 1272 3283 Hergenr'other,
1319 3216 1387 3269 K.
1439 3216 1501 3269 G.
1550 3217 1612 3269 B.
1653 3215 1755 3270 III.
1812 3233 1863 3284 p.
1900 3219 2028 3280 340,
2080 3219 2330 3282 censent,
2382 3221 2650 3269 torturam

341 3310 448 3347 non
485 3293 784 3348 adhibitam
834 3293 1005 3347 fuisse
1053 3294 1110 3346 in
1160 3293 1406 3349 examine
1453 3295 1642 3348 horum
1695 3298 1794 3348 140
1831 3295 2272 3362 Templariorum.
2346 3294 2651 3349 Occurrunt

339 3379 526 3428 tamen
581 3372 776 3426 saltem
833 3372 1017 3439 aliqua
1071 3372 1331 3441 vestigia.
1414 3374 1504 3426 Ita
1553 3373 1756 3427 collato
1806 3374 2052 3428 examine
2103 3374 2294 3427 fratris
2343 3373 2532 3442 Egidii
2582 3375 2649 3428 de

338 3452 466 3506 Ecci
515 3467 694 3505 coram
740 3452 1010 3506 Gulielmo
1058 3452 1389 3519 Inquisitore
1435 3452 1721 3519 (Michelet,
1767 3452 1969 3507 Proees
2019 3453 2091 3506 II.
2143 3454 2297 3519 373),
2354 3459 2410 3507 et
2455 3453 2649 3507 fratris

341 3531 431 3598 qui
478 3531 679 3584 dieitur
725 3530 962 3585 Gilletus
1007 3532 1073 3584 de
1119 3530 1313 3586 Eereio
1361 3546 1539 3584 eoram
1585 3531 1972 3585 Commissione
2014 3531 2293 3600 pontificia
2338 3531 2565 3601 (Proees
2601 3532 2648 3585 I.

339 3612 491 3676 249),
536 3609 818 3664 invenitur
864 3609 930 3664 de
979 3610 1167 3664 eadem
1216 3609 1311 3677 agi
1362 3626 1609 3676 persona.
1683 3610 1807 3664 Jam
1858 3626 1986 3665 vero
2035 3627 2213 3665 eoram
2263 3611 2650 3666 Commissione

340 3688 579 3743 Gilletus
617 3688 768 3755 dicit,
809 3688 983 3755 „quod
1011 3688 1198 3743 fuerat
1224 3690 1539 3756 suppositus
1579 3689 1954 3756 questionibus
1981 3690 2034 3743 in
2062 3690 2290 3756 Templo
2329 3690 2490 3758 paulo
2521 3696 2650 3758 post

339 3767 703 3834 capcionem.“
791 3767 932 3820 Erat
978 3767 1067 3821 hie
1119 3767 1357 3822 Gilletus
1408 3767 1585 3822 frater
1632 3768 1881 3823 serviens
1932 3769 2243 3837 „laborator
2288 3785 2543 3837 agrorum
2590 3775 2649 3824 et

339 3853 523 3901 eustos
560 3846 924 3900 animalium.“
1001 3846 1340 3913 'templarius
1375 3847 1690 3902 immediate
1727 3855 1857 3903 ante
1893 3864 2012 3903 eum
2051 3847 2297 3914 auditus,
2334 3849 2647 3903 Matthaeus

340 3926 407 3979 de
444 3927 646 3991 Arma,
697 3925 843 3980 sieut
879 3924 1118 3979 Gilletus
1170 3926 1228 3980 in
1266 3927 1495 3994 Templo
1543 3928 1611 3982 de
1653 3927 1967 3982 Serineourt
2012 3934 2295 3996 receptus,
2347 3934 2540 3995 sponte
2585 3935 2648 3982 ut

338 4004 558 4058 videtur
594 4003 750 4058 varia
795 4004 1078 4059 confessus
1127 4013 1262 4060 erat.
1338 4006 1493 4061 Unde
1544 4007 1772 4074 negatio
1811 4007 2002 4061 Gilleti
2052 4008 2242 4062 habita
2278 4015 2366 4061 est
2394 4019 2465 4062 ‘ut
2499 4023 2648 4062 men·

338 4083 463 4148 dax,
501 4089 559 4136 et
595 4088 811 4137 tortura
835 4083 1097 4137 adhibita.
1160 4081 1270 4139 cfr.
1297 4084 1629 4153 Jungmann,
1673 4084 1921 4140 Clemens
1946 4086 2012 4141 V.
2058 4087 2164 4140 und
2204 4086 2290 4141 die
2316 4087 2642 4154 Aufhebung

335 4162 389 4215 d.
428 4162 902 4228 Templerordens,
940 4164 1311 4217 Innsbrueker
1347 4163 1688 4229 Zeitschrift,
1723 4163 1788 4215 V.
1827 4167 1945 4217 588.

2700 507 2780 628 λ

2696 862 2971 912 spontaneae.

3008 688 3176 933 eij}
