3281 5014
1202 428 1285 482 De
1324 429 1539 496 Synodo
1577 428 1912 485 Florentina.
2615 431 2715 480 377

402 569 663 634 nomine
708 568 920 651 iyitur
964 574 1225 634 sanctae
1282 569 1667 649 Trinitatis,
1727 569 1956 635 Patris
2002 573 2062 633 et
2109 568 2274 634 Filii
2320 573 2382 633 et
2423 567 2719 650 Spiritus

402 665 643 746 sancti,
700 665 814 730 hoc
871 685 1055 730 sacro
1114 665 1513 749 approbante
1564 665 1927 730 universali
1971 663 2364 730 Florentino
2409 662 2716 742 Concilio,

402 761 777 843 definimus,
838 766 913 826 ut
956 760 1111 827 haec
1163 762 1316 844 fidei
1361 763 1605 828 veritas
1653 763 1730 828 ab
1783 761 2082 827 omnibus
2133 759 2538 826 Christianis
2585 779 2716 824 cre·

401 859 605 924 datur
665 863 727 923 et
786 857 1191 942 suscipiatur
1252 860 1467 940 sicque
1529 879 1745 924 omnes
1790 857 2248 943 profiteantur.
2348 849 2719 941 Sequuntur

404 956 550 1020 dein
609 957 1013 1021 definitiones
1072 956 1147 1020 de
1197 959 1387 1021 variis
1433 959 1690 1041 punctis
1736 957 1882 1021 fidei
1929 952 2390 1028 controversiS,
2450 955 2526 1017 de
2573 951 2713 1036 Spi-

404 1054 569 1117 ritus
626 1055 833 1118 sancti
878 1055 1307 1137 processione,
1364 1054 1442 1117 de
1491 1076 1659 1138 pane
1705 1053 2175 1125 EucharisticO,
2223 1052 2299 1116 de
2347 1051 2719 1135 purgatorio

405 1158 473 1213 et
519 1150 762 1214 visione
810 1150 936 1215 Dei
983 1151 1310 1233 beatifica,
1357 1174 1430 1215 ac
1473 1151 1728 1214 demum
1775 1151 1851 1214 de
1898 1151 2175 1234 primatu
2226 1148 2503 1213 Romani
2549 1147 2718 1210 Pon-

405 1248 613 1311 tifieis.
718 1246 896 1311 Haec
956 1247 1243 1311 definitio
1304 1248 1536 1311 summi
1600 1248 1913 1312 momenti
1975 1248 2070 1310 ita
2131 1267 2199 1310 se
2257 1245 2497 1308 habet:>
2551 1242 2717 1307 Item

405 1341 776 1421 definimus,
832 1347 1127 1407 sanctam
1175 1341 1616 1425 Apostolicam
1674 1341 1898 1408 Sedem
1955 1346 2016 1406 et
2067 1341 2444 1407 Romanum
2491 1338 2717 1405 Ponti·

398 1437 580 1518 ficem
624 1438 698 1503 in
744 1438 1122 1504 universum
1170 1438 1383 1505 orbem
1428 1443 1642 1503 tenere
1677 1439 2065 1522 primatum,
2121 1442 2181 1502 et
2223 1438 2439 1519 ipsum
2488 1436 2717 1501 Ponti-

402 1535 581 1615 ficem
629 1535 1006 1600 Romanum
1063 1555 1484 1600 successorem
1532 1556 1664 1600 esse
1723 1535 1892 1600 beati
1937 1534 2124 1599 Petri
2169 1533 2500 1616 principis
2546 1532 2718 1614 Apo-

405 1631 752 1711 stolorum,
830 1638 891 1697 et
966 1653 1187 1696 verum
1262 1630 1520 1696 Christi
1593 1631 1919 1697 vicarium
1996 1631 2319 1712 totiusque
2391 1628 2719 1694 Ecclesiae

406 1733 600 1813 caput
646 1733 706 1793 et
754 1729 1045 1794 omnium
1083 1727 1617 1794 Christianorum
1655 1733 1916 1811 patrem
1963 1747 2037 1792 ac
2077 1727 2394 1792 doctorem
2425 1726 2716 1805 existere,

407 1830 467 1890 et
510 1825 640 1908 ipsi
684 1824 759 1891 in
821 1826 999 1891 beato
1046 1826 1243 1890 Petro
1283 1825 1625 1909 pascendi,
1676 1824 1941 1908 rependi
1986 1844 2062 1888 ac
2112 1823 2523 1907 qubernandi
2570 1823 2719 1888 uni-

406 1923 718 1988 versalem
778 1923 1135 1988 Ecclesiam
1192 1943 1233 1987 a
1290 1921 1577 1987 Domino
1637 1927 1859 1987 nostro
1917 1921 2078 1986 Jesu
2140 1919 2408 1985 Christo
2453 1918 2717 2001 plenam

407 2025 779 2103 potestatem
815 2020 1132 2085 traditam
1175 2040 1323 2096 esse,
1373 2018 1905 2101 quemadmodum
1938 2017 2132 2083 etiam
2179 2017 2252 2082 in
2292 2015 2494 2099 pestis
2540 2035 2717 2080 oecu-

406 2117 803 2182 menicorum
842 2115 1275 2182 Conciliorum
1301 2121 1362 2179 et
1395 2115 1468 2181 in
1504 2115 1712 2181 sacris
1740 2115 2097 2181 canonibus
2122 2112 2492 2180 continetur
2543 2115 2718 2195 (καθ’

408 2218 481 2278 ὃν
537 2217 775 2297 τρόπον
828 2216 935 2278 καὶ
990 2217 1056 2279 ἐν
1120 2221 1246 2284 τοῖς
1299 2216 1667 2296 πρακτίκοις
1720 2220 1849 2277 τῶν
1912 2214 2372 2295 οἰκουμενίκων
2429 2211 2721 2274 συνόδων

405 2312 513 2374 καὶ
561 2314 626 2374 ἐν
676 2318 803 2381 τοῖς
850 2313 1037 2393 ἱεροῖς
1083 2313 1305 2374 κάνοσι
1353 2306 1943 2392 διαλαμβάνεται).1)

578 2462 681 2526 46.
756 2459 1288 2548 SubscripseQQt
1356 2465 1498 2543 post
1570 2458 1938 2543 Eugenium
2005 2457 2252 2543 Papam
2327 2456 2718 2534 CardinaleS,

402 2560 760 2643 Imperator
817 2556 1105 2622 Joannes
1175 2556 1619 2641 palaeologus,
1684 2555 2164 2639 archiepiscopi,
2241 2555 2518 2638 episcopi
2579 2555 2720 2618 alii·

402 2654 804 2740 que'Graeci
862 2676 934 2718 ac
983 2654 1221 2719 Latini.
1317 2654 1485 2718 Dein
1544 2654 1832 2737 quinque
1891 2654 2180 2736 exempla
2238 2652 2564 2736 praefatae
2611 2652 2719 2715 de-

405 2753 719 2816 finitionis
775 2773 1000 2836 graece
1057 2774 1129 2815 ac
1185 2752 1386 2815 latine
1442 2750 1804 2834 conscripta
1850 2756 1916 2813 et
1962 2774 2000 2814 a
2048 2749 2300 2813 Latinis
2347 2754 2412 2813 et
2460 2746 2721 2812 Graecis

402 2850 762 2931 subscripta
806 2855 989 2924 sunt,
1038 2870 1311 2932 quorum
1358 2871 1559 2912 unum
1609 2846 1864 2923 Graeci,
1923 2849 2192 2912 alterum
2243 2846 2466 2918 Latini
2510 2867 2721 2909 sume-

405 2951 579 3020 rent,
638 2944 890 3027 reliqua
936 2944 1352 3008 mitterentur
1397 2945 1474 3008 ad
1523 2944 1935 3027 patriarchas,
2027 2943 2362 3027 Eugenius
2411 2940 2523 3006 IV.
2572 2964 2722 3005 vero

406 3042 484 3105 de
532 3042 753 3105 eadem
810 3064 879 3105 re
925 3041 1177 3104 litteras
1222 3041 1478 3123 scripsit
1525 3041 1600 3103 ad
1664 3041 1997 3105 universos
2057 3040 2375 3124 principes
2427 3038 2721 3103 christia·

410 3162 541 3204 nos,
646 3138 862 3221 Atque
931 3137 1025 3200 ita
1091 3136 1283 3200 finem
1359 3136 1604 3219 accepit
1673 3137 1936 3200 unionis
2007 3158 2116 3200 seu
2183 3135 2722 3199 reconciliationis

410 3235 731 3300 Ecclesiae
778 3254 1043 3318 graecae
1087 3255 1229 3297 cum
1276 3234 1480 3296 lat-ina
1535 3233 1891 3316 negotium.
1943 3269 2020 3279 —
2075 3231 2526 3316 Opportunum
2573 3253 2722 3295 vero

409 3334 533 3396 erit
579 3332 684 3395 hic
737 3332 955 3414 paucis
1013 3330 1364 3415 adjungere
1424 3351 1527 3410 ea,
1582 3351 1747 3412 quae
1804 3333 1948 3413 post
2004 3328 2277 3391 reditum
2331 3326 2720 3392 Graecorum

406 3431 474 3492 in
528 3427 793 3502 Oriente
841 3426 1229 3491 acciderunt.

586 3569 689 3633 47.
748 3566 987 3632 Omnes
1046 3565 1269 3631 Graeci
1326 3566 1679 3630 incolumes
1726 3564 2356 3649 Constantinopolim
2414 3586 2721 3648 pervene-

410 3670 567 3729 runt
611 3686 833 3728 mense
881 3662 1232 3727 Februario
1280 3686 1337 3728 a.
1391 3663 1584 3735 144ος
1633 3660 1975 3750 Bessarion
2024 3665 2240 3725 autem
2280 3663 2362 3725 ab
2410 3661 2721 3744 Eugeni0‚

410 3784 608 3846 quum
657 3761 864 3825 adhuc
908 3759 1177 3824 durante
1227 3760 1509 3824 Concilio
1557 3759 1946 3823 creationem
1994 3759 2231 3823 faceret
2274 3758 2723 3842 septemdecim

412 3858 884 3934 Cardinalium‚
954 3879 1028 3921 ea
1093 3855 1410 3941 dignitate
1484 3859 1749 3936 ornatus
1814 3855 2053 3931 fuerat,
2125 3860 2191 3918 et
2254 3858 2323 3919 in
2388 3854 2721 3920 Graeciam

412 3976 547 4020 non
596 3976 884 4019 reversus
934 3953 1173 4017 Romae
1222 3941 1442 4037 postea
1488 3953 1668 4016 vixit.
1760 3949 2140 4017 Patriarcha
2185 3953 2572 4017 constitutus
2629 3956 2723 4014 est

597 4173 637 4239 ¹)
676 4172 855 4226 nabbe
892 4172 1047 4225 x111.
1087 4174 1207 4226 510.

2768 3590 2966 3631 Eventus
2992 3588 3037 3627 in

2806 3650 2995 3692 Oriente.
