<?xml version="1.0" encoding="UTF-8"?>
<!DOCTYPE html PUBLIC "-//W3C//DTD XHTML 1.0 Transitional//EN"
    "http://www.w3.org/TR/xhtml1/DTD/xhtml1-transitional.dtd">
<html xmlns="http://www.w3.org/1999/xhtml" xml:lang="en" lang="en">
 <head>
  <title>
</title>
<meta http-equiv="Content-Type" content="text/html;charset=utf-8" />
  <meta name='ocr-system' content='tesseract 3.04.00' />
  <meta name='ocr-capabilities' content='ocr_page ocr_carea ocr_par ocr_line ocrx_word'/>
</head>
<body>
  <div class='ocr_page' id='page_1' title='image "./dissertationess05junggoog_0026.png"; bbox 0 0 3281 5014; ppageno 0'>
   <div class='ocr_carea' id='block_1_1' title="bbox 647 420 2371 481">
    <p class='ocr_par' dir='ltr' id='par_1_1' title="bbox 647 420 2371 481">
     <span class='ocr_line' id='line_1_1' title="bbox 647 420 2371 481; baseline 0.005 -10"><span class='ocrx_word' id='word_1_1' title='bbox 647 421 718 471; x_wconf 80' lang='lat'><strong>20</strong></span> <span class='ocrx_word' id='word_1_2' title='bbox 1225 420 1396 474; x_wconf 91' lang='lat' dir='ltr'>XXX.</span> <span class='ocrx_word' id='word_1_3' title='bbox 1436 422 1519 478; x_wconf 89' lang='lat' dir='ltr'><strong>De</strong></span> <span class='ocrx_word' id='word_1_4' title='bbox 1553 423 1887 479; x_wconf 84' lang='lat' dir='ltr'><strong>Pontificatu</strong></span> <span class='ocrx_word' id='word_1_5' title='bbox 1923 425 2192 480; x_wconf 79' lang='lat' dir='ltr'><strong>Bonifatii</strong></span> <span class='ocrx_word' id='word_1_6' title='bbox 2215 427 2371 481; x_wconf 90' lang='lat' dir='ltr'><strong>VIII.</strong></span> 
     </span>
    </p>
   </div>
   <div class='ocr_carea' id='block_1_2' title="bbox 649 559 2962 943">
    <p class='ocr_par' dir='ltr' id='par_1_2' title="bbox 649 559 2962 943">
     <span class='ocr_line' id='line_1_2' title="bbox 649 559 2961 654; baseline 0.006 -32"><span class='ocrx_word' id='word_1_7' title='bbox 649 559 834 624; x_wconf 85' lang='lat' dir='ltr'><strong>valde</strong></span> <span class='ocrx_word' id='word_1_8' title='bbox 892 562 1220 643; x_wconf 83' lang='lat' dir='ltr'><strong>probabile</strong></span> <span class='ocrx_word' id='word_1_9' title='bbox 1284 567 1410 645; x_wconf 89' lang='lat' dir='ltr'><strong>est,</strong></span> <span class='ocrx_word' id='word_1_10' title='bbox 1467 564 1616 628; x_wconf 87' lang='lat' dir='ltr'><strong>inde</strong></span> <span class='ocrx_word' id='word_1_11' title='bbox 1672 587 1926 650; x_wconf 90' lang='lat' dir='ltr'><strong>quoque</strong></span> <span class='ocrx_word' id='word_1_12' title='bbox 1986 567 2378 632; x_wconf 76' lang='lat' dir='ltr'><strong>occasionem</strong></span> <span class='ocrx_word' id='word_1_13' title='bbox 2441 573 2787 654; x_wconf 84' lang='lat' dir='ltr'><strong>sumpsisse</strong></span> <span class='ocrx_word' id='word_1_14' title='bbox 2845 572 2961 635; x_wconf 87' lang='lat' dir='ltr'><strong>ad-</strong></span> 
     </span>
     <span class='ocr_line' id='line_1_3' title="bbox 650 656 2960 750; baseline 0.006 -32"><span class='ocrx_word' id='word_1_15' title='bbox 650 656 962 721; x_wconf 84' lang='lat' dir='ltr'><strong>versarios</strong></span> <span class='ocrx_word' id='word_1_16' title='bbox 1028 656 1377 737; x_wconf 82' lang='lat' dir='ltr'><strong>Bonifatii,</strong></span> <span class='ocrx_word' id='word_1_17' title='bbox 1446 665 1522 726; x_wconf 91' lang='lat' dir='ltr'><strong>ut</strong></span> <span class='ocrx_word' id='word_1_18' title='bbox 1581 662 1650 725; x_wconf 87' lang='lat' dir='ltr'><strong>in</strong></span> <span class='ocrx_word' id='word_1_19' title='bbox 1715 660 2085 727; x_wconf 86' lang='lat' dir='ltr'><strong>Pontificem</strong></span> <span class='ocrx_word' id='word_1_20' title='bbox 2154 664 2659 750; x_wconf 77' lang='lat' dir='ltr'><strong>obloquerentur</strong></span> <span class='ocrx_word' id='word_1_21' title='bbox 2727 689 2801 732; x_wconf 90' lang='lat' dir='ltr'><strong>eo</strong></span> <span class='ocrx_word' id='word_1_22' title='bbox 2855 669 2960 732; x_wconf 78' lang='lat' dir='ltr'><strong>vel</strong></span> 
     </span>
     <span class='ocr_line' id='line_1_4' title="bbox 653 753 2954 843; baseline 0.006 -28"><span class='ocrx_word' id='word_1_23' title='bbox 653 753 883 836; x_wconf 85' lang='lat' dir='ltr'><strong>magis,</strong></span> <span class='ocrx_word' id='word_1_24' title='bbox 941 755 1111 838; x_wconf 90' lang='lat' dir='ltr'><strong>quod</strong></span> <span class='ocrx_word' id='word_1_25' title='bbox 1165 757 1357 821; x_wconf 90' lang='lat' dir='ltr'><strong>etiam</strong></span> <span class='ocrx_word' id='word_1_26' title='bbox 1408 754 1471 821; x_wconf 86' lang='lat' dir='ltr'><strong>S.</strong></span> <span class='ocrx_word' id='word_1_27' title='bbox 1522 756 1919 824; x_wconf 88' lang='lat' dir='ltr'><strong>Coelestinus</strong></span> <span class='ocrx_word' id='word_1_28' title='bbox 1953 757 2027 824; x_wconf 89' lang='lat' dir='ltr'><strong>V.</strong></span> <span class='ocrx_word' id='word_1_29' title='bbox 2079 762 2215 843; x_wconf 91' lang='lat' dir='ltr'><strong>jam</strong></span> <span class='ocrx_word' id='word_1_30' title='bbox 2262 763 2711 828; x_wconf 89' lang='lat' dir='ltr'><strong>consobrinum</strong></span> <span class='ocrx_word' id='word_1_31' title='bbox 2760 763 2954 829; x_wconf 91' lang='lat' dir='ltr'><strong>Boni·</strong></span> 
     </span>
     <span class='ocr_line' id='line_1_5' title="bbox 650 848 2962 943; baseline 0.004 -30"><span class='ocrx_word' id='word_1_32' title='bbox 650 849 797 913; x_wconf 88' lang='lat' dir='ltr'><strong>fatii</strong></span> <span class='ocrx_word' id='word_1_33' title='bbox 861 848 1182 917; x_wconf 85' lang='lat' dir='ltr'><strong>Joannem</strong></span> <span class='ocrx_word' id='word_1_34' title='bbox 1247 853 1326 916; x_wconf 88' lang='lat' dir='ltr'><strong>ad</strong></span> <span class='ocrx_word' id='word_1_35' title='bbox 1388 852 1673 918; x_wconf 90' lang='lat' dir='ltr'><strong>eamdem</strong></span> <span class='ocrx_word' id='word_1_36' title='bbox 1739 854 2124 939; x_wconf 87' lang='lat' dir='ltr'><strong>dignitatem</strong></span> <span class='ocrx_word' id='word_1_37' title='bbox 2190 864 2505 923; x_wconf 84' lang='lat' dir='ltr'><strong>evexerat.</strong></span> <span class='ocrx_word' id='word_1_38' title='bbox 2596 859 2962 943; x_wconf 83' lang='lat' dir='ltr'><strong>Jacoponus</strong></span> 
     </span>
    </p>
   </div>
   <div class='ocr_carea' id='block_1_3' title="bbox 650 945 2964 1128">
    <p class='ocr_par' dir='ltr' id='par_1_3' title="bbox 650 945 2964 1128">
     <span class='ocr_line' id='line_1_6' title="bbox 650 945 2964 1034; baseline 0.005 -25"><span class='ocrx_word' id='word_1_39' title='bbox 650 950 820 1010; x_wconf 89' lang='lat' dir='ltr'><strong>certe</strong></span> <span class='ocrx_word' id='word_1_40' title='bbox 863 945 929 1009; x_wconf 89' lang='lat' dir='ltr'><strong>in</strong></span> <span class='ocrx_word' id='word_1_41' title='bbox 978 952 1197 1031; x_wconf 85' lang='lat' dir='ltr'><strong>satyra</strong></span> <span class='ocrx_word' id='word_1_42' title='bbox 1246 971 1360 1014; x_wconf 89' lang='lat' dir='ltr'><strong>sua</strong></span> <span class='ocrx_word' id='word_1_43' title='bbox 1405 950 1698 1034; x_wconf 76' lang='lat' dir='ltr'><strong>increpat</strong></span> <span class='ocrx_word' id='word_1_44' title='bbox 1741 951 2142 1017; x_wconf 77' lang='lat' dir='ltr'><strong>Bonifatium</strong></span> <span class='ocrx_word' id='word_1_45' title='bbox 2189 954 2269 1017; x_wconf 87' lang='lat' dir='ltr'><strong>ob</strong></span> <span class='ocrx_word' id='word_1_46' title='bbox 2315 955 2810 1020; x_wconf 85' lang='lat' dir='ltr'><strong>inverecundam</strong></span> <span class='ocrx_word' id='word_1_47' title='bbox 2858 978 2964 1020; x_wconf 83' lang='lat' dir='ltr'><strong>ex·</strong></span> 
     </span>
     <span class='ocr_line' id='line_1_7' title="bbox 652 1042 1634 1128; baseline 0.005 -22"><span class='ocrx_word' id='word_1_48' title='bbox 652 1042 1033 1109; x_wconf 89' lang='lat' dir='ltr'><strong>altationem</strong></span> <span class='ocrx_word' id='word_1_49' title='bbox 1056 1066 1061 1073; x_wconf 90' lang='lat'><em>·</em></span> <span class='ocrx_word' id='word_1_50' title='bbox 1083 1045 1365 1111; x_wconf 90' lang='lat' dir='ltr'><strong>familiae</strong></span> <span class='ocrx_word' id='word_1_51' title='bbox 1411 1045 1634 1128; x_wconf 88' lang='lat' dir='ltr'><strong>suae.¹)</strong></span> 
     </span>
    </p>
   </div>
   <div class='ocr_carea' id='block_1_4' title="bbox 344 1169 2982 2801">
    <p class='ocr_par' dir='ltr' id='par_1_4' title="bbox 344 1169 2982 2801">
     <span class='ocr_line' id='line_1_8' title="bbox 344 1169 2965 1257; baseline 0.001 -22"><span class='ocrx_word' id='word_1_52' title='bbox 344 1183 614 1254; x_wconf 59' lang='lat' dir='ltr'><strong>PhilippiP·</strong></span> <span class='ocrx_word' id='word_1_53' title='bbox 830 1174 933 1238; x_wconf 82' lang='lat'><strong>21.</strong></span> <span class='ocrx_word' id='word_1_54' title='bbox 1001 1169 1128 1236; x_wconf 85' lang='lat' dir='ltr'><strong>Sed</strong></span> <span class='ocrx_word' id='word_1_55' title='bbox 1181 1171 1317 1253; x_wconf 91' lang='lat' dir='ltr'><strong>jam</strong></span> <span class='ocrx_word' id='word_1_56' title='bbox 1381 1170 1722 1251; x_wconf 87' lang='lat' dir='ltr'><strong>loquamur</strong></span> <span class='ocrx_word' id='word_1_57' title='bbox 1779 1170 1858 1234; x_wconf 93' lang='lat' dir='ltr'><strong>de</strong></span> <span class='ocrx_word' id='word_1_58' title='bbox 1921 1171 2124 1235; x_wconf 90' lang='lat' dir='ltr'><strong>initiis</strong></span> <span class='ocrx_word' id='word_1_59' title='bbox 2185 1169 2471 1251; x_wconf 75' lang='lat' dir='ltr'><strong>dissidii,</strong></span> <span class='ocrx_word' id='word_1_60' title='bbox 2541 1174 2709 1257; x_wconf 92' lang='lat' dir='ltr'><strong>quod</strong></span> <span class='ocrx_word' id='word_1_61' title='bbox 2751 1173 2965 1238; x_wconf 79' lang='lat' dir='ltr'><strong>Boni-</strong></span> 
     </span>
     <span class='ocr_line' id='line_1_9' title="bbox 346 1245 2962 1352; baseline 0 -18"><span class='ocrx_word' id='word_1_62' title='bbox 346 1245 605 1288; x_wconf 53' lang='lat' dir='ltr'>“ndenf&#39;ffle&#39;</span> <span class='ocrx_word' id='word_1_63' title='bbox 649 1268 894 1352; x_wconf 69' lang='lat' dir='ltr'><strong>fatiam</strong></span> <span class='ocrx_word' id='word_1_64' title='bbox 941 1268 1118 1333; x_wconf 79' lang='lat' dir='ltr'><strong>inter</strong></span> <span class='ocrx_word' id='word_1_65' title='bbox 1163 1270 1223 1330; x_wconf 85' lang='lat' dir='ltr'><strong>et</strong></span> <span class='ocrx_word' id='word_1_66' title='bbox 1268 1262 1656 1348; x_wconf 79' lang='lat' dir='ltr'><strong>Philippum</strong></span> <span class='ocrx_word' id='word_1_67' title='bbox 1702 1265 1822 1330; x_wconf 90' lang='lat' dir='ltr'><strong>IV.</strong></span> <span class='ocrx_word' id='word_1_68' title='bbox 1883 1265 2127 1331; x_wconf 85' lang='lat' dir='ltr'><strong>Galliae</strong></span> <span class='ocrx_word' id='word_1_69' title='bbox 2184 1256 2398 1352; x_wconf 65' lang='lat' dir='ltr'><strong>regem</strong></span> <span class='ocrx_word' id='word_1_70' title='bbox 2462 1292 2609 1334; x_wconf 88' lang='lat' dir='ltr'><strong>mox</strong></span> <span class='ocrx_word' id='word_1_71' title='bbox 2666 1279 2962 1335; x_wconf 84' lang='lat' dir='ltr'><strong>exortum</strong></span> 
     </span>
     <span class='ocr_line' id='line_1_10' title="bbox 654 1363 2961 1448; baseline -0 -16"><span class='ocrx_word' id='word_1_72' title='bbox 654 1372 770 1432; x_wconf 87' lang='lat' dir='ltr'><strong>est.</strong></span> <span class='ocrx_word' id='word_1_73' title='bbox 872 1365 1080 1430; x_wconf 87' lang='lat' dir='ltr'><strong>Causa</strong></span> <span class='ocrx_word' id='word_1_74' title='bbox 1143 1363 1651 1428; x_wconf 86' lang='lat' dir='ltr'><strong>fundamentalis</strong></span> <span class='ocrx_word' id='word_1_75' title='bbox 1718 1364 1848 1428; x_wconf 88' lang='lat' dir='ltr'><strong>litis</strong></span> <span class='ocrx_word' id='word_1_76' title='bbox 1906 1366 2078 1428; x_wconf 86' lang='lat' dir='ltr'><strong>inter</strong></span> <span class='ocrx_word' id='word_1_77' title='bbox 2139 1385 2354 1448; x_wconf 88' lang='lat' dir='ltr'><strong>regem</strong></span> <span class='ocrx_word' id='word_1_78' title='bbox 2415 1365 2605 1430; x_wconf 89' lang='lat' dir='ltr'><strong>istum</strong></span> <span class='ocrx_word' id='word_1_79' title='bbox 2675 1374 2737 1432; x_wconf 90' lang='lat' dir='ltr'><strong>et</strong></span> <span class='ocrx_word' id='word_1_80' title='bbox 2787 1366 2961 1431; x_wconf 92' lang='lat' dir='ltr'><strong>Pon-</strong></span> 
     </span>
     <span class='ocr_line' id='line_1_11' title="bbox 651 1459 2965 1547; baseline -0.001 -20"><span class='ocrx_word' id='word_1_81' title='bbox 651 1464 887 1528; x_wconf 89' lang='lat' dir='ltr'><strong>tificem</strong></span> <span class='ocrx_word' id='word_1_82' title='bbox 932 1462 1061 1527; x_wconf 91' lang='lat' dir='ltr'><strong>fuit</strong></span> <span class='ocrx_word' id='word_1_83' title='bbox 1112 1461 1282 1545; x_wconf 89' lang='lat' dir='ltr'><strong>regis</strong></span> <span class='ocrx_word' id='word_1_84' title='bbox 1342 1459 1726 1543; x_wconf 84' lang='lat' dir='ltr'><strong>perversitas</strong></span> <span class='ocrx_word' id='word_1_85' title='bbox 1783 1464 1850 1523; x_wconf 92' lang='lat' dir='ltr'><strong>et</strong></span> <span class='ocrx_word' id='word_1_86' title='bbox 1906 1461 2152 1525; x_wconf 89' lang='lat' dir='ltr'><strong>malitia</strong></span> <span class='ocrx_word' id='word_1_87' title='bbox 2206 1483 2479 1541; x_wconf 90' lang='lat' dir='ltr'><strong>summa,</strong></span> <span class='ocrx_word' id='word_1_88' title='bbox 2542 1485 2728 1547; x_wconf 89' lang='lat' dir='ltr'><strong>quam</strong></span> <span class='ocrx_word' id='word_1_89' title='bbox 2774 1462 2965 1528; x_wconf 79' lang='lat' dir='ltr'><strong>sicuti</strong></span> 
     </span>
     <span class='ocr_line' id='line_1_12' title="bbox 652 1557 2966 1644; baseline -0.002 -19"><span class='ocrx_word' id='word_1_90' title='bbox 652 1582 764 1644; x_wconf 91' lang='lat' dir='ltr'><strong>per</strong></span> <span class='ocrx_word' id='word_1_91' title='bbox 811 1564 1015 1625; x_wconf 88' lang='lat' dir='ltr'><strong>totam</strong></span> <span class='ocrx_word' id='word_1_92' title='bbox 1078 1557 1273 1621; x_wconf 84' lang='lat' dir='ltr'><strong>vitam</strong></span> <span class='ocrx_word' id='word_1_93' title='bbox 1333 1578 1515 1620; x_wconf 89' lang='lat' dir='ltr'><strong>suam</strong></span> <span class='ocrx_word' id='word_1_94' title='bbox 1568 1557 1635 1621; x_wconf 92' lang='lat' dir='ltr'><strong>in</strong></span> <span class='ocrx_word' id='word_1_95' title='bbox 1695 1557 1917 1620; x_wconf 88' lang='lat' dir='ltr'><strong>multis</strong></span> <span class='ocrx_word' id='word_1_96' title='bbox 1973 1558 2287 1633; x_wconf 86' lang='lat' dir='ltr'><strong>ostendit,</strong></span> <span class='ocrx_word' id='word_1_97' title='bbox 2345 1557 2439 1621; x_wconf 90' lang='lat' dir='ltr'><strong>ita</strong></span> <span class='ocrx_word' id='word_1_98' title='bbox 2493 1560 2685 1623; x_wconf 87' lang='lat' dir='ltr'><strong>etiam</strong></span> <span class='ocrx_word' id='word_1_99' title='bbox 2745 1561 2812 1622; x_wconf 92' lang='lat' dir='ltr'><strong>in</strong></span> <span class='ocrx_word' id='word_1_100' title='bbox 2861 1567 2966 1622; x_wconf 87' lang='lat' dir='ltr'><strong>ta·</strong></span> 
     </span>
     <span class='ocr_line' id='line_1_13' title="bbox 654 1653 2967 1739; baseline 0 -19"><span class='ocrx_word' id='word_1_101' title='bbox 654 1658 822 1721; x_wconf 91' lang='lat' dir='ltr'><strong>libus</strong></span> <span class='ocrx_word' id='word_1_102' title='bbox 891 1655 1198 1739; x_wconf 90' lang='lat' dir='ltr'><strong>negotiis,</strong></span> <span class='ocrx_word' id='word_1_103' title='bbox 1270 1674 1433 1736; x_wconf 87' lang='lat' dir='ltr'><strong>quae</strong></span> <span class='ocrx_word' id='word_1_104' title='bbox 1499 1654 1940 1718; x_wconf 77' lang='lat' dir='ltr'><strong>interventum</strong></span> <span class='ocrx_word' id='word_1_105' title='bbox 2010 1654 2282 1718; x_wconf 87' lang='lat' dir='ltr'><strong>Romani</strong></span> <span class='ocrx_word' id='word_1_106' title='bbox 2349 1653 2678 1720; x_wconf 87' lang='lat' dir='ltr'><strong>Pontificis</strong></span> <span class='ocrx_word' id='word_1_107' title='bbox 2745 1678 2967 1720; x_wconf 86' lang='lat' dir='ltr'><strong>neces-</strong></span> 
     </span>
     <span class='ocr_line' id='line_1_14' title="bbox 653 1748 2968 1836; baseline -0 -19"><span class='ocrx_word' id='word_1_108' title='bbox 653 1753 893 1817; x_wconf 85' lang='lat' dir='ltr'><strong>sarium</strong></span> <span class='ocrx_word' id='word_1_109' title='bbox 964 1750 1337 1816; x_wconf 88' lang='lat' dir='ltr'><strong>reddebant.</strong></span> <span class='ocrx_word' id='word_1_110' title='bbox 1441 1748 1807 1814; x_wconf 84' lang='lat' dir='ltr'><strong>Bonifatius</strong></span> <span class='ocrx_word' id='word_1_111' title='bbox 1871 1751 2114 1815; x_wconf 88' lang='lat' dir='ltr'><strong>scilicet</strong></span> <span class='ocrx_word' id='word_1_112' title='bbox 2171 1773 2239 1816; x_wconf 89' lang='lat' dir='ltr'><strong>se</strong></span> <span class='ocrx_word' id='word_1_113' title='bbox 2303 1752 2434 1835; x_wconf 87' lang='lat' dir='ltr'><strong>regi</strong></span> <span class='ocrx_word' id='word_1_114' title='bbox 2492 1754 2817 1836; x_wconf 89' lang='lat' dir='ltr'><strong>opposuit,</strong></span> <span class='ocrx_word' id='word_1_115' title='bbox 2890 1762 2968 1816; x_wconf 79' lang='lat' dir='ltr'><strong>ut</strong></span> 
     </span>
     <span class='ocr_line' id='line_1_15' title="bbox 644 1844 2961 1934; baseline -0.001 -21"><span class='ocrx_word' id='word_1_116' title='bbox 644 1853 797 1934; x_wconf 87' lang='lat' dir='ltr'><strong>jura</strong></span> <span class='ocrx_word' id='word_1_117' title='bbox 843 1849 1163 1913; x_wconf 86' lang='lat' dir='ltr'><strong>Ecclesiae</strong></span> <span class='ocrx_word' id='word_1_118' title='bbox 1210 1844 1597 1921; x_wconf 84' lang='lat' dir='ltr'><strong>vindicaret,</strong></span> <span class='ocrx_word' id='word_1_119' title='bbox 1654 1852 1867 1911; x_wconf 90' lang='lat' dir='ltr'><strong>utrum</strong></span> <span class='ocrx_word' id='word_1_120' title='bbox 1916 1869 2064 1911; x_wconf 85' lang='lat' dir='ltr'><strong>vero</strong></span> <span class='ocrx_word' id='word_1_121' title='bbox 2125 1848 2247 1912; x_wconf 90' lang='lat' dir='ltr'><strong>hae</strong></span> <span class='ocrx_word' id='word_1_122' title='bbox 2288 1849 2355 1912; x_wconf 90' lang='lat' dir='ltr'><strong>in</strong></span> <span class='ocrx_word' id='word_1_123' title='bbox 2415 1869 2481 1911; x_wconf 88' lang='lat' dir='ltr'><strong>re</strong></span> <span class='ocrx_word' id='word_1_124' title='bbox 2540 1849 2795 1912; x_wconf 85' lang='lat' dir='ltr'><strong>modurn</strong></span> <span class='ocrx_word' id='word_1_125' title='bbox 2851 1871 2961 1911; x_wconf 86' lang='lat' dir='ltr'><strong>ex-</strong></span> 
     </span>
     <span class='ocr_line' id='line_1_16' title="bbox 652 1943 2970 2029; baseline -0.001 -18"><span class='ocrx_word' id='word_1_126' title='bbox 652 1947 946 2023; x_wconf 84' lang='lat' dir='ltr'><strong>cesserit,</strong></span> <span class='ocrx_word' id='word_1_127' title='bbox 1013 1966 1090 2009; x_wconf 86' lang='lat' dir='ltr'><strong>ex</strong></span> <span class='ocrx_word' id='word_1_128' title='bbox 1147 1964 1360 2007; x_wconf 87' lang='lat' dir='ltr'><strong>rerum</strong></span> <span class='ocrx_word' id='word_1_129' title='bbox 1420 1943 1819 2025; x_wconf 84' lang='lat' dir='ltr'><strong>expositione</strong></span> <span class='ocrx_word' id='word_1_130' title='bbox 1874 1944 2087 2028; x_wconf 86' lang='lat' dir='ltr'><strong>colligi</strong></span> <span class='ocrx_word' id='word_1_131' title='bbox 2148 1945 2407 2027; x_wconf 86' lang='lat' dir='ltr'><strong>poterit.</strong></span> <span class='ocrx_word' id='word_1_132' title='bbox 2467 1981 2556 1990; x_wconf 90' lang='lat'><strong>—-</strong></span> <span class='ocrx_word' id='word_1_133' title='bbox 2609 1944 2970 2029; x_wconf 88' lang='lat' dir='ltr'><strong>Philippus,</strong></span> 
     </span>
     <span class='ocr_line' id='line_1_17' title="bbox 653 2039 2970 2125; baseline -0 -19"><span class='ocrx_word' id='word_1_134' title='bbox 653 2043 753 2107; x_wconf 88' lang='lat' dir='ltr'><strong>uti</strong></span> <span class='ocrx_word' id='word_1_135' title='bbox 817 2062 896 2105; x_wconf 84' lang='lat' dir='ltr'><strong>ex</strong></span> <span class='ocrx_word' id='word_1_136' title='bbox 942 2040 1262 2104; x_wconf 86' lang='lat' dir='ltr'><strong>historicis</strong></span> <span class='ocrx_word' id='word_1_137' title='bbox 1327 2039 1495 2102; x_wconf 87' lang='lat' dir='ltr'><strong>clare</strong></span> <span class='ocrx_word' id='word_1_138' title='bbox 1551 2039 1908 2123; x_wconf 87' lang='lat' dir='ltr'><strong>colligitur,</strong></span> <span class='ocrx_word' id='word_1_139' title='bbox 1970 2040 2158 2104; x_wconf 91' lang='lat' dir='ltr'><strong>homo</strong></span> <span class='ocrx_word' id='word_1_140' title='bbox 2221 2047 2359 2105; x_wconf 88' lang='lat' dir='ltr'><strong>erat</strong></span> <span class='ocrx_word' id='word_1_141' title='bbox 2418 2042 2726 2125; x_wconf 88' lang='lat' dir='ltr'><strong>perfidus,</strong></span> <span class='ocrx_word' id='word_1_142' title='bbox 2788 2041 2970 2105; x_wconf 84' lang='lat' dir='ltr'><strong>dolo·</strong></span> 
     </span>
     <span class='ocr_line' id='line_1_18' title="bbox 655 2134 2969 2222; baseline -0 -20"><span class='ocrx_word' id='word_1_143' title='bbox 655 2160 796 2217; x_wconf 79' lang='lat' dir='ltr'><strong>suS,</strong></span> <span class='ocrx_word' id='word_1_144' title='bbox 855 2138 1167 2220; x_wconf 88' lang='lat' dir='ltr'><strong>injustus,</strong></span> <span class='ocrx_word' id='word_1_145' title='bbox 1222 2134 1584 2219; x_wconf 80' lang='lat' dir='ltr'><strong>hypocrita,</strong></span> <span class='ocrx_word' id='word_1_146' title='bbox 1645 2137 1995 2201; x_wconf 85' lang='lat' dir='ltr'><strong>effraenata</strong></span> <span class='ocrx_word' id='word_1_147' title='bbox 2033 2137 2401 2201; x_wconf 88' lang='lat' dir='ltr'><strong>dominandi</strong></span> <span class='ocrx_word' id='word_1_148' title='bbox 2451 2138 2717 2203; x_wconf 90' lang='lat' dir='ltr'><strong>libidine</strong></span> <span class='ocrx_word' id='word_1_149' title='bbox 2762 2138 2969 2222; x_wconf 87' lang='lat' dir='ltr'><strong>reple·</strong></span> 
     </span>
     <span class='ocr_line' id='line_1_19' title="bbox 653 2230 2970 2317; baseline -0 -19"><span class='ocrx_word' id='word_1_150' title='bbox 653 2240 792 2310; x_wconf 69' lang='grc' dir='ltr'><strong>ωε,</strong></span> <span class='ocrx_word' id='word_1_151' title='bbox 854 2233 948 2297; x_wconf 92' lang='lat' dir='ltr'><strong>ita</strong></span> <span class='ocrx_word' id='word_1_152' title='bbox 1009 2237 1086 2297; x_wconf 89' lang='lat' dir='ltr'><strong>ut</strong></span> <span class='ocrx_word' id='word_1_153' title='bbox 1140 2231 1525 2296; x_wconf 89' lang='lat' dir='ltr'><strong>conculcatis</strong></span> <span class='ocrx_word' id='word_1_154' title='bbox 1588 2230 1909 2296; x_wconf 84' lang='lat' dir='ltr'><strong>Ecclesiae</strong></span> <span class='ocrx_word' id='word_1_155' title='bbox 1960 2234 2243 2317; x_wconf 88' lang='lat' dir='ltr'><strong>juribus,</strong></span> <span class='ocrx_word' id='word_1_156' title='bbox 2307 2232 2825 2310; x_wconf 78' lang='lat' dir='ltr'><strong>absolutismum,</strong></span> <span class='ocrx_word' id='word_1_157' title='bbox 2893 2238 2970 2297; x_wconf 90' lang='lat' dir='ltr'><strong>ut</strong></span> 
     </span>
     <span class='ocr_line' id='line_1_20' title="bbox 656 2327 2974 2412; baseline -0.001 -18"><span class='ocrx_word' id='word_1_158' title='bbox 656 2331 904 2410; x_wconf 91' lang='lat' dir='ltr'><strong>dicunt,</strong></span> <span class='ocrx_word' id='word_1_159' title='bbox 974 2327 1384 2393; x_wconf 88' lang='lat' dir='ltr'><strong>arbitrarium</strong></span> <span class='ocrx_word' id='word_1_160' title='bbox 1450 2328 1514 2391; x_wconf 91' lang='lat' dir='ltr'><strong>in</strong></span> <span class='ocrx_word' id='word_1_161' title='bbox 1580 2349 1697 2392; x_wconf 88' lang='lat' dir='ltr'><strong>suo</strong></span> <span class='ocrx_word' id='word_1_162' title='bbox 1744 2350 1946 2412; x_wconf 90' lang='lat' dir='ltr'><strong>regno</strong></span> <span class='ocrx_word' id='word_1_163' title='bbox 1992 2329 2114 2394; x_wconf 91' lang='lat' dir='ltr'><strong>sibi</strong></span> <span class='ocrx_word' id='word_1_164' title='bbox 2177 2329 2560 2406; x_wconf 83' lang='lat' dir='ltr'><strong>vindicaret,</strong></span> <span class='ocrx_word' id='word_1_165' title='bbox 2616 2332 2974 2395; x_wconf 82' lang='lat' dir='ltr'><strong>exteriores</strong></span> 
     </span>
     <span class='ocr_line' id='line_1_21' title="bbox 655 2423 2972 2511; baseline -0.001 -18"><span class='ocrx_word' id='word_1_166' title='bbox 655 2449 806 2493; x_wconf 85' lang='lat' dir='ltr'><strong>vero</strong></span> <span class='ocrx_word' id='word_1_167' title='bbox 853 2426 1175 2510; x_wconf 88' lang='lat' dir='ltr'><strong>regiones,</strong></span> <span class='ocrx_word' id='word_1_168' title='bbox 1233 2428 1308 2488; x_wconf 88' lang='lat' dir='ltr'><strong>ut</strong></span> <span class='ocrx_word' id='word_1_169' title='bbox 1352 2423 1756 2510; x_wconf 86' lang='lat' dir='ltr'><strong>Flandriam‚</strong></span> <span class='ocrx_word' id='word_1_170' title='bbox 1813 2426 1974 2489; x_wconf 89' lang='lat' dir='ltr'><strong>dura</strong></span> <span class='ocrx_word' id='word_1_171' title='bbox 2020 2426 2364 2510; x_wconf 82' lang='lat' dir='ltr'><strong>tyrannide</strong></span> <span class='ocrx_word' id='word_1_172' title='bbox 2420 2428 2543 2491; x_wconf 91' lang='lat' dir='ltr'><strong>sibi</strong></span> <span class='ocrx_word' id='word_1_173' title='bbox 2600 2428 2972 2511; x_wconf 83' lang='lat' dir='ltr'><strong>subjiceret.</strong></span> 
     </span>
     <span class='ocr_line' id='line_1_22' title="bbox 659 2522 2967 2609; baseline -0.002 -19"><span class='ocrx_word' id='word_1_174' title='bbox 659 2527 736 2590; x_wconf 84' lang='lat' dir='ltr'><strong>In</strong></span> <span class='ocrx_word' id='word_1_175' title='bbox 785 2523 1116 2588; x_wconf 90' lang='lat' dir='ltr'><strong>conatibus</strong></span> <span class='ocrx_word' id='word_1_176' title='bbox 1172 2523 1306 2586; x_wconf 89' lang='lat' dir='ltr'><strong>suis</strong></span> <span class='ocrx_word' id='word_1_177' title='bbox 1353 2522 1604 2588; x_wconf 85' lang='lat' dir='ltr'><strong>obviam</strong></span> <span class='ocrx_word' id='word_1_178' title='bbox 1661 2523 1888 2587; x_wconf 88' lang='lat' dir='ltr'><strong>habuit</strong></span> <span class='ocrx_word' id='word_1_179' title='bbox 1932 2523 2362 2600; x_wconf 87' lang='lat' dir='ltr'><strong>Bonifatium,</strong></span> <span class='ocrx_word' id='word_1_180' title='bbox 2427 2526 2537 2609; x_wconf 89' lang='lat' dir='ltr'><strong>qui</strong></span> <span class='ocrx_word' id='word_1_181' title='bbox 2583 2546 2697 2609; x_wconf 87' lang='lat' dir='ltr'><strong>pro</strong></span> <span class='ocrx_word' id='word_1_182' title='bbox 2742 2525 2967 2589; x_wconf 84' lang='lat' dir='ltr'><strong>chara·</strong></span> 
     </span>
     <span class='ocr_line' id='line_1_23' title="bbox 658 2620 2966 2703; baseline -0.002 -17"><span class='ocrx_word' id='word_1_183' title='bbox 658 2628 829 2686; x_wconf 89' lang='lat' dir='ltr'><strong>ctere</strong></span> <span class='ocrx_word' id='word_1_184' title='bbox 885 2640 999 2684; x_wconf 91' lang='lat' dir='ltr'><strong>suo</strong></span> <span class='ocrx_word' id='word_1_185' title='bbox 1056 2640 1201 2683; x_wconf 90' lang='lat' dir='ltr'><strong>cum</strong></span> <span class='ocrx_word' id='word_1_186' title='bbox 1261 2621 1480 2703; x_wconf 85' lang='lat' dir='ltr'><strong>vigore</strong></span> <span class='ocrx_word' id='word_1_187' title='bbox 1539 2641 1612 2683; x_wconf 90' lang='lat' dir='ltr'><strong>ac</strong></span> <span class='ocrx_word' id='word_1_188' title='bbox 1675 2620 1982 2685; x_wconf 82' lang='lat' dir='ltr'><strong>firmitate</strong></span> <span class='ocrx_word' id='word_1_189' title='bbox 2040 2622 2098 2685; x_wconf 92' lang='lat' dir='ltr'><strong>ei</strong></span> <span class='ocrx_word' id='word_1_190' title='bbox 2161 2621 2430 2696; x_wconf 82' lang='lat' dir='ltr'><strong>restitit3</strong></span> <span class='ocrx_word' id='word_1_191' title='bbox 2489 2620 2764 2703; x_wconf 88' lang='lat' dir='ltr'><strong>indeque</strong></span> <span class='ocrx_word' id='word_1_192' title='bbox 2821 2641 2966 2703; x_wconf 85' lang='lat' dir='ltr'><strong>pro-</strong></span> 
     </span>
     <span class='ocr_line' id='line_1_24' title="bbox 663 2715 2982 2801; baseline -0.001 -19"><span class='ocrx_word' id='word_1_193' title='bbox 663 2717 843 2782; x_wconf 84' lang='lat' dir='ltr'><strong>venit</strong></span> <span class='ocrx_word' id='word_1_194' title='bbox 888 2716 1225 2781; x_wconf 89' lang='lat' dir='ltr'><strong>conflictus</strong></span> <span class='ocrx_word' id='word_1_195' title='bbox 1275 2715 1608 2780; x_wconf 84' lang='lat' dir='ltr'><strong>Bonifatio</strong></span> <span class='ocrx_word' id='word_1_196' title='bbox 1656 2716 1842 2780; x_wconf 85' lang='lat' dir='ltr'><strong>valde</strong></span> <span class='ocrx_word' id='word_1_197' title='bbox 1888 2720 2144 2782; x_wconf 88' lang='lat' dir='ltr'><strong>arduus.</strong></span> <span class='ocrx_word' id='word_1_198' title='bbox 2235 2716 2531 2801; x_wconf 90' lang='lat' dir='ltr'><strong>Philippo</strong></span> <span class='ocrx_word' id='word_1_199' title='bbox 2576 2723 2795 2800; x_wconf 88' lang='lat' dir='ltr'><strong>postea</strong></span> <span class='ocrx_word' id='word_1_200' title='bbox 2841 2738 2982 2781; x_wconf 76' lang='lat' dir='ltr'><strong>ces·-</strong></span> 
     </span>
    </p>
   </div>
   <div class='ocr_carea' id='block_1_5' title="bbox 660 2812 2978 2975">
    <p class='ocr_par' dir='ltr' id='par_1_5' title="bbox 660 2812 2978 2975">
     <span class='ocr_line' id='line_1_25' title="bbox 660 2812 2978 2897; baseline -0.001 -19"><span class='ocrx_word' id='word_1_201' title='bbox 660 2815 747 2879; x_wconf 89' lang='lat' dir='ltr'><strong>sit</strong></span> <span class='ocrx_word' id='word_1_202' title='bbox 792 2812 1085 2878; x_wconf 87' lang='lat' dir='ltr'><strong>Clemens</strong></span> <span class='ocrx_word' id='word_1_203' title='bbox 1118 2812 1228 2896; x_wconf 87' lang='lat' dir='ltr'><strong>V.;</strong></span> <span class='ocrx_word' id='word_1_204' title='bbox 1289 2817 1358 2877; x_wconf 89' lang='lat' dir='ltr'><strong>at</strong></span> <span class='ocrx_word' id='word_1_205' title='bbox 1411 2834 1533 2877; x_wconf 89' lang='lat' dir='ltr'><strong>nec</strong></span> <span class='ocrx_word' id='word_1_206' title='bbox 1584 2814 1708 2897; x_wconf 90' lang='lat' dir='ltr'><strong>ipsi</strong></span> <span class='ocrx_word' id='word_1_207' title='bbox 1765 2814 2143 2897; x_wconf 90' lang='lat' dir='ltr'><strong>gloriosum,</strong></span> <span class='ocrx_word' id='word_1_208' title='bbox 2200 2835 2312 2877; x_wconf 92' lang='lat' dir='ltr'><strong>nec</strong></span> <span class='ocrx_word' id='word_1_209' title='bbox 2358 2812 2681 2878; x_wconf 89' lang='lat' dir='ltr'><strong>Ecclesiae</strong></span> <span class='ocrx_word' id='word_1_210' title='bbox 2735 2813 2801 2878; x_wconf 91' lang='lat' dir='ltr'><strong>id</strong></span> <span class='ocrx_word' id='word_1_211' title='bbox 2846 2814 2978 2877; x_wconf 45' lang='lat' dir='ltr'><strong>fuit&gt;</strong></span> 
     </span>
     <span class='ocr_line' id='line_1_26' title="bbox 660 2911 961 2975; baseline -0.01 0"><span class='ocrx_word' id='word_1_212' title='bbox 660 2911 961 2975; x_wconf 88' lang='lat' dir='ltr'><strong>salutare.</strong></span> 
     </span>
    </p>
   </div>
   <div class='ocr_carea' id='block_1_6' title="bbox 658 3032 2984 3986">
    <p class='ocr_par' dir='ltr' id='par_1_6' title="bbox 658 3032 2984 3986">
     <span class='ocr_line' id='line_1_27' title="bbox 839 3032 2975 3115; baseline -0.001 -19"><span class='ocrx_word' id='word_1_213' title='bbox 839 3034 945 3097; x_wconf 84' lang='lat'><strong>22.</strong></span> <span class='ocrx_word' id='word_1_214' title='bbox 1002 3033 1162 3098; x_wconf 92' lang='lat' dir='ltr'><strong>Inde</strong></span> <span class='ocrx_word' id='word_1_215' title='bbox 1214 3034 1296 3097; x_wconf 91' lang='lat' dir='ltr'><strong>ab</strong></span> <span class='ocrx_word' id='word_1_216' title='bbox 1353 3055 1526 3098; x_wconf 88' lang='lat' dir='ltr'><strong>anno</strong></span> <span class='ocrx_word' id='word_1_217' title='bbox 1578 3034 1743 3097; x_wconf 85' lang='lat'>1293</span> <span class='ocrx_word' id='word_1_218' title='bbox 1799 3034 1974 3097; x_wconf 88' lang='lat' dir='ltr'><strong>inter</strong></span> <span class='ocrx_word' id='word_1_219' title='bbox 2019 3032 2388 3097; x_wconf 88' lang='lat' dir='ltr'><strong>Eduardum</strong></span> <span class='ocrx_word' id='word_1_220' title='bbox 2437 3033 2487 3097; x_wconf 93' lang='lat' dir='ltr'><strong>I.</strong></span> <span class='ocrx_word' id='word_1_221' title='bbox 2551 3033 2826 3115; x_wconf 89' lang='lat' dir='ltr'><strong>Angliae</strong></span> <span class='ocrx_word' id='word_1_222' title='bbox 2870 3054 2975 3095; x_wconf 83' lang='lat' dir='ltr'><strong>re·</strong></span> 
     </span>
     <span class='ocr_line' id='line_1_28' title="bbox 662 3128 2982 3215; baseline -0.001 -21"><span class='ocrx_word' id='word_1_223' title='bbox 662 3152 806 3215; x_wconf 90' lang='lat' dir='ltr'><strong>gem</strong></span> <span class='ocrx_word' id='word_1_224' title='bbox 873 3136 940 3194; x_wconf 90' lang='lat' dir='ltr'><strong>et</strong></span> <span class='ocrx_word' id='word_1_225' title='bbox 999 3128 1365 3213; x_wconf 87' lang='lat' dir='ltr'><strong>Philippum</strong></span> <span class='ocrx_word' id='word_1_226' title='bbox 1424 3129 1775 3194; x_wconf 87' lang='lat' dir='ltr'><strong>Pulchrum</strong></span> <span class='ocrx_word' id='word_1_227' title='bbox 1840 3135 2167 3193; x_wconf 83' lang='lat' dir='ltr'><strong>exarserat</strong></span> <span class='ocrx_word' id='word_1_228' title='bbox 2228 3130 2522 3206; x_wconf 70' lang='lat' dir='ltr'><strong>bellum,</strong></span> <span class='ocrx_word' id='word_1_229' title='bbox 2557 3130 2724 3214; x_wconf 89' lang='lat' dir='ltr'><strong>quod</strong></span> <span class='ocrx_word' id='word_1_230' title='bbox 2790 3128 2982 3192; x_wconf 87' lang='lat' dir='ltr'><strong>facile</strong></span> 
     </span>
     <span class='ocr_line' id='line_1_29' title="bbox 664 3226 2979 3310; baseline -0.002 -19"><span class='ocrx_word' id='word_1_231' title='bbox 664 3228 889 3292; x_wconf 84' lang='lat' dir='ltr'><strong>evitari</strong></span> <span class='ocrx_word' id='word_1_232' title='bbox 964 3228 1307 3310; x_wconf 89' lang='lat' dir='ltr'><strong>potuisset,</strong></span> <span class='ocrx_word' id='word_1_233' title='bbox 1382 3248 1577 3309; x_wconf 89' lang='lat' dir='ltr'><strong>quum</strong></span> <span class='ocrx_word' id='word_1_234' title='bbox 1645 3226 1980 3290; x_wconf 89' lang='lat' dir='ltr'><strong>Eduardus</strong></span> <span class='ocrx_word' id='word_1_235' title='bbox 2041 3226 2433 3309; x_wconf 89' lang='lat' dir='ltr'><strong>aequissimis</strong></span> <span class='ocrx_word' id='word_1_236' title='bbox 2497 3226 2979 3290; x_wconf 86' lang='lat' dir='ltr'><strong>conditionibus</strong></span> 
     </span>
     <span class='ocr_line' id='line_1_30' title="bbox 658 3321 2973 3407; baseline -0.002 -19"><span class='ocrx_word' id='word_1_237' title='bbox 658 3324 741 3389; x_wconf 64' lang='lat' dir='ltr'><strong>‘ad</strong></span> <span class='ocrx_word' id='word_1_238' title='bbox 787 3346 1006 3407; x_wconf 90' lang='lat' dir='ltr'><strong>pacem</strong></span> <span class='ocrx_word' id='word_1_239' title='bbox 1063 3345 1131 3388; x_wconf 93' lang='lat' dir='ltr'><strong>se</strong></span> <span class='ocrx_word' id='word_1_240' title='bbox 1177 3321 1546 3388; x_wconf 86' lang='lat' dir='ltr'><strong>ostenderet</strong></span> <span class='ocrx_word' id='word_1_241' title='bbox 1593 3329 1982 3406; x_wconf 88' lang='lat' dir='ltr'><strong>promptum.</strong></span> <span class='ocrx_word' id='word_1_242' title='bbox 2077 3321 2197 3385; x_wconf 80' lang='lat' dir='ltr'><strong>Sed</strong></span> <span class='ocrx_word' id='word_1_243' title='bbox 2250 3321 2584 3405; x_wconf 90' lang='lat' dir='ltr'><strong>Philippus</strong></span> <span class='ocrx_word' id='word_1_244' title='bbox 2641 3322 2829 3404; x_wconf 86' lang='lat' dir='ltr'><strong>regni</strong></span> <span class='ocrx_word' id='word_1_245' title='bbox 2876 3321 2973 3384; x_wconf 91' lang='lat' dir='ltr'><strong>di-</strong></span> 
     </span>
     <span class='ocr_line' id='line_1_31' title="bbox 662 3416 2975 3503; baseline -0.002 -20"><span class='ocrx_word' id='word_1_246' title='bbox 662 3419 911 3484; x_wconf 87' lang='lat' dir='ltr'><strong>latandi</strong></span> <span class='ocrx_word' id='word_1_247' title='bbox 957 3420 1357 3503; x_wconf 88' lang='lat' dir='ltr'><strong>percupidus,</strong></span> <span class='ocrx_word' id='word_1_248' title='bbox 1415 3423 1840 3502; x_wconf 85' lang='lat' dir='ltr'><strong>opportunam</strong></span> <span class='ocrx_word' id='word_1_249' title='bbox 1887 3423 2117 3483; x_wconf 89' lang='lat' dir='ltr'><strong>nactus</strong></span> <span class='ocrx_word' id='word_1_250' title='bbox 2164 3419 2561 3483; x_wconf 84' lang='lat' dir='ltr'><strong>occasionem</strong></span> <span class='ocrx_word' id='word_1_251' title='bbox 2589 3416 2975 3482; x_wconf 89' lang='lat' dir='ltr'><strong>Vasconiam</strong></span> 
     </span>
     <span class='ocr_line' id='line_1_32' title="bbox 664 3514 2983 3601; baseline -0.002 -20"><span class='ocrx_word' id='word_1_252' title='bbox 664 3519 1016 3601; x_wconf 84' lang='lat' dir='ltr'><strong>occupavit,</strong></span> <span class='ocrx_word' id='word_1_253' title='bbox 1067 3521 1133 3580; x_wconf 82' lang='lat' dir='ltr'><strong>et,</strong></span> <span class='ocrx_word' id='word_1_254' title='bbox 1180 3515 1479 3581; x_wconf 87' lang='lat' dir='ltr'><strong>Eduardo</strong></span> <span class='ocrx_word' id='word_1_255' title='bbox 1526 3515 1787 3580; x_wconf 88' lang='lat' dir='ltr'><strong>reddere</strong></span> <span class='ocrx_word' id='word_1_256' title='bbox 1832 3515 2073 3591; x_wconf 82' lang='lat' dir='ltr'><strong>noluit3</strong></span> <span class='ocrx_word' id='word_1_257' title='bbox 2121 3516 2292 3579; x_wconf 90' lang='lat' dir='ltr'><strong>unde</strong></span> <span class='ocrx_word' id='word_1_258' title='bbox 2339 3514 2442 3579; x_wconf 91' lang='lat' dir='ltr'><strong>hic</strong></span> <span class='ocrx_word' id='word_1_259' title='bbox 2488 3514 2707 3578; x_wconf 89' lang='lat' dir='ltr'><strong>foedus</strong></span> <span class='ocrx_word' id='word_1_260' title='bbox 2753 3520 2983 3577; x_wconf 87' lang='lat' dir='ltr'><strong>contra</strong></span> 
     </span>
     <span class='ocr_line' id='line_1_33' title="bbox 666 3608 2983 3697; baseline -0.003 -20"><span class='ocrx_word' id='word_1_261' title='bbox 666 3613 1035 3697; x_wconf 90' lang='lat' dir='ltr'><strong>Philippum</strong></span> <span class='ocrx_word' id='word_1_262' title='bbox 1095 3612 1246 3677; x_wconf 89' lang='lat' dir='ltr'><strong>iniit</strong></span> <span class='ocrx_word' id='word_1_263' title='bbox 1307 3634 1445 3677; x_wconf 91' lang='lat' dir='ltr'><strong>cum</strong></span> <span class='ocrx_word' id='word_1_264' title='bbox 1511 3610 1806 3677; x_wconf 83' lang='lat' dir='ltr'><strong>Gnidone</strong></span> <span class='ocrx_word' id='word_1_265' title='bbox 1861 3611 2203 3677; x_wconf 81' lang='lat' dir='ltr'><strong>Flandriae</strong></span> <span class='ocrx_word' id='word_1_266' title='bbox 2265 3611 2495 3676; x_wconf 88' lang='lat' dir='ltr'><strong>comite</strong></span> <span class='ocrx_word' id='word_1_267' title='bbox 2555 3618 2622 3675; x_wconf 89' lang='lat' dir='ltr'><strong>et</strong></span> <span class='ocrx_word' id='word_1_268' title='bbox 2682 3608 2983 3692; x_wconf 85' lang='lat' dir='ltr'><strong>Adolpho</strong></span> 
     </span>
     <span class='ocr_line' id='line_1_34' title="bbox 667 3707 2982 3793; baseline -0.002 -19"><span class='ocrx_word' id='word_1_269' title='bbox 667 3709 1051 3774; x_wconf 84' lang='lat' dir='ltr'><strong>Germaniae</strong></span> <span class='ocrx_word' id='word_1_270' title='bbox 1108 3730 1278 3793; x_wconf 88' lang='lat' dir='ltr'><strong>rege.</strong></span> <span class='ocrx_word' id='word_1_271' title='bbox 1381 3707 1780 3787; x_wconf 89' lang='lat' dir='ltr'><strong>Bonifatius,</strong></span> <span class='ocrx_word' id='word_1_272' title='bbox 1842 3709 1937 3772; x_wconf 91' lang='lat' dir='ltr'><strong>uti</strong></span> <span class='ocrx_word' id='word_1_273' title='bbox 1997 3708 2305 3782; x_wconf 83' lang='lat' dir='ltr'><strong>diximus,</strong></span> <span class='ocrx_word' id='word_1_274' title='bbox 2370 3728 2582 3790; x_wconf 90' lang='lat' dir='ltr'><strong>pacem</strong></span> <span class='ocrx_word' id='word_1_275' title='bbox 2636 3707 2982 3772; x_wconf 88' lang='lat' dir='ltr'><strong>conciliare</strong></span> 
     </span>
     <span class='ocr_line' id='line_1_35' title="bbox 666 3803 2984 3889; baseline -0.002 -18"><span class='ocrx_word' id='word_1_276' title='bbox 666 3805 936 3888; x_wconf 83' lang='lat' dir='ltr'><strong>studuit3</strong></span> <span class='ocrx_word' id='word_1_277' title='bbox 992 3806 1101 3869; x_wconf 89' lang='lat' dir='ltr'><strong>sed</strong></span> <span class='ocrx_word' id='word_1_278' title='bbox 1142 3807 1280 3889; x_wconf 86' lang='lat' dir='ltr'><strong>jam</strong></span> <span class='ocrx_word' id='word_1_279' title='bbox 1328 3805 1640 3889; x_wconf 91' lang='lat' dir='ltr'><strong>ejusmodi</strong></span> <span class='ocrx_word' id='word_1_280' title='bbox 1697 3809 1967 3869; x_wconf 88' lang='lat' dir='ltr'><strong>conatus</strong></span> <span class='ocrx_word' id='word_1_281' title='bbox 2014 3804 2283 3868; x_wconf 86' lang='lat' dir='ltr'><strong>fortasse</strong></span> <span class='ocrx_word' id='word_1_282' title='bbox 2329 3803 2626 3887; x_wconf 90' lang='lat' dir='ltr'><strong>Philippo</strong></span> <span class='ocrx_word' id='word_1_283' title='bbox 2673 3805 2984 3868; x_wconf 88' lang='lat' dir='ltr'><strong>molestus</strong></span> 
     </span>
     <span class='ocr_line' id='line_1_36' title="bbox 666 3899 2804 3986; baseline -0.002 -18"><span class='ocrx_word' id='word_1_284' title='bbox 666 3904 812 3980; x_wconf 87' lang='lat' dir='ltr'><strong>fuit,</strong></span> <span class='ocrx_word' id='word_1_285' title='bbox 860 3923 1059 3986; x_wconf 91' lang='lat' dir='ltr'><strong>quum</strong></span> <span class='ocrx_word' id='word_1_286' title='bbox 1106 3902 1258 3966; x_wconf 90' lang='lat' dir='ltr'><strong>inde</strong></span> <span class='ocrx_word' id='word_1_287' title='bbox 1302 3901 1717 3985; x_wconf 90' lang='lat' dir='ltr'><strong>impediretur</strong></span> <span class='ocrx_word' id='word_1_288' title='bbox 1763 3899 2061 3966; x_wconf 87' lang='lat' dir='ltr'><strong>Eduardo</strong></span> <span class='ocrx_word' id='word_1_289' title='bbox 2105 3900 2495 3983; x_wconf 85' lang='lat' dir='ltr'><strong>provinciam</strong></span> <span class='ocrx_word' id='word_1_290' title='bbox 2543 3900 2804 3983; x_wconf 85' lang='lat' dir='ltr'><strong>eripere.</strong></span> 
     </span>
    </p>
   </div>
   <div class='ocr_carea' id='block_1_7' title="bbox 882 4027 1086 4032">
    <p class='ocr_par' dir='ltr' id='par_1_7' title="bbox 882 4027 1086 4032">
     <span class='ocr_line' id='line_1_37' title="bbox 882 4027 1086 4032; baseline 0 0"><span class='ocrx_word' id='word_1_291' title='bbox 882 4027 1086 4032; x_wconf 95' lang='lat' dir='ltr'><strong> </strong></span> 
     </span>
    </p>
   </div>
   <div class='ocr_carea' id='block_1_8' title="bbox 666 4073 2984 4224">
    <p class='ocr_par' dir='ltr' id='par_1_8' title="bbox 666 4073 2984 4224">
     <span class='ocr_line' id='line_1_38' title="bbox 851 4073 2984 4144; baseline -0.001 -16"><span class='ocrx_word' id='word_1_292' title='bbox 851 4077 891 4142; x_wconf 90' lang='lat'><strong>¹)</strong></span> <span class='ocrx_word' id='word_1_293' title='bbox 929 4074 1070 4130; x_wconf 85' lang='lat' dir='ltr'><strong>Pare</strong></span> <span class='ocrx_word' id='word_1_294' title='bbox 1110 4077 1208 4130; x_wconf 90' lang='lat' dir='ltr'><strong>che</strong></span> <span class='ocrx_word' id='word_1_295' title='bbox 1247 4076 1301 4129; x_wconf 90' lang='lat' dir='ltr'><strong>la</strong></span> <span class='ocrx_word' id='word_1_296' title='bbox 1337 4091 1624 4144; x_wconf 87' lang='lat' dir='ltr'><strong>vergogna</strong></span> <span class='ocrx_word' id='word_1_297' title='bbox 1673 4105 1741 4112; x_wconf 92' lang='lat'>—</span> <span class='ocrx_word' id='word_1_298' title='bbox 1788 4074 2012 4129; x_wconf 87' lang='lat' dir='ltr'><strong>Derieto</strong></span> <span class='ocrx_word' id='word_1_299' title='bbox 2050 4073 2138 4125; x_wconf 89' lang='lat' dir='ltr'><strong>ahi</strong></span> <span class='ocrx_word' id='word_1_300' title='bbox 2178 4073 2414 4141; x_wconf 86' lang='lat' dir='ltr'><strong>gittato,</strong></span> <span class='ocrx_word' id='word_1_301' title='bbox 2452 4102 2518 4109; x_wconf 88' lang='lat'><strong>—-</strong></span> <span class='ocrx_word' id='word_1_302' title='bbox 2558 4073 2618 4125; x_wconf 87' lang='lat' dir='ltr'><strong>L&#39;</strong></span> <span class='ocrx_word' id='word_1_303' title='bbox 2655 4073 2796 4126; x_wconf 90' lang='lat' dir='ltr'><strong>alma</strong></span> <span class='ocrx_word' id='word_1_304' title='bbox 2836 4079 2892 4127; x_wconf 88' lang='lat' dir='ltr'><strong>et</strong></span> <span class='ocrx_word' id='word_1_305' title='bbox 2931 4073 2984 4127; x_wconf 83' lang='lat' dir='ltr'><strong>el</strong></span> 
     </span>
     <span class='ocr_line' id='line_1_39' title="bbox 666 4155 2245 4224; baseline -0.003 -16"><span class='ocrx_word' id='word_1_306' title='bbox 666 4171 828 4223; x_wconf 89' lang='lat' dir='ltr'><strong>corpo</strong></span> <span class='ocrx_word' id='word_1_307' title='bbox 868 4155 959 4208; x_wconf 91' lang='lat' dir='ltr'><strong>hai</strong></span> <span class='ocrx_word' id='word_1_308' title='bbox 997 4161 1157 4224; x_wconf 89' lang='lat' dir='ltr'><strong>posto</strong></span> <span class='ocrx_word' id='word_1_309' title='bbox 1200 4184 1267 4192; x_wconf 89' lang='lat'><strong>-—</strong></span> <span class='ocrx_word' id='word_1_310' title='bbox 1304 4156 1391 4208; x_wconf 87' lang='lat' dir='ltr'><strong>Ad</strong></span> <span class='ocrx_word' id='word_1_311' title='bbox 1428 4155 1638 4209; x_wconf 80' lang='lat' dir='ltr'><strong>allevat</strong></span> <span class='ocrx_word' id='word_1_312' title='bbox 1677 4159 1774 4207; x_wconf 86' lang='lat' dir='ltr'><strong>tua</strong></span> <span class='ocrx_word' id='word_1_313' title='bbox 1810 4158 1999 4207; x_wconf 87' lang='lat' dir='ltr'><strong>casata</strong></span> <span class='ocrx_word' id='word_1_314' title='bbox 2037 4183 2098 4190; x_wconf 91' lang='lat'><strong>——</strong></span> <span class='ocrx_word' id='word_1_315' title='bbox 2142 4160 2245 4207; x_wconf 89' lang='lat' dir='ltr'><strong>etc.</strong></span> 
     </span>
    </p>
   </div>
  </div>
 </body>
</html>
