3281 5014
1119 412 1202 466 De
1232 411 1458 481 justitia
1494 410 1826 465 abolitioni&
2531 413 2625 467 117

313 553 724 639 Apostolicae
754 556 854 618 vel
903 553 980 619 de
1023 553 1447 637 petitionibus
1493 554 1752 637 iniquis,
1794 554 1931 638 regi
1976 538 2111 618 non
2157 550 2495 636 cessisse.¹)
2544 591 2627 601 —-

312 652 488 727 Quae
569 651 799 717 fecerit
866 651 1162 716 Clemens
1231 651 1296 715 in
1384 651 1649 736 negotio
1716 649 2224 733 Templariorum
2303 653 2625 716 enarravi·
2645 656 2781 700 Gesta
2817 659 2955 712 quoad

312 769 475 813 mus.
592 748 808 832 Atque
879 769 954 812 ex
1025 747 1419 812 documentis
1490 747 1755 831 prolatis
1822 747 2172 831 colligitur,
2245 746 2630 813 Pontificem

313 845 742 909 conveniente
809 845 1115 908 firmitate
1181 842 1462 928 Philippi
1535 843 1818 908 violento
1887 843 2114 928 agendi
2183 844 2370 909 modo
2433 845 2626 909 resti-

311 941 496 1017 tisse,
545 944 610 1006 et
657 946 971 1025 quantum
1023 946 1277 1025 poterat
1322 940 1700 1022 providisse,
1763 945 1835 1004 ut
1880 939 2182 1005 ordinata
2227 942 2478 1006 ratione
2523 942 2626 1005 in-

311 1037 574 1121 dagatio
639 1037 708 1102 in
773 1037 1209 1102 accusationes
1284 1045 1513 1100 contra
1583 1035 1891 1101 Ordinem
1954 1036 2203 1120 Templi
2268 1037 2628 1121 propositas

310 1134 786 1199 institueretur.
906 1133 1089 1211 Quod
1153 1138 1399 1217 spectat
1466 1131 1545 1198 ad
1614 1133 2057 1198 detentionem
2122 1133 2624 1218 Templariorum

312 1237 381 1295 et
438 1231 793 1296 custodiam
852 1231 1198 1308 bonorum,
1255 1232 1393 1316 regi
1449 1230 1709 1314 quidem
1758 1230 1936 1295 varia
1987 1231 2326 1307 concessit,
2382 1232 2473 1295 ita
2529 1236 2626 1296 ta-

312 1349 494 1403 men,
543 1333 616 1392 ut
660 1327 975 1412 principia
1019 1328 1193 1392 salva
1238 1331 1477 1391 essent.
1573 1326 1996 1391 Manifestum
2044 1332 2260 1393 autem
2307 1330 2434 1408 est,
2477 1350 2625 1393 mox

310 1424 509 1488 etiam
573 1423 957 1489 Pontificem
1028 1423 1468 1489 vehementem
1542 1424 1969 1507 suspicionem
2039 1424 2115 1489 de
2182 1430 2366 1489 reatu
2436 1422 2628 1509 hujus

312 1518 575 1585 Ordinis
638 1520 1018 1604 concepisse.
1125 1518 1312 1585 Unde
1374 1520 1526 1585 dum
1589 1520 1863 1584 ulterius
1917 1521 1981 1584 in
2047 1521 2468 1604 inquisitione
2522 1522 2621 1585 in·

308 1617 642 1682 stituenda
713 1638 1086 1701 progressus
1154 1622 1282 1694 est,
1348 1616 1519 1681 haud
1595 1616 1743 1681 inde
1812 1615 1877 1680 id
1941 1616 2387 1700 repetendum,
2458 1616 2627 1701 quod

318 1713 608 1797 Philippo
658 1714 942 1786 cederet.
1001 1712 1110 1777 sed
1167 1713 1332 1797 quod
1382 1715 1481 1777 sui
1541 1713 1828 1777 muneris
1883 1734 2018 1776 esse
2059 1712 2381 1797 judicaret
2426 1734 2624 1798 nego-

310 1811 475 1875 tium
522 1816 659 1875 tam
703 1832 897 1895 grave
952 1810 1272 1893 prosequi.
1361 1809 1695 1874 Potuisset
1747 1812 2033 1893 profecto
2087 1831 2303 1895 regem
2350 1811 2628 1874 severius

309 1912 624 1989 tractare,
686 1913 751 1972 et
805 1908 1092 1971 censuris
1148 1929 1221 1971 ac
1276 1907 1500 1990 poenis
1556 1909 1695 1991 ejus
1752 1907 2162 1971 arbitrarium
2215 1906 2449 1991 agendi
2496 1929 2627 1971 mo·

307 2003 454 2068 dum
503 2005 846 2090 castigare3
905 2003 1015 2068 sed
1065 2004 1202 2088 jam
1249 2003 1554 2086 diximuS‚
1610 2026 1756 2067 eum
1811 2004 2026 2087 potius
2081 2002 2515 2068 conciliationi
2561 2008 2628 2067 et

313 2101 452 2185 paci
501 2100 972 2166 conservandae
1021 2100 1364 2184 studuisse.

484 2254 586 2315 35.
631 2249 988 2315 Veniamus
1049 2250 1128 2313 ad
1194 2251 1634 2333 quaestionem
1696 2248 1773 2312 de
1824 2246 2098 2330 justitia
2153 2249 2625 2331 suppressionis

312 2347 574 2413 Ordinis
634 2346 1163 2431 Templariorum.
1266 2344 1416 2410 Non
1468 2346 1837 2410 dubitamus
1893 2366 2202 2418 asserere,
2254 2346 2502 2428 justam
2564 2356 2630 2409 et

310 2444 688 2530 prudentem
755 2443 953 2509 fuisse
1016 2444 1210 2528 hujus
1272 2441 1530 2507 Ordinis
1595 2442 2047 2524 abolitionem,
2112 2462 2186 2506 eo
2250 2441 2627 2526 praesertin.

310 2542 517 2619 modo,
563 2563 692 2626 quo
738 2565 777 2606 a
821 2540 1162 2616 Pontifice‚
1206 2541 1607 2624 approbante
1655 2539 1942 2603 Concilio
1984 2539 2395 2603 oecumenico
2424 2536 2623 2604 Vien-

310 2639 525 2717 nensi,
583 2660 658 2701 ea
702 2643 965 2721 peracta
1009 2644 1125 2701 est.
1220 2636 1311 2700 Ut
1358 2658 1508 2701 vero
1563 2637 1874 2720 imprimis
1920 2640 2302 2719 argumento
2346 2635 2621 2721 quodam

310 2733 668 2799 extrinseco
712 2740 1003 2810 utamur,
1067 2734 1169 2797 hic
1229 2756 1364 2797 non
1418 2734 1638 2816 agitur
1692 2733 1769 2797 de
1812 2734 2032 2818 aliquo
2083 2731 2353 2815 simplici
2398 2731 2624 2796 Ponti-

309 2833 444 2897 ficis
482 2830 767 2905 decreto,
831 2831 941 2895 sed
987 2830 1066 2893 de
1120 2830 1388 2894 solemni
1437 2830 1947 2914 Constitutione,
2009 2856 2164 2917 qua,
2225 2829 2624 2914 approbante

310 2928 596 2993 Concilio
633 2928 1057 3003 oecumeni00‚
1106 2926 1434 2991 sententia
1464 2926 1575 2989 illa
1603 2929 2071 3010 suppressionis
2119 2931 2253 2994 lata
2284 2931 2402 2992 est.
2477 2925 2621 2991 Jam

311 3046 463 3088 vero
520 3023 831 3108 ejusmodi
889 3024 1191 3087 solemnis
1247 3024 1569 3087 sent-entia
1627 3025 1908 3107 supremi
1956 3027 2330 3101 tribunalis,
2392 3045 2471 3087 ex
2528 3023 2622 3085 in·

307 3120 451 3185 dole
511 3142 629 3184 sua
684 3120 947 3184 nonnisi
1004 3119 1086 3183 ob
1143 3119 1550 3203 gravissimas
1607 3127 1675 3182 et
1729 3120 2054 3187 evidentes
2111 3124 2396 3187 rationes
2444 3120 2623 3203 argui

308 3222 522 3300 posset
566 3220 642 3281 ut
699 3216 899 3281 fallax
947 3216 1049 3280 vel
1106 3217 1373 3299 injusta.
1467 3214 1637 3279 Hinc
1692 3239 1824 3280 non
1886 3221 2211 3295 convenit,
2276 3222 2350 3282 ut
2407 3215 2623 3281 catho-

307 3314 413 3377 lici
463 3312 655 3377 etiam
704 3318 996 3377 auctores
1045 3313 1300 3389 leviter,
1358 3311 1663 3376 adhibitis
1721 3315 1916 3379 meris
1969 3314 2516 3400 suppositionibus
2561 3318 2628 3377 et

306 3411 723 3494 conjecturis,
782 3409 1095 3472 invehant
1152 3410 1219 3472 in
1280 3407 1441 3473 illud
1490 3408 1811 3475 Ecclesiae
1860 3412 2192 3494 judicium.
2251 3447 2338 3457 -
2393 3411 2622 3486 Quem·-

308 3505 651 3570 admodum
715 3527 864 3569 vero
927 3505 1324 3589 approbante
1384 3504 1673 3569 Concilio
1737 3509 2064 3571 sententia
2134 3509 2260 3571 ista
2319 3509 2453 3571 lata
2509 3509 2625 3578 cst,

310 3603 402 3667 sic
447 3604 640 3667 etiam
685 3603 1042 3687 generatim
1089 3626 1126 3665 a
1173 3601 1326 3666 viris
1369 3602 1644 3667 cordatis
1691 3602 1817 3666 fuit
1863 3605 2250 3688 approbata,
2302 3607 2369 3667 et
2414 3606 2626 3667 aucto·

308 3720 407 3763 res
461 3698 749 3763 historici
800 3698 1061 3763 illorum
1117 3706 1475 3782 temporum
1536 3701 1815 3764 maxima
1861 3722 1937 3764 ex
1984 3703 2164 3783 parte
2211 3700 2622 3764 abolitionem

310 3793 570 3859 Ordinis
630 3796 857 3859 merito
904 3796 1139 3859 factam
1200 3817 1335 3859 esse
1392 3804 1804 3861 censuerunt.
1899 3797 2002 3861 Sic
2066 3819 2205 3861 eam
2265 3797 2628 3880 approbant

488 4062 526 4124 1)
561 4061 702 4116 Vide
728 4061 868 4115 hanc
893 4062 1212 4115 relationem
1244 4077 1402 4129 quam
1446 4061 1750 4127 publicavit
1775 4062 2054 4128 Boutaric‚
2093 4063 2282 4118 Rcvue
2311 4065 2406 4119 des
2436 4065 2624 4131 Queat.

305 4139 499 4194 histor.
537 4141 600 4195 T.
629 4141 725 4193 XI.
752 4142 964 4207 (1872),
1004 4152 1089 4206 ap.
1130 4140 1362 4202 Wenck,
1402 4139 1652 4194 Clemens
1691 4142 1755 4193 V.
1799 4144 1907 4196 und
1944 4142 2205 4197 Heinrich
2242 4142 2386 4208 VII.‚
2425 4160 2474 4210 p.
2505 4145 2626 4199 172.

2657 719 2939 773 Templarios.

2683 2745 2908 2790 Sententia

2677 2809 2932 2881 Tribunah's

2720 2884 2889 2914 summi.
