3281 5014
1164 409 1248 463 De
1285 408 1529 463 Concilio
1566 409 1784 463 Pisan0.
2527 408 2632 462 275

312 552 531 637 igitur,
579 554 677 616 uti
719 552 1016 628 diximus,
1059 551 1235 615 inter
1283 550 1652 615 Cardinales
1697 551 2035 633 utriusque
2085 549 2507 615 Obedientiae
2554 549 2632 613 de

312 648 720 713 convocando
765 648 949 713 Pisas
1005 647 1290 712 Concilio
1344 647 1663 731 generali,
1721 648 1791 710 in
1847 669 1999 731 quo,
2062 646 2309 712 duobus
2367 647 2632 712 aemulis

313 744 736 810 Pontificibus
796 746 876 809 ad
937 744 1284 808 cessionem
1333 766 1526 827 quam
1575 743 2059 827 spoponderant
2113 744 2454 827 perculsis,
2515 747 2630 807 aut
2755 829 2758 834 ἱ

311 842 620 905 canonico
670 841 914 924 judicio
982 840 1448 914 exauctoratis,
1517 838 1743 905 unicus
1814 845 1878 903 et
1934 841 2261 924 legitimus
2324 838 2629 903 Pontifex

311 938 676 1020 eligeretur.
768 936 1098 1001 Statutum
1158 941 1258 1001 est
1303 937 1384 1001 ab
1437 937 1590 1019 ipsis
1646 936 1917 1017 pariter,
1975 941 2052 1000 ut
2098 936 2285 1000 ambo
2330 936 2633 1019 competi-

309 1041 481 1099 tores
529 1032 879 1118 Gregorius
925 1031 1072 1097 XII.
1121 1037 1188 1097 et
1230 1031 1622 1096 Benedictus
1671 1031 1854 1098 XIII.
1910 1032 1988 1096 ad
2037 1032 2395 1097 Concilium
2449 1053 2633 1096 voca-

311 1134 566 1206 rentur,
615 1132 755 1215 ejus
802 1129 1074 1194 decretis
1122 1128 1424 1211 parituri3
1472 1130 1529 1193 si
1574 1150 1727 1194 vero
1772 1129 1994 1193 adesse
2040 1133 2412 1206 renuerent,
2461 1127 2629 1193 Con-

310 1227 520 1291 cilium
581 1226 1001 1291 nihilominus
1056 1225 1438 1304 haberetur,
1503 1228 1570 1288 et
1624 1226 1796 1309 quod
1857 1247 1891 1289 e
1949 1248 2020 1289 re
2067 1224 2387 1289 Ecclesiae
2441 1226 2629 1301 foret,

310 1323 702 1388 decerneret.
813 1321 1135 1388 Convenit
1193 1323 1496 1396 ulterius,
1557 1327 1632 1385 ut
1691 1319 2043 1406 Gregorius
2099 1343 2172 1385 ac
2226 1321 2632 1401 Benedictus,

311 1421 684 1485 Cardinales
732 1421 1060 1494 absentes,
1110 1419 1390 1502 episcopi
1439 1418 1677 1501 aliique
1724 1418 2030 1502 praelati,
2075 1420 2394 1500 doctores,
2448 1439 2631 1501 reges

308 1524 376 1582 et
419 1518 740 1601 principes
798 1516 867 1580 in
917 1516 1216 1579 universo
1274 1516 1427 1579 orbe
1482 1513 1801 1579 catholico
1859 1516 2127 1598 quisque
2188 1537 2226 1578 a
2272 1514 2631 1580 Cardinali-

312 1613 429 1677 bus
475 1634 628 1677 suae
682 1614 885 1696 partis
934 1633 1048 1675 seu
1100 1610 1521 1676 Obedientiae
1568 1610 1646 1673 ad
1696 1609 2051 1675 Concilium
2098 1617 2627 1677 convocarentur.

2643 1765 2837 1808 Litterae
2858 1766 2958 1809 Car-

489 1782 592 1844 42.
670 1779 956 1844 Litterae
1023 1778 1508 1843 convocatoriae
1582 1778 1813 1842 missae
1890 1777 1967 1841 ad
2036 1778 2457 1843 Benedictum
2526 1778 2626 1843 die
2693 1827 2914 1871 dinanum.

316 1874 427 1941 14⁰
474 1876 635 1941 Julii
685 1899 742 1942 a.
795 1877 962 1939 1408
1020 1874 1364 1957 inscriptae
1400 1879 1646 1939 erant:
1710 1872 2135 1939 Sanctissimo
2181 1874 2469 1939 Domino
2512 1896 2625 1942 no-

313 1977 451 2036 stro
514 1971 867 2037 Benedicto
916 1970 1123 2035 XIII.
1141 2019 1158 2050 ‚
1222 1969 1638 2034 miseratione
1701 1969 1928 2035 divina
1992 1992 2243 2036 summo
2301 1970 2627 2052 Pontifici,

309 2068 451 2132 Deo
497 2067 774 2133 humiles
795 2066 800 2070 ’
820 2071 880 2131 et
925 2065 1135 2130 devoti
1181 2070 1490 2146 oratores,
1537 2065 1875 2149 Episcopi,
1932 2067 2304 2150 Presbyteri
2350 2071 2412 2133 et
2454 2067 2624 2133 Dia-

310 2163 455 2229 coni
503 2163 567 2229 S.
613 2164 698 2229 R.
745 2162 827 2228 E.
888 2160 1269 2227 Cardinales
1324 2182 1502 2227 nunc
1558 2162 1633 2228 in
1691 2163 1993 2230 Isiburno
2050 2164 2339 2230 Piscinae
2390 2165 2625 2230 dioece-

308 2249 422 2326 sis³
466 2260 837 2341 eoeistente8‚
893 2280 1021 2342 pro
1087 2258 1272 2325 nobis
1334 2264 1396 2322 et
1458 2259 1612 2324 aliis
1674 2260 2228 2325 reverendissimis
2289 2260 2625 2342 Patribus,

310 2357 592 2432 dominis
644 2356 1110 2423 Cardinalibus
1147 2378 1273 2439 pro
1320 2377 1498 2421 nunc
1547 2355 1938 2436 absentibus,
1985 2356 2170 2422 nobis
2214 2356 2624 2426 adhaerenti·

312 2454 428 2520 bus
490 2459 551 2519 et
612 2452 963 2519 adhaerere
1017 2452 1376 2518 volentibus
1432 2452 1508 2518 in
1569 2452 1691 2519 hac
1739 2458 1969 2537 parte,
2032 2474 2177 2519 cum
2231 2454 2511 2538 supplici
2564 2459 2626 2520 et

311 2553 539 2616 devota
583 2549 1204 2616 recommendatione
1247 2549 1470 2615 utrius
1525 2550 1811 2615 hominis
1867 2551 2317 2637 sospitatem.¹)
2411 2552 2624 2618 Gene-

307 2652 498 2714 ratim
552 2649 921 2714 Cardinales
980 2648 1312 2713 Benedicti
1388 2648 1562 2712 hunc
1612 2670 1757 2712 cum
1810 2650 2177 2714 reverentia
2228 2655 2623 2727 tractarunt3

310 2748 600 2811 acerbius
656 2750 872 2810 autem
928 2745 997 2810 in
1045 2744 1426 2830 Gregorium
1472 2768 1610 2810 sese
1664 2751 2001 2829 gesserunt
2050 2745 2422 2811 Cardinales
2470 2749 2628 2830 ejus,

310 2864 591 2926 eousque
646 2842 1162 2925 progredientes,
1221 2845 1294 2906 ut
1347 2841 1448 2906 die
1510 2841 1624 2906 29⁰
1672 2842 1957 2927 Augusti
2017 2841 2423 2909 Cardinalem
2473 2843 2622 2907 Phi-

308 2941 564 3024 largum
627 2940 1042 3003 nominarent
1100 2938 1601 3022 gubernatorem
1665 2939 1989 3004 Marchiae
2047 2940 2498 3005 Anconitanae
2560 2946 2626 3005 et

306 3036 572 3100 ducatus
624 3034 974 3119 Spoletani.
1019 3070 1107 3080 —
1139 3034 1377 3099 Versus
1418 3057 1703 3100 mensem
1752 3036 2122 3118 Augustum
2168 3059 2223 3101 a.
2279 3039 2444 3104 1408
2484 3041 2622 3122 jam

307 3131 489 3196 Pisas
536 3131 907 3196 Cardinales
952 3153 1089 3196 sese
1134 3132 1570 3196 contulerunt.

485 3291 588 3353 43.
652 3290 863 3354 Ambo
924 3288 1392 3353 contendentes
1440 3289 1788 3374 Gregorius
1847 3299 1913 3354 et
1960 3290 2347 3356 Benedictus
2397 3299 2623 3356 contra

291 3387 494 3452 ‘istam
554 3385 824 3451 Concilii
891 3386 1414 3450 convocationem
1483 3391 1794 3470 tanquam
1866 3410 1998 3452 non
2068 3388 2306 3453 factam
2376 3413 2413 3453 a
2471 3390 2621 3474 legi·

304 3485 465 3548 tima
526 3483 914 3547 auctoritate
975 3483 1427 3547 reclamarunt.
1537 3482 1909 3550 Cardinales
1966 3507 2118 3550 vero
2183 3486 2262 3550 ad
2323 3508 2398 3549 ea
2459 3507 2625 3571 quae
2715 3554 2722 3559 ‚

302 3579 400 3643 illi
443 3581 884 3663 opponebant,
932 3579 1434 3661 responderunt,
1489 3601 1652 3663 quae
1698 3580 1775 3644 de
1823 3583 2280 3646 convocatione
2330 3586 2397 3647 et
2440 3606 2621 3666 prae-

302 3675 579 3740 sidentia
627 3675 896 3740 Concilii
941 3675 1013 3739 in
1051 3675 1198 3758 jure
1247 3681 1624 3739 statuuntur
1670 3680 1807 3740 tum
1857 3674 2064 3742 solum
2111 3677 2345 3742 habere
2391 3679 2623 3761 locum,

304 3771 564 3856 quando
613 3795 780 3836 unus
829 3778 896 3835 et
939 3771 1243 3836 indubius
1291 3780 1387 3836 est
1432 3770 1767 3850 Pontifex,
1823 3796 1951 3838 non
2003 3796 2151 3840 vero
2198 3775 2452 3859 quando
2501 3775 2621 3840 duo

301 3868 379 3931 de
424 3868 802 3952 pontificatu
851 3868 1280 3945 contendunt,
1344 3890 1614 3952 quorum
1660 3869 1929 3934 obscura
1975 3878 2129 3936 sunt
2168 3873 2349 3956 jura,
2399 3879 2465 3937 et
2508 3874 2620 3956 qui

484 4135 525 4200 ¹)
562 4135 721 4201 Apud
759 4135 958 4202 Labbe‚
999 4136 1058 4188 Τ.
1099 4135 1193 4189 XI.
1233 4137 1294 4190 P.
1335 4135 1409 4189 II.
1450 4153 1494 4190 c.
1533 4140 1689 4192 2114.
