<?xml version="1.0" encoding="UTF-8"?>
<!DOCTYPE html PUBLIC "-//W3C//DTD XHTML 1.0 Transitional//EN"
    "http://www.w3.org/TR/xhtml1/DTD/xhtml1-transitional.dtd">
<html xmlns="http://www.w3.org/1999/xhtml" xml:lang="en" lang="en">
 <head>
  <title>
</title>
<meta http-equiv="Content-Type" content="text/html;charset=utf-8" />
  <meta name='ocr-system' content='tesseract 3.04.00' />
  <meta name='ocr-capabilities' content='ocr_page ocr_carea ocr_par ocr_line ocrx_word'/>
</head>
<body>
  <div class='ocr_page' id='page_1' title='image "./dissertationess05junggoog_0369.png"; bbox 0 0 3281 5014; ppageno 0'>
   <div class='ocr_carea' id='block_1_1' title="bbox 1161 403 2680 497">
    <p class='ocr_par' dir='ltr' id='par_1_1' title="bbox 1161 403 2680 497">
     <span class='ocr_line' id='line_1_1' title="bbox 1161 403 2680 497; baseline 0.007 -41"><span class='ocrx_word' id='word_1_1' title='bbox 1161 403 1244 459; x_wconf 92' lang='lat' dir='ltr'><em>De</em></span> <span class='ocrx_word' id='word_1_2' title='bbox 1282 404 1523 459; x_wconf 80' lang='lat' dir='ltr'>Concilio</span> <span class='ocrx_word' id='word_1_3' title='bbox 1561 405 1885 462; x_wconf 86' lang='lat' dir='ltr'><em>Basileensi.</em></span> <span class='ocrx_word' id='word_1_4' title='bbox 2109 482 2122 497; x_wconf 47' lang='lat'><strong>·</strong></span> <span class='ocrx_word' id='word_1_5' title='bbox 2575 415 2680 466; x_wconf 88' lang='lat'><em>363</em></span> 
     </span>
    </p>
   </div>
   <div class='ocr_carea' id='block_1_2' title="bbox 294 541 2681 1984">
    <p class='ocr_par' dir='ltr' id='par_1_2' title="bbox 294 541 2681 1984">
     <span class='ocr_line' id='line_1_2' title="bbox 362 541 2680 633; baseline 0.005 -29"><span class='ocrx_word' id='word_1_6' title='bbox 362 541 605 606; x_wconf 81' lang='lat' dir='ltr'><em>entiam</em></span> <span class='ocrx_word' id='word_1_7' title='bbox 650 542 1051 631; x_wconf 81' lang='lat' dir='ltr'><em>alliciamus,</em></span> <span class='ocrx_word' id='word_1_8' title='bbox 1114 566 1231 610; x_wconf 88' lang='lat' dir='ltr'><em>nos</em></span> <span class='ocrx_word' id='word_1_9' title='bbox 1275 545 1606 610; x_wconf 77' lang='lat' dir='ltr'><em>concedere</em></span> <span class='ocrx_word' id='word_1_10' title='bbox 1653 546 2116 628; x_wconf 80' lang='lat' dir='ltr'><em>quodammodo</em></span> <span class='ocrx_word' id='word_1_11' title='bbox 2163 550 2504 633; x_wconf 79' lang='lat' dir='ltr'><em>compellit,</em></span> <span class='ocrx_word' id='word_1_12' title='bbox 2561 572 2680 617; x_wconf 89' lang='lat' dir='ltr'><em>nos</em></span> 
     </span>
     <span class='ocr_line' id='line_1_3' title="bbox 361 637 2681 729; baseline 0.004 -27"><span class='ocrx_word' id='word_1_13' title='bbox 361 637 447 702; x_wconf 90' lang='lat' dir='ltr'><em>ad</em></span> <span class='ocrx_word' id='word_1_14' title='bbox 474 638 818 705; x_wconf 85' lang='lat' dir='ltr'><em>vitandum</em></span> <span class='ocrx_word' id='word_1_15' title='bbox 865 662 1048 706; x_wconf 89' lang='lat' dir='ltr'><em>omne</em></span> <span class='ocrx_word' id='word_1_16' title='bbox 1091 642 1473 707; x_wconf 86' lang='lat' dir='ltr'><em>scandalum</em></span> <span class='ocrx_word' id='word_1_17' title='bbox 1509 646 1570 706; x_wconf 93' lang='lat' dir='ltr'><em>et</em></span> <span class='ocrx_word' id='word_1_18' title='bbox 1610 643 1978 725; x_wconf 81' lang='lat' dir='ltr'><em>pericu-lum</em></span> <span class='ocrx_word' id='word_1_19' title='bbox 2025 646 2195 727; x_wconf 80' lang='lat' dir='ltr'><em>quod</em></span> <span class='ocrx_word' id='word_1_20' title='bbox 2221 647 2453 711; x_wconf 81' lang='lat' dir='ltr'><em>exinde</em></span> <span class='ocrx_word' id='word_1_21' title='bbox 2499 647 2681 729; x_wconf 81' lang='lat' dir='ltr'><em>sequi</em></span> 
     </span>
     <span class='ocr_line' id='line_1_4' title="bbox 294 737 2677 822; baseline 0.004 -23"><span class='ocrx_word' id='word_1_22' title='bbox 294 750 297 752; x_wconf 73' lang='grc'>’</span> <span class='ocrx_word' id='word_1_23' title='bbox 351 741 594 817; x_wconf 88' lang='lat' dir='ltr'><em>posset,</em></span> <span class='ocrx_word' id='word_1_24' title='bbox 659 737 944 802; x_wconf 78' lang='lat' dir='ltr'><em>nolentes</em></span> <span class='ocrx_word' id='word_1_25' title='bbox 998 737 1253 820; x_wconf 80' lang='lat' dir='ltr'><em>aliquid</em></span> <span class='ocrx_word' id='word_1_26' title='bbox 1308 738 1517 804; x_wconf 77' lang='lat' dir='ltr'><em>dicere</em></span> <span class='ocrx_word' id='word_1_27' title='bbox 1568 744 1687 804; x_wconf 91' lang='lat' dir='ltr'><em>aut</em></span> <span class='ocrx_word' id='word_1_28' title='bbox 1748 740 2132 821; x_wconf 80' lang='lat' dir='ltr'><em>confirmare</em></span> <span class='ocrx_word' id='word_1_29' title='bbox 2188 743 2285 808; x_wconf 85' lang='lat' dir='ltr'><em>vel</em></span> <span class='ocrx_word' id='word_1_30' title='bbox 2327 744 2677 822; x_wconf 80' lang='lat' dir='ltr'><em>concedere,</em></span> 
     </span>
     <span class='ocr_line' id='line_1_5' title="bbox 360 832 2681 922; baseline 0.003 -24"><span class='ocrx_word' id='word_1_31' title='bbox 360 832 529 912; x_wconf 80' lang='lat' dir='ltr'><em>quod</em></span> <span class='ocrx_word' id='word_1_32' title='bbox 591 838 751 899; x_wconf 85' lang='lat' dir='ltr'><em>esset</em></span> <span class='ocrx_word' id='word_1_33' title='bbox 812 839 1038 900; x_wconf 90' lang='lat' dir='ltr'><em>contra</em></span> <span class='ocrx_word' id='word_1_34' title='bbox 1104 839 1479 900; x_wconf 85' lang='lat' dir='ltr'><em>sanctorum</em></span> <span class='ocrx_word' id='word_1_35' title='bbox 1543 835 1826 901; x_wconf 89' lang='lat' dir='ltr'><em>Patrum</em></span> <span class='ocrx_word' id='word_1_36' title='bbox 1885 838 2280 919; x_wconf 79' lang='lat' dir='ltr'><em>doctrinam,</em></span> <span class='ocrx_word' id='word_1_37' title='bbox 2352 839 2451 904; x_wconf 85' lang='lat' dir='ltr'><em>vel</em></span> <span class='ocrx_word' id='word_1_38' title='bbox 2512 840 2681 922; x_wconf 80' lang='lat' dir='ltr'><em>quod</em></span> 
     </span>
     <span class='ocr_line' id='line_1_6' title="bbox 359 931 2678 1018; baseline 0.003 -26"><span class='ocrx_word' id='word_1_39' title='bbox 359 935 645 1013; x_wconf 71' lang='lat' dir='ltr'><em>veryeret</em></span> <span class='ocrx_word' id='word_1_40' title='bbox 702 931 776 996; x_wconf 91' lang='lat' dir='ltr'><em>in</em></span> <span class='ocrx_word' id='word_1_41' title='bbox 836 932 1329 1015; x_wconf 84' lang='lat' dir='ltr'><em>praejudicium</em></span> <span class='ocrx_word' id='word_1_42' title='bbox 1405 932 1606 1015; x_wconf 81' lang='lat' dir='ltr'><em>hujus</em></span> <span class='ocrx_word' id='word_1_43' title='bbox 1678 939 1941 1000; x_wconf 90' lang='lat' dir='ltr'><em>sanctae</em></span> <span class='ocrx_word' id='word_1_44' title='bbox 2003 935 2410 1018; x_wconf 88' lang='lat' dir='ltr'><em>Apostolicae</em></span> <span class='ocrx_word' id='word_1_45' title='bbox 2475 936 2678 1015; x_wconf 78' lang='lat' dir='ltr'><em>Sedis,</em></span> 
     </span>
     <span class='ocr_line' id='line_1_7' title="bbox 358 1027 2678 1114; baseline 0.003 -23"><span class='ocrx_word' id='word_1_46' title='bbox 358 1027 667 1108; x_wconf 80' lang='lat' dir='ltr'><em>quoniam</em></span> <span class='ocrx_word' id='word_1_47' title='bbox 713 1034 986 1113; x_wconf 86' lang='lat' dir='ltr'><em>propter</em></span> <span class='ocrx_word' id='word_1_48' title='bbox 1039 1030 1483 1096; x_wconf 85' lang='lat' dir='ltr'><em>imminentem</em></span> <span class='ocrx_word' id='word_1_49' title='bbox 1543 1029 1728 1095; x_wconf 83' lang='lat' dir='ltr'><em>nobis</em></span> <span class='ocrx_word' id='word_1_50' title='bbox 1786 1031 2264 1114; x_wconf 71' lang='lat' dir='ltr'><em>aeyritudinem</em></span> <span class='ocrx_word' id='word_1_51' title='bbox 2323 1054 2454 1099; x_wconf 90' lang='lat' dir='ltr'><em>non</em></span> <span class='ocrx_word' id='word_1_52' title='bbox 2512 1034 2678 1098; x_wconf 86' lang='lat' dir='ltr'><em>vale-</em></span> 
     </span>
     <span class='ocr_line' id='line_1_8' title="bbox 358 1125 2677 1210; baseline 0.003 -22"><span class='ocrx_word' id='word_1_53' title='bbox 358 1145 503 1189; x_wconf 87' lang='lat' dir='ltr'><em>mus</em></span> <span class='ocrx_word' id='word_1_54' title='bbox 547 1125 765 1190; x_wconf 88' lang='lat' dir='ltr'><em>omnia</em></span> <span class='ocrx_word' id='word_1_55' title='bbox 819 1147 939 1209; x_wconf 90' lang='lat' dir='ltr'><em>per</em></span> <span class='ocrx_word' id='word_1_56' title='bbox 984 1147 1086 1191; x_wconf 90' lang='lat' dir='ltr'><em>eos</em></span> <span class='ocrx_word' id='word_1_57' title='bbox 1121 1127 1334 1210; x_wconf 88' lang='lat' dir='ltr'><em>petita</em></span> <span class='ocrx_word' id='word_1_58' title='bbox 1380 1132 1440 1192; x_wconf 89' lang='lat' dir='ltr'><em>et</em></span> <span class='ocrx_word' id='word_1_59' title='bbox 1489 1147 1613 1209; x_wconf 90' lang='lat' dir='ltr'><em>per</em></span> <span class='ocrx_word' id='word_1_60' title='bbox 1661 1147 1780 1192; x_wconf 89' lang='lat' dir='ltr'><em>nos</em></span> <span class='ocrx_word' id='word_1_61' title='bbox 1825 1149 2120 1194; x_wconf 88' lang='lat' dir='ltr'><em>concessa</em></span> <span class='ocrx_word' id='word_1_62' title='bbox 2177 1150 2321 1195; x_wconf 91' lang='lat' dir='ltr'><em>cum</em></span> <span class='ocrx_word' id='word_1_63' title='bbox 2378 1151 2454 1196; x_wconf 90' lang='lat' dir='ltr'><em>ea</em></span> <span class='ocrx_word' id='word_1_64' title='bbox 2509 1130 2677 1196; x_wconf 88' lang='lat' dir='ltr'><em>inte-</em></span> 
     </span>
     <span class='ocr_line' id='line_1_9' title="bbox 350 1221 2677 1308; baseline 0.003 -24"><span class='ocrx_word' id='word_1_65' title='bbox 350 1221 596 1301; x_wconf 69' lang='lat' dir='ltr'><em>⁸oritate</em></span> <span class='ocrx_word' id='word_1_66' title='bbox 625 1222 874 1304; x_wconf 79' lang='lat' dir='ltr'><em>judicii</em></span> <span class='ocrx_word' id='word_1_67' title='bbox 920 1228 980 1287; x_wconf 91' lang='lat' dir='ltr'><em>et</em></span> <span class='ocrx_word' id='word_1_68' title='bbox 1012 1223 1268 1289; x_wconf 87' lang='lat' dir='ltr'><em>consilii</em></span> <span class='ocrx_word' id='word_1_69' title='bbox 1314 1223 1697 1290; x_wconf 78' lang='lat' dir='ltr'><em>examinare</em></span> <span class='ocrx_word' id='word_1_70' title='bbox 1729 1229 1789 1289; x_wconf 91' lang='lat' dir='ltr'><em>et</em></span> <span class='ocrx_word' id='word_1_71' title='bbox 1824 1225 2211 1307; x_wconf 85' lang='lat' dir='ltr'><em>ponderare,</em></span> <span class='ocrx_word' id='word_1_72' title='bbox 2262 1247 2426 1308; x_wconf 81' lang='lat' dir='ltr'><em>quae</em></span> <span class='ocrx_word' id='word_1_73' title='bbox 2455 1248 2677 1292; x_wconf 86' lang='lat' dir='ltr'><em>rerum</em></span> 
     </span>
     <span class='ocr_line' id='line_1_10' title="bbox 355 1317 2676 1406; baseline 0.003 -24"><span class='ocrx_word' id='word_1_74' title='bbox 355 1317 737 1401; x_wconf 71' lang='lat' dir='ltr'><em>maqnitudo</em></span> <span class='ocrx_word' id='word_1_75' title='bbox 783 1325 843 1384; x_wconf 90' lang='lat' dir='ltr'><em>et</em></span> <span class='ocrx_word' id='word_1_76' title='bbox 881 1321 1183 1403; x_wconf 56' lang='lat' dir='ltr'><em>⁴oravitas</em></span> <span class='ocrx_word' id='word_1_77' title='bbox 1227 1321 1538 1403; x_wconf 80' lang='lat' dir='ltr'><em>requirit,</em></span> <span class='ocrx_word' id='word_1_78' title='bbox 1597 1326 1817 1387; x_wconf 86' lang='lat' dir='ltr'><em>tenore</em></span> <span class='ocrx_word' id='word_1_79' title='bbox 1864 1323 2317 1405; x_wconf 87' lang='lat' dir='ltr'><em>praesentium</em></span> <span class='ocrx_word' id='word_1_80' title='bbox 2356 1328 2676 1406; x_wconf 89' lang='lat' dir='ltr'><em>protesta-</em></span> 
     </span>
     <span class='ocr_line' id='line_1_11' title="bbox 354 1416 2678 1505; baseline 0.003 -25"><span class='ocrx_word' id='word_1_81' title='bbox 354 1435 531 1492; x_wconf 87' lang='lat' dir='ltr'><em>mur,</em></span> <span class='ocrx_word' id='word_1_82' title='bbox 593 1416 762 1497; x_wconf 80' lang='lat' dir='ltr'><em>quod</em></span> <span class='ocrx_word' id='word_1_83' title='bbox 805 1438 932 1499; x_wconf 88' lang='lat' dir='ltr'><em>per</em></span> <span class='ocrx_word' id='word_1_84' title='bbox 977 1438 1412 1500; x_wconf 79' lang='lat' dir='ltr'><em>quaecumque</em></span> <span class='ocrx_word' id='word_1_85' title='bbox 1468 1438 1509 1482; x_wconf 92' lang='lat' dir='ltr'><em>a</em></span> <span class='ocrx_word' id='word_1_86' title='bbox 1556 1418 1741 1483; x_wconf 85' lang='lat' dir='ltr'><em>nobis</em></span> <span class='ocrx_word' id='word_1_87' title='bbox 1797 1418 1988 1484; x_wconf 89' lang='lat' dir='ltr'><em>dictis</em></span> <span class='ocrx_word' id='word_1_88' title='bbox 2025 1420 2196 1502; x_wconf 71' lang='lat' dir='ltr'><em>Reyi</em></span> <span class='ocrx_word' id='word_1_89' title='bbox 2227 1471 2240 1484; x_wconf 88' lang='lat'><strong>.</strong></span> <span class='ocrx_word' id='word_1_90' title='bbox 2273 1470 2286 1485; x_wconf 92' lang='lat'><strong>.</strong></span> <span class='ocrx_word' id='word_1_91' title='bbox 2317 1471 2332 1485; x_wconf 90' lang='lat'><strong>.</strong></span> <span class='ocrx_word' id='word_1_92' title='bbox 2363 1471 2377 1484; x_wconf 91' lang='lat'><strong>.</strong></span> <span class='ocrx_word' id='word_1_93' title='bbox 2424 1420 2678 1505; x_wconf 90' lang='lat' dir='ltr'><em>princi·</em></span> 
     </span>
     <span class='ocr_line' id='line_1_12' title="bbox 343 1511 2676 1624; baseline 0.003 -49"><span class='ocrx_word' id='word_1_94' title='bbox 343 1511 547 1594; x_wconf 83' lang='lat' dir='ltr'><em>pibus</em></span> <span class='ocrx_word' id='word_1_95' title='bbox 592 1532 669 1577; x_wconf 87' lang='lat' dir='ltr'><em>ac</em></span> <span class='ocrx_word' id='word_1_96' title='bbox 714 1512 976 1579; x_wconf 82' lang='lat' dir='ltr'><em>nationi</em></span> <span class='ocrx_word' id='word_1_97' title='bbox 1020 1534 1329 1624; x_wconf 81' lang='lat' dir='ltr'><em>responsa</em></span> <span class='ocrx_word' id='word_1_98' title='bbox 1376 1518 1436 1579; x_wconf 93' lang='lat' dir='ltr'><em>et</em></span> <span class='ocrx_word' id='word_1_99' title='bbox 1476 1515 1948 1598; x_wconf 87' lang='lat' dir='ltr'><em>respondenda,</em></span> <span class='ocrx_word' id='word_1_100' title='bbox 2011 1537 2305 1582; x_wconf 89' lang='lat' dir='ltr'><em>concessa</em></span> <span class='ocrx_word' id='word_1_101' title='bbox 2359 1523 2419 1582; x_wconf 91' lang='lat' dir='ltr'><em>et</em></span> <span class='ocrx_word' id='word_1_102' title='bbox 2466 1538 2676 1583; x_wconf 92' lang='lat' dir='ltr'><em>conce·</em></span> 
     </span>
     <span class='ocr_line' id='line_1_13' title="bbox 353 1608 2675 1693; baseline 0.002 -20"><span class='ocrx_word' id='word_1_103' title='bbox 353 1608 590 1688; x_wconf 87' lang='lat' dir='ltr'><em>denda,</em></span> <span class='ocrx_word' id='word_1_104' title='bbox 647 1630 781 1676; x_wconf 92' lang='lat' dir='ltr'><em>non</em></span> <span class='ocrx_word' id='word_1_105' title='bbox 836 1610 1240 1677; x_wconf 83' lang='lat' dir='ltr'><em>intendimus</em></span> <span class='ocrx_word' id='word_1_106' title='bbox 1283 1611 1357 1677; x_wconf 88' lang='lat' dir='ltr'><em>in</em></span> <span class='ocrx_word' id='word_1_107' title='bbox 1404 1610 1624 1693; x_wconf 77' lang='lat' dir='ltr'><em>aliquo</em></span> <span class='ocrx_word' id='word_1_108' title='bbox 1684 1611 1995 1693; x_wconf 78' lang='lat' dir='ltr'><em>deroqare</em></span> <span class='ocrx_word' id='word_1_109' title='bbox 2040 1612 2374 1679; x_wconf 89' lang='lat' dir='ltr'><em>doctrinae</em></span> <span class='ocrx_word' id='word_1_110' title='bbox 2418 1619 2675 1680; x_wconf 87' lang='lat' dir='ltr'><em>sancto-</em></span> 
     </span>
     <span class='ocr_line' id='line_1_14' title="bbox 351 1705 2672 1816; baseline 0.003 -48"><span class='ocrx_word' id='word_1_111' title='bbox 351 1726 500 1770; x_wconf 92' lang='lat' dir='ltr'><em>rum</em></span> <span class='ocrx_word' id='word_1_112' title='bbox 560 1705 861 1787; x_wconf 89' lang='lat' dir='ltr'><em>Patrum,</em></span> <span class='ocrx_word' id='word_1_113' title='bbox 922 1712 1041 1772; x_wconf 90' lang='lat' dir='ltr'><em>aut</em></span> <span class='ocrx_word' id='word_1_114' title='bbox 1094 1707 1438 1816; x_wconf 82' lang='lat' dir='ltr'><em>praefatae</em></span> <span class='ocrx_word' id='word_1_115' title='bbox 1485 1706 1672 1772; x_wconf 83' lang='lat' dir='ltr'><em>Sedis</em></span> <span class='ocrx_word' id='word_1_116' title='bbox 1721 1708 2096 1792; x_wconf 74' lang='lat' dir='ltr'><em>privileqiis</em></span> <span class='ocrx_word' id='word_1_117' title='bbox 2151 1715 2211 1774; x_wconf 89' lang='lat' dir='ltr'><em>et</em></span> <span class='ocrx_word' id='word_1_118' title='bbox 2272 1711 2672 1790; x_wconf 80' lang='lat' dir='ltr'><em>auctoritati,</em></span> 
     </span>
     <span class='ocr_line' id='line_1_15' title="bbox 351 1801 2674 1890; baseline 0.002 -24"><span class='ocrx_word' id='word_1_119' title='bbox 351 1801 654 1867; x_wconf 82' lang='lat' dir='ltr'><em>habentes</em></span> <span class='ocrx_word' id='word_1_120' title='bbox 691 1825 816 1886; x_wconf 91' lang='lat' dir='ltr'><em>pro</em></span> <span class='ocrx_word' id='word_1_121' title='bbox 847 1824 980 1869; x_wconf 89' lang='lat' dir='ltr'><em>non</em></span> <span class='ocrx_word' id='word_1_122' title='bbox 1026 1804 1353 1887; x_wconf 80' lang='lat' dir='ltr'><em>responsis</em></span> <span class='ocrx_word' id='word_1_123' title='bbox 1383 1808 1445 1868; x_wconf 94' lang='lat' dir='ltr'><em>et</em></span> <span class='ocrx_word' id='word_1_124' title='bbox 1489 1824 1619 1870; x_wconf 93' lang='lat' dir='ltr'><em>non</em></span> <span class='ocrx_word' id='word_1_125' title='bbox 1665 1805 1993 1885; x_wconf 86' lang='lat' dir='ltr'><em>concessis,</em></span> <span class='ocrx_word' id='word_1_126' title='bbox 2042 1827 2480 1890; x_wconf 80' lang='lat' dir='ltr'><em>quaecumque</em></span> <span class='ocrx_word' id='word_1_127' title='bbox 2511 1807 2674 1872; x_wconf 89' lang='lat' dir='ltr'><em>talia</em></span> 
     </span>
     <span class='ocr_line' id='line_1_16' title="bbox 353 1899 1440 1984; baseline 0.004 -21"><span class='ocrx_word' id='word_1_128' title='bbox 353 1919 396 1963; x_wconf 90' lang='lat' dir='ltr'><em>a</em></span> <span class='ocrx_word' id='word_1_129' title='bbox 440 1899 625 1965; x_wconf 83' lang='lat' dir='ltr'><em>nobis</em></span> <span class='ocrx_word' id='word_1_130' title='bbox 671 1900 1014 1984; x_wconf 72' lang='lat' dir='ltr'><em>contiyerit</em></span> <span class='ocrx_word' id='word_1_131' title='bbox 1060 1922 1381 1967; x_wconf 88' lang='lat' dir='ltr'><em>emanare.</em></span> <span class='ocrx_word' id='word_1_132' title='bbox 1391 1900 1440 1983; x_wconf 80' lang='grc'><em>1)</em></span> 
     </span>
    </p>
   </div>
   <div class='ocr_carea' id='block_1_3' title="bbox 342 2014 2674 3842">
    <p class='ocr_par' dir='ltr' id='par_1_3' title="bbox 342 2014 2674 3842">
     <span class='ocr_line' id='line_1_17' title="bbox 545 2014 2670 2103; baseline 0.002 -25"><span class='ocrx_word' id='word_1_133' title='bbox 545 2015 647 2081; x_wconf 86' lang='grc'><em>28.</em></span> <span class='ocrx_word' id='word_1_134' title='bbox 746 2016 893 2081; x_wconf 88' lang='lat' dir='ltr'><em>Jam</em></span> <span class='ocrx_word' id='word_1_135' title='bbox 963 2017 1040 2080; x_wconf 92' lang='lat' dir='ltr'><em>de</em></span> <span class='ocrx_word' id='word_1_136' title='bbox 1109 2014 1311 2080; x_wconf 81' lang='lat' dir='ltr'><em>Sanct</em></span> <span class='ocrx_word' id='word_1_137' title='bbox 1285 2015 1458 2080; x_wconf 90' lang='lat' dir='ltr'><em>tione</em></span> <span class='ocrx_word' id='word_1_138' title='bbox 1541 2017 1961 2099; x_wconf 61' lang='lat' dir='ltr'><em>pragmatica</em></span> <span class='ocrx_word' id='word_1_139' title='bbox 2019 2018 2231 2103; x_wconf 83' lang='lat' dir='ltr'><em>Caroli</em></span> <span class='ocrx_word' id='word_1_140' title='bbox 2279 2018 2428 2083; x_wconf 91' lang='lat' dir='ltr'><strong>VII.</strong></span> <span class='ocrx_word' id='word_1_141' title='bbox 2501 2020 2670 2102; x_wconf 88' lang='lat' dir='ltr'><em>regis</em></span> 
     </span>
     <span class='ocr_line' id='line_1_18' title="bbox 353 2096 2669 2197; baseline 0.001 -20"><span class='ocrx_word' id='word_1_142' title='bbox 353 2111 600 2177; x_wconf 81' lang='lat' dir='ltr'><em>Galliae</em></span> <span class='ocrx_word' id='word_1_143' title='bbox 655 2135 858 2196; x_wconf 88' lang='lat' dir='ltr'><em>pauca</em></span> <span class='ocrx_word' id='word_1_144' title='bbox 909 2113 1233 2178; x_wconf 77' lang='lat' dir='ltr'><em>addamus·</em></span> <span class='ocrx_word' id='word_1_145' title='bbox 1326 2115 1535 2190; x_wconf 84' lang='lat' dir='ltr'><em>Quum</em></span> <span class='ocrx_word' id='word_1_146' title='bbox 1586 2114 1918 2197; x_wconf 86' lang='lat' dir='ltr'><em>Eugenius</em></span> <span class='ocrx_word' id='word_1_147' title='bbox 1966 2113 2079 2179; x_wconf 87' lang='lat' dir='ltr'><em>IV.</em></span> <span class='ocrx_word' id='word_1_148' title='bbox 2133 2096 2492 2181; x_wconf 84' lang='lat' dir='ltr'><em>Concilium</em></span> <span class='ocrx_word' id='word_1_149' title='bbox 2547 2115 2669 2180; x_wconf 89' lang='lat' dir='ltr'><em>Ba·</em></span> 
     </span>
     <span class='ocr_line' id='line_1_19' title="bbox 349 2209 2673 2295; baseline 0.001 -22"><span class='ocrx_word' id='word_1_150' title='bbox 349 2210 620 2275; x_wconf 92' lang='lat' dir='ltr'><em>sileense</em></span> <span class='ocrx_word' id='word_1_151' title='bbox 669 2209 1025 2275; x_wconf 83' lang='lat' dir='ltr'><em>Ferrariam</em></span> <span class='ocrx_word' id='word_1_152' title='bbox 1083 2211 1541 2288; x_wconf 71' lang='lat' dir='ltr'><em>transtulisset,</em></span> <span class='ocrx_word' id='word_1_153' title='bbox 1600 2210 2003 2276; x_wconf 91' lang='lat' dir='ltr'><em>Basileenses</em></span> <span class='ocrx_word' id='word_1_154' title='bbox 2050 2233 2198 2275; x_wconf 88' lang='lat' dir='ltr'><em>vero</em></span> <span class='ocrx_word' id='word_1_155' title='bbox 2254 2212 2375 2295; x_wconf 88' lang='lat' dir='ltr'><em>ipsi</em></span> <span class='ocrx_word' id='word_1_156' title='bbox 2423 2212 2673 2275; x_wconf 89' lang='lat' dir='ltr'><em>resiste·</em></span> 
     </span>
     <span class='ocr_line' id='line_1_20' title="bbox 349 2306 2674 2393; baseline 0.001 -23"><span class='ocrx_word' id='word_1_157' title='bbox 349 2313 514 2385; x_wconf 90' lang='lat' dir='ltr'><em>rent,</em></span> <span class='ocrx_word' id='word_1_158' title='bbox 576 2306 841 2372; x_wconf 85' lang='lat' dir='ltr'><em>Carolus</em></span> <span class='ocrx_word' id='word_1_159' title='bbox 886 2307 1034 2373; x_wconf 89' lang='lat' dir='ltr'><strong>VII.</strong></span> <span class='ocrx_word' id='word_1_160' title='bbox 1095 2330 1173 2372; x_wconf 84' lang='lat' dir='ltr'><em>ex</em></span> <span class='ocrx_word' id='word_1_161' title='bbox 1220 2310 1548 2372; x_wconf 87' lang='lat' dir='ltr'><em>sententia</em></span> <span class='ocrx_word' id='word_1_162' title='bbox 1594 2309 1844 2373; x_wconf 86' lang='lat' dir='ltr'><em>consilii</em></span> <span class='ocrx_word' id='word_1_163' title='bbox 1892 2310 2052 2393; x_wconf 87' lang='lat' dir='ltr'><em>regii</em></span> <span class='ocrx_word' id='word_1_164' title='bbox 2101 2309 2559 2373; x_wconf 87' lang='lat' dir='ltr'><em>ecclesiasticos</em></span> <span class='ocrx_word' id='word_1_165' title='bbox 2608 2313 2674 2373; x_wconf 90' lang='lat' dir='ltr'><em>et</em></span> 
     </span>
     <span class='ocr_line' id='line_1_21' title="bbox 347 2402 2671 2501; baseline 0.001 -34"><span class='ocrx_word' id='word_1_166' title='bbox 347 2404 539 2468; x_wconf 89' lang='lat' dir='ltr'><em>laicos</em></span> <span class='ocrx_word' id='word_1_167' title='bbox 598 2405 1017 2488; x_wconf 75' lang='lat' dir='ltr'><em>congregavit</em></span> <span class='ocrx_word' id='word_1_168' title='bbox 1072 2402 1757 2501; x_wconf 56' lang='lat' dir='ltr'><em>BQ)</em></span> <span class='ocrx_word' id='word_1_169' title='bbox 1819 2426 1994 2469; x_wconf 87' lang='lat' dir='ltr'><em>anno</em></span> <span class='ocrx_word' id='word_1_170' title='bbox 2064 2405 2252 2469; x_wconf 87' lang='lat'>1438.</span> <span class='ocrx_word' id='word_1_171' title='bbox 2347 2404 2671 2488; x_wconf 85' lang='lat' dir='ltr'><em>Frequen-</em></span> 
     </span>
     <span class='ocr_line' id='line_1_22' title="bbox 346 2501 2670 2586; baseline 0 -21"><span class='ocrx_word' id='word_1_172' title='bbox 346 2501 591 2566; x_wconf 89' lang='lat' dir='ltr'><em>tissimo</em></span> <span class='ocrx_word' id='word_1_173' title='bbox 648 2501 797 2567; x_wconf 88' lang='lat' dir='ltr'><em>huic</em></span> <span class='ocrx_word' id='word_1_174' title='bbox 853 2504 1200 2566; x_wconf 86' lang='lat' dir='ltr'><em>conventui</em></span> <span class='ocrx_word' id='word_1_175' title='bbox 1258 2501 1576 2583; x_wconf 76' lang='lat' dir='ltr'><em>praesedit</em></span> <span class='ocrx_word' id='word_1_176' title='bbox 1635 2524 1746 2566; x_wconf 87' lang='lat' dir='ltr'><em>rex</em></span> <span class='ocrx_word' id='word_1_177' title='bbox 1794 2502 1949 2585; x_wconf 91' lang='lat' dir='ltr'><em>ipse,</em></span> <span class='ocrx_word' id='word_1_178' title='bbox 2007 2502 2387 2567; x_wconf 88' lang='lat' dir='ltr'><em>assederunt</em></span> <span class='ocrx_word' id='word_1_179' title='bbox 2440 2503 2670 2586; x_wconf 89' lang='lat' dir='ltr'><em>primo·</em></span> 
     </span>
     <span class='ocr_line' id='line_1_23' title="bbox 346 2598 2669 2683; baseline -0.001 -20"><span class='ocrx_word' id='word_1_180' title='bbox 346 2599 607 2682; x_wconf 86' lang='lat' dir='ltr'><em>genitus</em></span> <span class='ocrx_word' id='word_1_181' title='bbox 670 2600 808 2683; x_wconf 86' lang='lat' dir='ltr'><em>ejus</em></span> <span class='ocrx_word' id='word_1_182' title='bbox 869 2598 1039 2662; x_wconf 88' lang='lat' dir='ltr'><em>filius</em></span> <span class='ocrx_word' id='word_1_183' title='bbox 1102 2598 1483 2674; x_wconf 72' lang='lat' dir='ltr'><em>LudovicUS,</em></span> <span class='ocrx_word' id='word_1_184' title='bbox 1545 2620 1841 2683; x_wconf 86' lang='lat' dir='ltr'><em>proceres</em></span> <span class='ocrx_word' id='word_1_185' title='bbox 1904 2599 2318 2664; x_wconf 86' lang='lat' dir='ltr'><em>ecclesiastici</em></span> <span class='ocrx_word' id='word_1_186' title='bbox 2380 2603 2445 2663; x_wconf 90' lang='lat' dir='ltr'><em>et</em></span> <span class='ocrx_word' id='word_1_187' title='bbox 2507 2599 2669 2675; x_wconf 88' lang='lat' dir='ltr'><em>laici,</em></span> 
     </span>
     <span class='ocr_line' id='line_1_24' title="bbox 347 2695 2670 2780; baseline -0 -20"><span class='ocrx_word' id='word_1_188' title='bbox 347 2696 585 2780; x_wconf 85' lang='lat' dir='ltr'><em>aliique</em></span> <span class='ocrx_word' id='word_1_189' title='bbox 667 2718 879 2760; x_wconf 89' lang='lat' dir='ltr'><em>rerum</em></span> <span class='ocrx_word' id='word_1_190' title='bbox 960 2696 1532 2760; x_wconf 85' lang='lat' dir='ltr'><em>ecclesiasticarum</em></span> <span class='ocrx_word' id='word_1_191' title='bbox 1608 2718 1682 2759; x_wconf 88' lang='lat' dir='ltr'><em>ac</em></span> <span class='ocrx_word' id='word_1_192' title='bbox 1757 2697 2040 2761; x_wconf 83' lang='lat' dir='ltr'><em>civilium</em></span> <span class='ocrx_word' id='word_1_193' title='bbox 2117 2696 2328 2780; x_wconf 88' lang='lat' dir='ltr'><em>periti.</em></span> <span class='ocrx_word' id='word_1_194' title='bbox 2446 2695 2670 2760; x_wconf 88' lang='lat' dir='ltr'><em>Auditi</em></span> 
     </span>
     <span class='ocr_line' id='line_1_25' title="bbox 345 2791 2671 2877; baseline -0 -21"><span class='ocrx_word' id='word_1_195' title='bbox 345 2798 500 2858; x_wconf 88' lang='lat' dir='ltr'><em>sunt</em></span> <span class='ocrx_word' id='word_1_196' title='bbox 556 2799 696 2858; x_wconf 89' lang='lat' dir='ltr'><em>tum</em></span> <span class='ocrx_word' id='word_1_197' title='bbox 744 2791 1212 2856; x_wconf 88' lang='lat' dir='ltr'><em>Basileensium</em></span> <span class='ocrx_word' id='word_1_198' title='bbox 1264 2799 1403 2856; x_wconf 90' lang='lat' dir='ltr'><em>tum</em></span> <span class='ocrx_word' id='word_1_199' title='bbox 1454 2791 1789 2857; x_wconf 87' lang='lat' dir='ltr'><em>Pontificis</em></span> <span class='ocrx_word' id='word_1_200' title='bbox 1834 2794 2064 2877; x_wconf 81' lang='lat' dir='ltr'><em>legati,</em></span> <span class='ocrx_word' id='word_1_201' title='bbox 2121 2814 2391 2876; x_wconf 88' lang='lat' dir='ltr'><em>quorum</em></span> <span class='ocrx_word' id='word_1_202' title='bbox 2440 2813 2671 2856; x_wconf 87' lang='lat' dir='ltr'><em>causae</em></span> 
     </span>
     <span class='ocr_line' id='line_1_26' title="bbox 346 2887 2669 2972; baseline -0.002 -18"><span class='ocrx_word' id='word_1_203' title='bbox 346 2913 383 2954; x_wconf 90' lang='lat' dir='ltr'><em>a</em></span> <span class='ocrx_word' id='word_1_204' title='bbox 447 2889 708 2955; x_wconf 87' lang='lat' dir='ltr'><em>diversis</em></span> <span class='ocrx_word' id='word_1_205' title='bbox 773 2889 1142 2955; x_wconf 85' lang='lat' dir='ltr'><em>doctoribus</em></span> <span class='ocrx_word' id='word_1_206' title='bbox 1205 2887 1527 2954; x_wconf 87' lang='lat' dir='ltr'><em>discussae</em></span> <span class='ocrx_word' id='word_1_207' title='bbox 1577 2895 1753 2954; x_wconf 85' lang='lat' dir='ltr'><em>sunt.</em></span> <span class='ocrx_word' id='word_1_208' title='bbox 1844 2889 2180 2954; x_wconf 90' lang='lat' dir='ltr'><em>Praesules</em></span> <span class='ocrx_word' id='word_1_209' title='bbox 2245 2889 2483 2972; x_wconf 89' lang='lat' dir='ltr'><em>aliique</em></span> <span class='ocrx_word' id='word_1_210' title='bbox 2549 2887 2669 2951; x_wconf 89' lang='lat' dir='ltr'><em>viri</em></span> 
     </span>
     <span class='ocr_line' id='line_1_27' title="bbox 346 2985 2670 3071; baseline -0.001 -20"><span class='ocrx_word' id='word_1_211' title='bbox 346 2987 784 3063; x_wconf 84' lang='lat' dir='ltr'><em>ecclesiastici,</em></span> <span class='ocrx_word' id='word_1_212' title='bbox 848 2991 921 3050; x_wconf 88' lang='lat' dir='ltr'><em>ut</em></span> <span class='ocrx_word' id='word_1_213' title='bbox 977 2985 1369 3050; x_wconf 75' lang='lat' dir='ltr'><em>sententiam</em></span> <span class='ocrx_word' id='word_1_214' title='bbox 1430 3007 1607 3049; x_wconf 86' lang='lat' dir='ltr'><em>suam</em></span> <span class='ocrx_word' id='word_1_215' title='bbox 1677 2986 1963 3051; x_wconf 86' lang='lat' dir='ltr'><em>dicerent</em></span> <span class='ocrx_word' id='word_1_216' title='bbox 2021 2987 2262 3071; x_wconf 87' lang='lat' dir='ltr'><em>rogati,</em></span> <span class='ocrx_word' id='word_1_217' title='bbox 2328 2985 2670 3068; x_wconf 87' lang='lat' dir='ltr'><em>responde·</em></span> 
     </span>
     <span class='ocr_line' id='line_1_28' title="bbox 345 3082 2670 3166; baseline -0 -20"><span class='ocrx_word' id='word_1_218' title='bbox 345 3089 531 3160; x_wconf 85' lang='lat' dir='ltr'><em>runt,</em></span> <span class='ocrx_word' id='word_1_219' title='bbox 607 3083 861 3148; x_wconf 84' lang='lat' dir='ltr'><em>decreta</em></span> <span class='ocrx_word' id='word_1_220' title='bbox 928 3083 1325 3148; x_wconf 87' lang='lat' dir='ltr'><em>Basileensia</em></span> <span class='ocrx_word' id='word_1_221' title='bbox 1393 3104 1559 3166; x_wconf 88' lang='lat' dir='ltr'><em>quae</em></span> <span class='ocrx_word' id='word_1_222' title='bbox 1627 3083 2049 3166; x_wconf 86' lang='lat' dir='ltr'><em>pertinebant</em></span> <span class='ocrx_word' id='word_1_223' title='bbox 2115 3082 2196 3147; x_wconf 89' lang='lat' dir='ltr'><em>ad</em></span> <span class='ocrx_word' id='word_1_224' title='bbox 2264 3082 2670 3146; x_wconf 88' lang='lat' dir='ltr'><em>reformatio-</em></span> 
     </span>
     <span class='ocr_line' id='line_1_29' title="bbox 344 3178 2669 3264; baseline -0 -21"><span class='ocrx_word' id='word_1_225' title='bbox 344 3202 490 3245; x_wconf 90' lang='lat' dir='ltr'><em>nem</em></span> <span class='ocrx_word' id='word_1_226' title='bbox 540 3179 878 3262; x_wconf 84' lang='lat' dir='ltr'><em>Ecclesiae,</em></span> <span class='ocrx_word' id='word_1_227' title='bbox 928 3180 1303 3264; x_wconf 80' lang='lat' dir='ltr'><em>indigentiis</em></span> <span class='ocrx_word' id='word_1_228' title='bbox 1363 3178 1685 3244; x_wconf 86' lang='lat' dir='ltr'><em>Ecclesiae</em></span> <span class='ocrx_word' id='word_1_229' title='bbox 1738 3180 1808 3243; x_wconf 89' lang='lat' dir='ltr'><em>in</em></span> <span class='ocrx_word' id='word_1_230' title='bbox 1858 3178 2069 3244; x_wconf 83' lang='lat' dir='ltr'><em>Gallia</em></span> <span class='ocrx_word' id='word_1_231' title='bbox 2121 3179 2487 3260; x_wconf 85' lang='lat' dir='ltr'><em>convenire,</em></span> <span class='ocrx_word' id='word_1_232' title='bbox 2542 3179 2669 3243; x_wconf 87' lang='lat' dir='ltr'><em>alia</em></span> 
     </span>
     <span class='ocr_line' id='line_1_30' title="bbox 345 3275 2671 3361; baseline -0.001 -21"><span class='ocrx_word' id='word_1_233' title='bbox 345 3278 604 3361; x_wconf 87' lang='lat' dir='ltr'><em>quidem</em></span> <span class='ocrx_word' id='word_1_234' title='bbox 660 3283 852 3361; x_wconf 85' lang='lat' dir='ltr'><em>prout</em></span> <span class='ocrx_word' id='word_1_235' title='bbox 899 3281 1206 3360; x_wconf 89' lang='lat' dir='ltr'><em>concepta</em></span> <span class='ocrx_word' id='word_1_236' title='bbox 1249 3279 1466 3353; x_wconf 88' lang='lat' dir='ltr'><em>erant,</em></span> <span class='ocrx_word' id='word_1_237' title='bbox 1527 3276 1656 3341; x_wconf 87' lang='lat' dir='ltr'><em>alia</em></span> <span class='ocrx_word' id='word_1_238' title='bbox 1700 3297 1850 3339; x_wconf 87' lang='lat' dir='ltr'><em>vero</em></span> <span class='ocrx_word' id='word_1_239' title='bbox 1909 3298 2049 3340; x_wconf 89' lang='lat' dir='ltr'><em>cum</em></span> <span class='ocrx_word' id='word_1_240' title='bbox 2109 3276 2299 3340; x_wconf 88' lang='lat' dir='ltr'><em>certis</em></span> <span class='ocrx_word' id='word_1_241' title='bbox 2347 3275 2671 3341; x_wconf 90' lang='lat' dir='ltr'><em>modifica-</em></span> 
     </span>
     <span class='ocr_line' id='line_1_31' title="bbox 345 3372 2668 3458; baseline -0.001 -20"><span class='ocrx_word' id='word_1_242' title='bbox 345 3375 651 3439; x_wconf 78' lang='lat' dir='ltr'><em>tionibuS.</em></span> <span class='ocrx_word' id='word_1_243' title='bbox 747 3374 886 3438; x_wconf 85' lang='lat' dir='ltr'><em>Rex</em></span> <span class='ocrx_word' id='word_1_244' title='bbox 946 3378 1287 3458; x_wconf 85' lang='lat' dir='ltr'><em>postquam</em></span> <span class='ocrx_word' id='word_1_245' title='bbox 1343 3372 1464 3437; x_wconf 89' lang='lat' dir='ltr'><em>hac</em></span> <span class='ocrx_word' id='word_1_246' title='bbox 1522 3373 1598 3436; x_wconf 89' lang='lat' dir='ltr'><em>de</em></span> <span class='ocrx_word' id='word_1_247' title='bbox 1654 3394 1723 3436; x_wconf 90' lang='lat' dir='ltr'><em>re</em></span> <span class='ocrx_word' id='word_1_248' title='bbox 1783 3394 1923 3437; x_wconf 87' lang='lat' dir='ltr'><em>cum</em></span> <span class='ocrx_word' id='word_1_249' title='bbox 1981 3373 2228 3437; x_wconf 89' lang='lat' dir='ltr'><em>intimis</em></span> <span class='ocrx_word' id='word_1_250' title='bbox 2287 3373 2419 3438; x_wconf 87' lang='lat' dir='ltr'><em>suis</em></span> <span class='ocrx_word' id='word_1_251' title='bbox 2463 3373 2668 3437; x_wconf 90' lang='lat' dir='ltr'><em>consi-</em></span> 
     </span>
     <span class='ocr_line' id='line_1_32' title="bbox 347 3468 2668 3553; baseline -0 -20"><span class='ocrx_word' id='word_1_252' title='bbox 347 3471 547 3534; x_wconf 86' lang='lat' dir='ltr'><em>liariis</em></span> <span class='ocrx_word' id='word_1_253' title='bbox 592 3469 1083 3547; x_wconf 86' lang='lat' dir='ltr'><em>deliberaverat,</em></span> <span class='ocrx_word' id='word_1_254' title='bbox 1141 3471 1344 3553; x_wconf 86' lang='lat' dir='ltr'><em>legem</em></span> <span class='ocrx_word' id='word_1_255' title='bbox 1395 3468 1709 3548; x_wconf 84' lang='lat' dir='ltr'><em>condidit,</em></span> <span class='ocrx_word' id='word_1_256' title='bbox 1773 3491 1902 3552; x_wconf 88' lang='lat' dir='ltr'><em>qua</em></span> <span class='ocrx_word' id='word_1_257' title='bbox 1960 3469 2218 3533; x_wconf 89' lang='lat' dir='ltr'><em>decreta</em></span> <span class='ocrx_word' id='word_1_258' title='bbox 2274 3468 2668 3533; x_wconf 85' lang='lat' dir='ltr'><em>Basileensia</em></span> 
     </span>
     <span class='ocr_line' id='line_1_33' title="bbox 344 3564 2667 3649; baseline -0 -20"><span class='ocrx_word' id='word_1_259' title='bbox 344 3566 423 3630; x_wconf 90' lang='lat' dir='ltr'><em>de</em></span> <span class='ocrx_word' id='word_1_260' title='bbox 484 3568 941 3632; x_wconf 86' lang='lat' dir='ltr'><em>reformatione</em></span> <span class='ocrx_word' id='word_1_261' title='bbox 997 3589 1141 3630; x_wconf 90' lang='lat' dir='ltr'><em>cum</em></span> <span class='ocrx_word' id='word_1_262' title='bbox 1214 3566 1404 3629; x_wconf 88' lang='lat' dir='ltr'><em>certis</em></span> <span class='ocrx_word' id='word_1_263' title='bbox 1467 3564 2044 3630; x_wconf 86' lang='lat' dir='ltr'><em>modificationibus</em></span> <span class='ocrx_word' id='word_1_264' title='bbox 2117 3566 2477 3649; x_wconf 84' lang='lat' dir='ltr'><em>proposita,</em></span> <span class='ocrx_word' id='word_1_265' title='bbox 2555 3586 2667 3647; x_wconf 91' lang='lat' dir='ltr'><em>pro</em></span> 
     </span>
     <span class='ocr_line' id='line_1_34' title="bbox 345 3661 2667 3746; baseline -0.001 -19"><span class='ocrx_word' id='word_1_266' title='bbox 345 3667 482 3728; x_wconf 90' lang='lat' dir='ltr'><em>toto</em></span> <span class='ocrx_word' id='word_1_267' title='bbox 545 3684 747 3746; x_wconf 87' lang='lat' dir='ltr'><em>regno</em></span> <span class='ocrx_word' id='word_1_268' title='bbox 806 3664 1192 3729; x_wconf 88' lang='lat' dir='ltr'><em>auctoritate</em></span> <span class='ocrx_word' id='word_1_269' title='bbox 1254 3664 1432 3745; x_wconf 86' lang='lat' dir='ltr'><em>regia</em></span> <span class='ocrx_word' id='word_1_270' title='bbox 1487 3662 1964 3727; x_wconf 83' lang='lat' dir='ltr'><em>sanciebantur.</em></span> <span class='ocrx_word' id='word_1_271' title='bbox 2072 3663 2286 3746; x_wconf 88' lang='lat' dir='ltr'><em>Atque</em></span> <span class='ocrx_word' id='word_1_272' title='bbox 2348 3662 2504 3726; x_wconf 86' lang='lat' dir='ltr'><em>haec</em></span> <span class='ocrx_word' id='word_1_273' title='bbox 2563 3661 2667 3725; x_wconf 86' lang='lat' dir='ltr'><em>lex</em></span> 
     </span>
     <span class='ocr_line' id='line_1_35' title="bbox 342 3756 1452 3842; baseline -0.002 -20"><span class='ocrx_word' id='word_1_274' title='bbox 342 3759 515 3824; x_wconf 87' lang='lat' dir='ltr'><em>dicta</em></span> <span class='ocrx_word' id='word_1_275' title='bbox 562 3766 665 3824; x_wconf 90' lang='lat' dir='ltr'><em>est</em></span> <span class='ocrx_word' id='word_1_276' title='bbox 712 3757 979 3824; x_wconf 76' lang='lat' dir='ltr'><em>Sanctio</em></span> <span class='ocrx_word' id='word_1_277' title='bbox 1016 3756 1452 3842; x_wconf 73' lang='lat' dir='ltr'><em>praqmatica.</em></span> 
     </span>
    </p>
   </div>
   <div class='ocr_carea' id='block_1_4' title="bbox 342 3848 2667 4054">
    <p class='ocr_par' dir='ltr' id='par_1_4' title="bbox 342 3848 2667 4054">
     <span class='ocr_line' id='line_1_36' title="bbox 524 3848 2665 3956; baseline -0 -20"><span class='ocrx_word' id='word_1_278' title='bbox 524 3875 628 3939; x_wconf 87' lang='lat'><em>29.</em></span> <span class='ocrx_word' id='word_1_279' title='bbox 707 3848 1067 3938; x_wconf 83' lang='lat' dir='ltr'><em>Constabat</em></span> <span class='ocrx_word' id='word_1_280' title='bbox 1126 3873 1282 3937; x_wconf 91' lang='lat' dir='ltr'><em>haec</em></span> <span class='ocrx_word' id='word_1_281' title='bbox 1343 3871 1605 3937; x_wconf 84' lang='lat' dir='ltr'><em>Sanctio</em></span> <span class='ocrx_word' id='word_1_282' title='bbox 1670 3872 1908 3956; x_wconf 85' lang='lat' dir='ltr'><em>viginti</em></span> <span class='ocrx_word' id='word_1_283' title='bbox 1965 3874 2171 3937; x_wconf 89' lang='lat' dir='ltr'><em>tribus</em></span> <span class='ocrx_word' id='word_1_284' title='bbox 2223 3871 2532 3949; x_wconf 84' lang='lat' dir='ltr'><em>articulis,</em></span> <span class='ocrx_word' id='word_1_285' title='bbox 2596 3870 2665 3935; x_wconf 90' lang='lat' dir='ltr'><em>in</em></span> 
     </span>
     <span class='ocr_line' id='line_1_37' title="bbox 342 3969 2667 4054; baseline -0.001 -21"><span class='ocrx_word' id='word_1_286' title='bbox 342 3971 576 4054; x_wconf 88' lang='lat' dir='ltr'><em>quibus</em></span> <span class='ocrx_word' id='word_1_287' title='bbox 632 3976 889 4054; x_wconf 87' lang='lat' dir='ltr'><em>praeter</em></span> <span class='ocrx_word' id='word_1_288' title='bbox 950 3971 1073 4036; x_wconf 86' lang='lat' dir='ltr'><em>alia</em></span> <span class='ocrx_word' id='word_1_289' title='bbox 1130 3971 1569 4046; x_wconf 84' lang='lat' dir='ltr'><em>statuebatur,</em></span> <span class='ocrx_word' id='word_1_290' title='bbox 1638 3969 1997 4035; x_wconf 89' lang='lat' dir='ltr'><em>Concilium</em></span> <span class='ocrx_word' id='word_1_291' title='bbox 2056 3969 2358 4053; x_wconf 87' lang='lat' dir='ltr'><em>generale</em></span> <span class='ocrx_word' id='word_1_292' title='bbox 2414 3988 2667 4052; x_wconf 90' lang='lat' dir='ltr'><em>quoque</em></span> 
     </span>
    </p>
   </div>
   <div class='ocr_carea' id='block_1_5' title="bbox 349 4094 712 4104">
    <p class='ocr_par' dir='ltr' id='par_1_5' title="bbox 349 4094 712 4104">
     <span class='ocr_line' id='line_1_38' title="bbox 349 4094 712 4104; baseline 0 0"><span class='ocrx_word' id='word_1_293' title='bbox 349 4094 712 4104; x_wconf 95' lang='lat' dir='ltr'><em> </em></span> 
     </span>
    </p>
   </div>
   <div class='ocr_carea' id='block_1_6' title="bbox 521 4143 1550 4214">
    <p class='ocr_par' dir='ltr' id='par_1_6' title="bbox 521 4143 1550 4214">
     <span class='ocr_line' id='line_1_39' title="bbox 521 4143 1550 4214; baseline -0.001 -15"><span class='ocrx_word' id='word_1_294' title='bbox 521 4143 564 4212; x_wconf 85' lang='lat'><em>²)</em></span> <span class='ocrx_word' id='word_1_295' title='bbox 604 4144 670 4197; x_wconf 89' lang='lat' dir='ltr'><em>V.</em></span> <span class='ocrx_word' id='word_1_296' title='bbox 712 4143 981 4210; x_wconf 86' lang='lat' dir='ltr'><em>Raynald.</em></span> <span class='ocrx_word' id='word_1_297' title='bbox 1020 4144 1089 4197; x_wconf 87' lang='lat' dir='ltr'><em>ad</em></span> <span class='ocrx_word' id='word_1_298' title='bbox 1128 4159 1176 4196; x_wconf 89' lang='lat' dir='ltr'><em>a.</em></span> <span class='ocrx_word' id='word_1_299' title='bbox 1219 4146 1371 4214; x_wconf 80' lang='grc'><strong>1447.</strong></span> <span class='ocrx_word' id='word_1_300' title='bbox 1411 4159 1461 4196; x_wconf 92' lang='lat' dir='ltr'><em>n.</em></span> <span class='ocrx_word' id='word_1_301' title='bbox 1504 4146 1550 4198; x_wconf 88' lang='lat'><em>7.</em></span> 
     </span>
    </p>
   </div>
   <div class='ocr_carea' id='block_1_7' title="bbox 2729 2020 2964 2187">
    <p class='ocr_par' dir='ltr' id='par_1_7' title="bbox 2729 2020 2964 2187">
     <span class='ocr_line' id='line_1_40' title="bbox 2762 2020 2935 2063; baseline -0.012 0"><span class='ocrx_word' id='word_1_302' title='bbox 2762 2020 2935 2063; x_wconf 77' lang='lat' dir='ltr'><em>Sanctio</em></span> 
     </span>
     <span class='ocr_line' id='line_1_41' title="bbox 2741 2088 2950 2135; baseline 0.005 -12"><span class='ocrx_word' id='word_1_303' title='bbox 2741 2088 2950 2135; x_wconf 83' lang='lat' dir='ltr'><em>pragmat.</em></span> 
     </span>
     <span class='ocr_line' id='line_1_42' title="bbox 2729 2144 2964 2187; baseline 0.004 -1"><span class='ocrx_word' id='word_1_304' title='bbox 2729 2144 2964 2187; x_wconf 86' lang='lat' dir='ltr'><em>Gallorum.</em></span> 
     </span>
    </p>
   </div>
  </div>
 </body>
</html>
