3281 5014
371 2378 623 2423 Cardinales

421 2443 562 2486 liberi.

447 2509 561 2534 θ

662 446 771 497 244
1154 443 1415 496 XXXIII.
1453 443 1537 497 De
1573 456 1775 511 magno
1812 441 2127 497 Occidentis
2165 444 2476 498 schismate.

663 582 1041 649 solationem
1071 582 1304 665 populi
1348 583 1424 648 de
1468 582 1584 647 hoc
1630 582 2009 662 clarificare,
2056 587 2117 647 et
2161 583 2493 665 aliquibus
2536 584 2783 649 vicibus
2826 584 2966 649 sub·

648 682 1048 765 junxerunt,
1110 680 1279 761 quod
1333 679 1527 745 aliter
1581 678 1972 744 dubitabant
2022 679 2100 744 de
2153 679 2464 745 maximis
2517 686 2578 746 et
2634 680 2966 763 irrepara-

665 775 902 842 bilibus
936 774 1254 858 periculis
1297 781 1360 841 et
1402 775 1749 856 scandalis,
1805 796 2007 858 quum
2065 776 2360 842 viderent
2417 782 2479 842 et
2523 783 2968 861 coynoscerent

663 873 859 939 corda
902 871 1143 938 civium
1188 872 1470 939 nimium
1515 873 1867 939 sublevata.
1957 874 2460 959 Conqueruntur
2506 877 2773 941 ulterius
2821 876 2970 940 Car-

662 972 929 1047 dinaleS,
996 971 1183 1053 plura
1246 971 1451 1035 millia
1516 977 1907 1035 armatorum
1972 969 2456 1054 rusti‹=orum2)›¹
2483 973 2553 1037 in
2613 970 2791 1037 Urbe
2858 973 2970 1036 ad·

662 1069 881 1144 fuisse,
935 1073 1001 1132 et
1053 1089 1167 1131 suo
1222 1066 1453 1151 agendi
1508 1067 1695 1132 modo
1745 1066 1936 1131 Urbis
1983 1066 2305 1132 Officiales
2366 1074 2433 1133 et
2488 1070 2792 1153 populum
2837 1092 2970 1134 me-

663 1173 801 1230 tum
861 1163 1309 1230 Cardinalibus
1369 1164 1689 1247 injecisse.
1781 1163 2172 1229 Bertrandus
2234 1164 2551 1248 Lagerius
2610 1165 2969 1231 Cardinalis

663 1261 1131 1327 Glandacensis
1208 1259 1597 1344 (Glandeve)
1681 1267 1897 1326 autem
1974 1269 2128 1325 ante
2211 1263 2569 1347 ingressum
2649 1264 2721 1328 in
2799 1264 2972 1328 Con-

664 1360 861 1437 clave‚
909 1358 1011 1423 die
1058 1355 1130 1423 6⁰
1173 1358 1415 1442 Aprilis
1461 1379 1673 1423 coram
1722 1357 1972 1422 notario
2020 1363 2085 1420 et
2130 1359 2404 1423 testibus
2434 1362 2973 1444 protestationem

664 1456 852 1531 fecit,
929 1475 1033 1531 se,
1113 1476 1310 1540 quum
1386 1455 1671 1537 pericula
1747 1455 2116 1537 praeparari
2192 1456 2443 1533 videat,
2521 1456 2972 1522 Cardinalibus

665 1553 1005 1632 declarare,
1061 1574 1192 1617 non
1242 1553 1436 1616 alium
1483 1553 1547 1615 in
1598 1550 1981 1615 Pontificem
2041 1552 2278 1636 eligere
2335 1554 2520 1629 velle,
2585 1556 2708 1619 nisi
2765 1556 2970 1619 ultra·

665 1654 1069 1733 montanum,
1135 1650 1187 1715 si
1250 1671 1400 1714 vero
1460 1649 1657 1713 alium
1717 1648 2004 1732 eligeret,
2065 1648 2131 1713 id
2177 1650 2315 1714 fieri
2373 1658 2549 1716 metu
2615 1652 2840 1715 mortis
2908 1657 2977 1716 et

664 1748 920 1811 irritum
1004 1768 1140 1812 esse
1225 1746 1538 1831 ejusmodi
1620 1767 1806 1810 suum
1893 1744 2380 1831 suffragium&
2428 1783 2517 1793 —
2590 1748 2792 1824 Quum
2868 1748 2974 1812 die

668 1842 740 1906 7⁰
812 1843 1059 1928 Aprilis
1133 1842 1508 1908 Cardinales
1594 1842 2094 1926 ingrederentur
2178 1840 2494 1908 Conclave
2579 1846 2646 1909 in
2732 1845 2973 1929 palatio

666 1940 1014 2016 Vatican0‚
1083 1960 1320 2023 magna
1386 1939 1597 2003 adfuit
1665 1938 2014 2003 multitudo
2081 1938 2414 2004 hominum
2482 1947 2872 2006 armatorum
2888 1938 2985 2024 ;›‘⁸)‘

665 2038 1046 2103 clamoribus
1104 2035 1460 2119 expetitum
1517 2057 1655 2100 esse
1714 2034 2091 2100 Pontificem
2141 2035 2502 2102 Romanum
2558 2038 2687 2121 (vel
2744 2036 2973 2120 salz-egi

665 2132 943 2232 Iffluff)
1008 2133 1401 2199 conveniunt
1468 2154 1726 2215 omnes,
1804 2133 2011 2204 minas
2076 2117 2327 2199 additas
2396 2156 2531 2199 esse
2602 2134 2972 2200 Cardinales

667 2237 1050 2315 queruntur.

851 2382 947 2444 10.
995 2378 1121 2444 Sed
1168 2400 1245 2442 ex
1292 2379 1580 2463 ipsorum
1626 2378 2065 2443 cardinalium
2123 2379 2557 2444 declaratione
2616 2385 2976 2463 perempto-

667 2481 836 2544 rium
893 2477 1221 2560 colligitur
1277 2479 1753 2559 argumentum,
1819 2497 2096 2560 eousque
2153 2474 2525 2542 Cardinales
2582 2498 2657 2542 ex
2722 2476 2972 2541 influxu

668 2577 916 2641 timoris
992 2595 1394 2657 nequaquam
1473 2572 1740 2637 consilia
1823 2595 1940 2637 sua
2014 2575 2269 2656 cepisse.
2393 2572 2697 2639 Scribunt
2774 2576 2975 2638 enim:

670 2669 1031 2737 Duodecim
1092 2667 1524 2752 (Cardinales)
1593 2673 1785 2732 erant
1843 2668 2351 2749 ultramontani,
2413 2669 2727 2752 facientes
2794 2668 2975 2734 ultra

670 2768 835 2834 duas
894 2770 1122 2848 partes
1188 2764 1436 2848 colleyii
1501 2769 1651 2847 post
1726 2765 2144 2845 vacationem,
2220 2770 2567 2847 antequam
2642 2767 2978 2831 intrarent

671 2863 980 2942 conclave,
1028 2867 1090 2927 et
1132 2861 1205 2927 in
1248 2861 1531 2927 introitu
1577 2865 1637 2926 et
1672 2867 1824 2944 post
1870 2883 2073 2943 usque
2117 2863 2203 2926 ad
2233 2866 2483 2946 tempus
2526 2862 2977 2945 impressionis

850 3062 891 3131 ¹)
928 3064 1002 3117 Hi
1039 3070 1240 3128 tamen,
1279 3071 1426 3119 teste
1464 3065 1675 3118 Thoma
1713 3067 1778 3120 de
1817 3069 2046 3131 Acern0‚
2084 3065 2354 3120 neminem
2391 3065 2752 3120 offenderunt.

849 3143 892 3209 ²)
932 3145 1085 3198 Haec
1119 3144 1450 3211 protestatio
1489 3145 1793 3199 Cardinalis
1830 3145 2225 3200 Glandacensis
2262 3161 2371 3199 non
2408 3151 2609 3210 exstat,
2660 3145 2757 3199 sed
2795 3144 2975 3199 decla·

669 3222 813 3278 ratio
859 3222 1113 3277 solemnis
1158 3223 1331 3291 ipsius
1379 3239 1442 3276 ac
1491 3224 1720 3277 testium
1767 3224 1857 3290 qui
1908 3222 2225 3289 adfuerunt,
2274 3224 2340 3278 de
2380 3223 2787 3292 protestatione
2832 3223 2977 3291 ejus-

670 3301 816 3356 modi
853 3302 1016 3365 facta,
1067 3301 1124 3355 in
1161 3318 1267 3369 qua
1304 3302 1522 3365 dicitur,
1572 3303 1788 3357 notario
1833 3302 2175 3356 commissum
2226 3302 2394 3356 fuisse
2445 3309 2507 3355 ut
2555 3303 2974 3356 instrumentum

671 3381 977 3447 conficeret,
1024 3382 1116 3435 sed
1164 3380 1284 3448 ipso
1322 3398 1444 3435 mox
1481 3388 1693 3435 mortuo
1729 3382 2151 3437 instrumentum
2198 3381 2262 3435 de
2300 3381 2604 3450 protocollis
2648 3381 2819 3449 ipsius
2864 3396 2973 3434 non

664 3461 781 3529 jam
840 3475 1001 3528 posse
1059 3460 1261 3514 haberi.
1334 3460 1653 3514 Declaratio
1701 3460 2007 3515 Cardinalis
2063 3461 2213 3514 facta
2262 3468 2349 3516 est
2407 3467 2695 3528 postquam
2756 3461 2823 3514 ab
2875 3460 2975 3514 Ur-

670 3540 810 3592 bano
846 3538 946 3592 VI.
990 3539 1264 3593 defecerat
1312 3546 1370 3593 et
1407 3538 1656 3593 Clemens
1692 3539 1819 3593 VII.
1867 3546 1987 3594 erat
2032 3540 2265 3606 electuS,
2313 3540 2398 3593 die
2451 3543 2541 3593 10⁰
2575 3539 2891 3594 Decembris
2927 3555 2974 3591 a.

673 3620 825 3671 1378.
900 3616 1130 3670 Factum
1166 3617 1469 3671 admittunt
1505 3623 1568 3671 ut
1605 3634 1796 3673 verum
1835 3634 2036 3688 graves
2074 3624 2340 3681 auctores,
2378 3618 2460 3672 uti
2498 3618 2693 3673 Hefele
2730 3629 2788 3672 et
2825 3618 2976 3671 Chri-

671 3696 882 3763 stophe.
973 3695 1280 3749 Cardinalis
1342 3696 1737 3752 Glandacensis
1799 3704 1984 3752 tamen
2047 3699 2114 3751 ab
2175 3698 2394 3752 Urbano
2441 3698 2535 3751 VI.
2599 3697 2974 3765 episcopatum

673 3775 983 3830 Ostiensem
1031 3775 1270 3842 accepit,
1327 3776 1481 3842 eique
1533 3793 1652 3830 cum
1696 3776 1924 3844 reliquis
1972 3775 2350 3829 Cardinalibus
2397 3777 2668 3831 adhaesit.
2740 3776 2897 3830 Unde
2946 3792 2979 3830 a

672 3854 1074 3922 protestatione
1112 3855 1227 3919 illa,
1275 3854 1320 3907 si
1357 3854 1508 3908 facta
1545 3860 1647 3919 est,
1693 3856 1988 3910 recessisse
2025 3855 2330 3909 videbatur.
2369 3887 2438 3893 -—
2474 3856 2614 3911 Vide
2661 3855 2981 3910 declaratio·

671 3950 794 3989 nem
832 3950 916 4000 ap.
955 3934 1287 4000 Christophe
1323 3935 1359 3988 1.
1398 3952 1443 3989 c.
1481 3935 1542 3989 T.
1583 3934 1683 3988 ΙΙΙ.
1724 3952 1773 4002 p.
1810 3937 1930 3988 452.

852 4012 894 4079 ⁸)
934 4012 1264 4067 Solemniter
1302 4029 1432 4068 sane
1468 4014 1525 4065 in
1561 4019 1720 4067 tanto
1758 4019 1959 4068 eventu
1992 4013 2225 4069 Romani
2259 4030 2557 4082 permagno
2599 4029 2821 4068 numero
2849 4013 2977 4067 Car-

675 4091 886 4145 dinales
925 4092 994 4145 ad
1032 4092 1293 4159 palatium
1330 4092 1659 4146 Vaticanum
1708 4091 1955 4146 comitati
2003 4098 2158 4160 sunt3
2213 4109 2360 4147 arma
2408 4108 2537 4147 vero
2588 4098 2808 4159 portare
2855 4109 2980 4147 con-

676 4176 890 4224 suetum
927 4177 1046 4225 erat
1084 4170 1259 4225 medio
1299 4186 1452 4226 aevo.
