3281 5014
651 384 722 435 54
1227 380 1398 434 XXX.
1434 380 1519 434 De
1553 379 1890 436 Pontificatu
1929 380 2194 442 Bonifatii
2222 381 2375 436 VIII.

654 520 1065 604 temporalem
1120 519 1419 603 yladium
1477 539 1609 584 esse
1665 524 1887 603 rzeyat,
1953 522 2119 586 male
2176 520 2441 586 verbum
2496 522 2773 599 attendit
2821 522 2960 588 Do-

652 616 822 682 mini
853 617 1288 699 proferentis:
1335 615 1645 682 Converte
1683 616 1980 699 yladium
2012 622 2198 684 tuum
2243 617 2318 690 i‘n
2363 617 2710 700 vayinam„
2778 619 2960 684 Uter-

654 734 775 796 que
837 734 987 796 erqo
1040 713 1306 796 ‚cladius
1368 713 1442 778 in
1495 717 1814 797 potestate
1867 713 2217 793 Ecclesiae,
2291 713 2662 796 spiritualis
2721 716 2962 781 scilicet

648 810 914 894 yladius
943 815 1020 889 ‚et
1064 809 1430 875 materialis
1435 829 1462 890 ,·
1521 811 1630 875 secl
1681 809 1741 875 is
1796 810 2053 892 quidem
2100 831 2225 894 pro
2270 811 2592 892 Ecclesia,
2650 811 2759 877 ille
2812 833 2967 877 vero

655 906 735 977 ab
781 907 1077 973 Ecclesia
1137 907 1560 986 mercandus-,-
1621 906 1732 971 ille
1790 907 2169 986 sacerdotia,
2237 907 2297 973 is
2356 928 2563 974 marta
2622 930 2845 993 reyum
2900 912 2965 974 et

656 1003 942 1069 militum
954 1053 972 1084 ,
1028 1003 1137 1067 sed
1190 1004 1277 1068 acl
1320 1008 1555 1070 natum
1612 1008 1674 1068 et
1720 1003 2113 1086 patientiam
2163 1004 2545 1070 Sacerdotis.
2590 1044 2680 1052 —-
2722 1007 2962 1072 Adver-

656 1101 922 1166 tendum
969 1106 1093 1180 est,
1151 1099 1526 1166 Pontificem
1576 1123 1693 1185 pro
1736 1124 1912 1166 more
1955 1101 2130 1167 illius
2174 1103 2477 1186 temporis
2522 1105 2963 1186 argumentari

656 1222 734 1264 ex
780 1219 998 1264 sacrae
1049 1195 1418 1281 Scripturae
1465 1202 1653 1262 textu
1699 1198 2039 1283 allegorice
2091 1201 2408 1282 exposito,
2463 1220 2582 1263 nec
2624 1200 2703 1264 de
2748 1200 2964 1264 valore

655 1296 851 1380 hujus
914 1294 1314 1378 probationis
1378 1294 1565 1359 modo
1628 1294 1900 1378 inquiri,
1966 1294 2075 1360 sed
2136 1295 2214 1360 de
2268 1318 2459 1361 sensu
2522 1318 2739 1360 eorum
2795 1319 2966 1382 quae

657 1396 1052 1456 asseruntur.
1155 1447 1159 1449 Α
1510 1414 1513 1417 ·

836 1505 938 1568 58.
986 1503 1310 1588 Negative
1356 1509 1585 1568 autem
1620 1503 1934 1587 imprimis
1980 1503 2043 1583 a)
2087 1504 2323 1588 liquet,
2370 1528 2408 1570 a
2453 1506 2783 1571 Bonifatio
2830 1529 2964 1571 nou

658 1599 1001 1683 confundi,
1059 1601 1168 1664 sed
1216 1601 1501 1684 apprime
1547 1600 1857 1684 distingui
1915 1601 2361 1666 auctoritatem
2408 1603 2834 1686 spiritualem,
2896 1610 2967 1667 et

659 1697 1107 1764 auctoritatem
1169 1719 1282 1761 seu
1328 1697 1844 1781 jurisdictionem
1899 1699 2333 1780 temporalem.
2440 1699 2536 1765 Ac
2592 1700 2968 1764 nullatenus

652 1798 876 1878 negat,
923 1793 1035 1857 sed
1078 1793 1382 1871 affirmat,
1428 1794 1597 1858 hanc
1642 1798 2027 1877 potestatem
2075 1816 2188 1858 seu
2221 1795 2506 1878 gladium
2550 1796 2966 1880 temporalem

661 1891 1005 1957 convenire
1049 1890 1310 1974 regibus
1353 1899 1420 1954 et
1450 1891 1865 1974 principibus,
1911 1912 2254 1974 eorumque
2301 1915 2496 1956 manu
2544 1891 2966 1957 exercendum

661 1985 880 2070 esse.¹)
971 1984 1215 2069 Neque
1259 1986 1328 2067 b)
1382 1988 1453 2050 in
1493 1985 1975 2053 Constitutione
2034 1985 2241 2052 Unam
2286 1993 2581 2052 sanctam
2638 1984 2968 2064 asseritur,

660 2106 699 2147 a
765 2081 1076 2147 Pontifice
1142 2082 1538 2165 principibus
1603 2084 1904 2148 collatam
1974 2085 2179 2166 primo
2244 2085 2343 2149 vel
2408 2084 2769 2167 delegatam
2829 2107 2971 2150 esse

660 2201 881 2244 eorum
941 2182 1326 2261 potestatem
1386 2183 1451 2243 et
1497 2179 2010 2264 jurisdictionem
2047 2184 2511 2264 >temporalem3
2574 2183 2702 2247 imo
2762 2183 2965 2266 signi-

659 2278 887 2340 ficatur
926 2275 1161 2358 potius,
1215 2275 1410 2340 etiam
1454 2276 1848 2359 principibus
1890 2282 2280 2360 potestatem
2327 2299 2510 2343 suam
2555 2279 2971 2366 temporalem

661 2395 699 2436 a
745 2372 883 2437 Deo
942 2371 1241 2436 collatam
1292 2393 1460 2450 esse,
1518 2373 1811 2457 quamvis
1850 2395 1990 2437 cum
2048 2374 2578 2439 subordinatione
2624 2375 2705 2438 ad
2750 2381 2970 2439 aucto·

660 2471 914 2534 ritatem
964 2467 1309 2533 Ecclesiae.
1399 2468 1717 2534 Provocat
1771 2470 1942 2535 enim
1991 2470 2297 2538 Pontifex
2352 2473 2430 2537 ad
2486 2475 2740 2537 textum
2788 2471 2974 2555 Apo-

660 2566 832 2643 stoli,
880 2565 1195 2630 scribens:
1245 2563 1420 2640 Nam
1466 2584 1664 2646 quum
1711 2565 1885 2631 dicat
1929 2567 2307 2650 Apostolus:
2359 2567 2512 2632 Non
2559 2572 2651 2631 est
2688 2570 2978 2649 potestas

661 2660 795 2727 nisi
855 2681 898 2725 a
959 2659 1123 2738 Dec,
1184 2662 1292 2741 (ab
1346 2663 1486 2743 ipso
1542 2663 1745 2746 igitur
1798 2669 2088 2746 potestas
2141 2666 2513 2747 temporalis
2569 2663 2976 2748 principum),

666 2777 831 2842 quae
892 2760 1106 2821 autem
1155 2776 1198 2821 a
1256 2755 1398 2822 Deo
1451 2761 1609 2823 sant
1663 2758 1996 2839 ordinata,
2057 2781 2190 2825 non
2246 2765 2463 2826 autem
2521 2760 2828 2825 ordinata
2850 2807 2855 2812 -
2880 2779 2976 2823 es·

665 2858 835 2934 sent,
896 2851 1030 2917 nisi
1079 2851 1346 2934 yladius
1399 2860 1558 2919 esset
1616 2854 1734 2921 sab
1780 2855 2017 2938 yladio.
2076 2895 2160 2903 —-
2220 2858 2354 2922 Illis
2406 2859 2617 2923 verbis
2663 2857 2974 2923 Bonifatii

666 2954 866 3039 igitur
923 2947 980 3034 c)
1035 2949 1100 3014 id
1159 2973 1314 3015 sane
1373 2954 1777 3029 continetur,
1845 2954 2016 3036 quod
2081 2955 2265 3018 multi
2337 2960 2632 3019 auctores
2697 2954 2978 3017 maxime

668 3051 932 3133 urgent,
1001 3046 1283 3131 gladium
1338 3051 1754 3132 temporalem
1810 3048 2128 3114 inservire
2184 3051 2412 3115 debere
2470 3050 2820 3131 Ecclesiae,
2881 3051 2979 3114 ita

668 3152 742 3212 ut
787 3145 926 3229 ipsa
971 3144 1051 3208 de
1097 3165 1172 3208 eo
1216 3142 1553 3226 disponere
1595 3148 1796 3230 possit
1842 3169 1955 3230 pro
1998 3169 2114 3212 sua
2159 3148 2575 3231 protectione.

401 3281 584 3323 Gladius
845 3261 950 3325 59.
997 3258 1251 3323 Dicitur
1287 3264 1511 3323 tamen
1568 3262 1636 3324 in
1680 3261 2143 3326 constitutione
2200 3262 2425 3337 etiam,
2480 3263 2765 3346 gladium
2812 3264 2974 3353 tem-

302 3343 649 3459 qnfflwfflfe.
669 3358 951 3444 poralem
995 3355 1366 3459 3⁸³fssifffqil¹j
1415 3355 1738 3421 Ecclesiae
1793 3364 1859 3421 et
1902 3377 2033 3420 esse
2084 3357 2159 3421 in
2203 3353 2520 3439 potestate
2581 3360 2719 3442 ejus
2766 3378 2981 3440 neque

429 3480 537 3509 Clam
542 3500 552 3510 .

853 3547 896 3615 ¹)
932 3547 1068 3616 Eam
1106 3544 1514 3601 distinctionem
1562 3553 1618 3601 et
1660 3547 1939 3616 utriusque
1986 3548 2334 3603 auctoritatis
2382 3547 2589 3604 limites
2635 3554 2693 3604 et
2739 3547 2979 3610 indolem

668 3629 839 3698 etiam
875 3631 1040 3680 antea
1068 3623 1379 3681 Bonifatius
1414 3625 1619 3682 diserte
1656 3627 1936 3694 professus
1974 3634 2058 3681 est
2096 3628 2152 3681 in
2189 3628 2520 3683 allocutione
2555 3628 2764 3682 dicens:
2803 3627 2977 3694 „Qua-

670 3705 932 3777 draginta
979 3703 1111 3759 anni
1148 3710 1302 3769 sunt,
1352 3708 1499 3775 quod
1532 3722 1631 3761 nos
1682 3722 1884 3761 sumus·
1906 3706 2119 3775 experti
2156 3706 2215 3760 in
2264 3707 2411 3775 iure3
2463 3712 2521 3761 et
2557 3706 2785 3770 scimus,
2836 3706 2982 3774 quod

669 3788 808 3842 duae
859 3791 988 3840 sunt
1035 3787 1346 3850 potestates
1397 3786 1684 3840 ordinatae
1731 3802 1765 3838 a
1809 3786 1940 3841 Deo.
2040 3785 2172 3853 Quis
2223 3801 2358 3855 ergo
2409 3786 2573 3840 debet
2621 3786 2839 3840 credere
2887 3784 2982 3839 vel

667 3871 871 3935 potest,
909 3867 1052 3934 quod
1089 3857 1248 3923 tanta
1281 3864 1538 3929 fatuitaS,
1578 3871 1740 3919 tanta
1774 3865 2095 3932 insipientia
2132 3865 2209 3919 sit
2245 3864 2335 3919 vel
2370 3864 2540 3918 fuerit
2572 3864 2632 3918 in
2670 3864 2847 3931 capite
2883 3878 2982 3922 no·

669 3945 819 4001 stro?
878 3944 1142 4011 Dicimus,
1181 3947 1322 4015 quod
1350 3946 1408 4004 in
1445 3945 1596 3999 nullo
1620 3944 1873 4003 volumus
1901 3959 2165 4011 usurpare
2194 3943 2636 4011 jurisdictionem
2674 3942 2827 4011 regis
2852 3984 2864 3995 .
2893 3982 2905 3994 .
2934 3961 2986 4008 .;

669 4041 778 4080 non
812 4021 1002 4091 potest
1035 4042 1243 4096 negare
1290 4042 1386 4081 rex
1425 4017 1879 4090 seuquicumque
1917 4022 2059 4076 alius
2107 4022 2313 4089 fidelia,
2363 4022 2505 4091 quod
2544 4022 2619 4076 sit
2661 4019 2817 4076 nobis
2855 4022 2986 4075 sub·

662 4107 846 4174 Jectus
882 4105 1096 4160 ratione
1132 4099 1393 4173 peccati.“
