<?xml version="1.0" encoding="UTF-8"?>
<!DOCTYPE html PUBLIC "-//W3C//DTD XHTML 1.0 Transitional//EN"
    "http://www.w3.org/TR/xhtml1/DTD/xhtml1-transitional.dtd">
<html xmlns="http://www.w3.org/1999/xhtml" xml:lang="en" lang="en">
 <head>
  <title>
</title>
<meta http-equiv="Content-Type" content="text/html;charset=utf-8" />
  <meta name='ocr-system' content='tesseract 3.04.00' />
  <meta name='ocr-capabilities' content='ocr_page ocr_carea ocr_par ocr_line ocrx_word'/>
</head>
<body>
  <div class='ocr_page' id='page_1' title='image "./dissertationess05junggoog_0197.png"; bbox 0 0 3281 5014; ppageno 0'>
   <div class='ocr_carea' id='block_1_1' title="bbox 1044 479 2608 548">
    <p class='ocr_par' dir='ltr' id='par_1_1' title="bbox 1044 479 2608 548">
     <span class='ocr_line' id='line_1_1' title="bbox 1044 479 2608 548; baseline -0.001 -16"><span class='ocrx_word' id='word_1_1' title='bbox 1044 480 1128 535; x_wconf 91' lang='lat' dir='ltr'>De</span> <span class='ocrx_word' id='word_1_2' title='bbox 1164 480 1316 534; x_wconf 87' lang='lat' dir='ltr'>lucta</span> <span class='ocrx_word' id='word_1_3' title='bbox 1350 480 1611 535; x_wconf 87' lang='lat' dir='ltr'>Ludovici</span> <span class='ocrx_word' id='word_1_4' title='bbox 1648 480 1867 546; x_wconf 86' lang='lat' dir='ltr'>Bavari.</span> <span class='ocrx_word' id='word_1_5' title='bbox 1948 543 1952 548; x_wconf 43' lang='grc'>,</span> <span class='ocrx_word' id='word_1_6' title='bbox 2511 479 2608 532; x_wconf 90' lang='grc'>191</span> 
     </span>
    </p>
   </div>
   <div class='ocr_carea' id='block_1_2' title="bbox 294 618 2614 2057">
    <p class='ocr_par' dir='ltr' id='par_1_2' title="bbox 294 618 2614 2057">
     <span class='ocr_line' id='line_1_2' title="bbox 295 618 2610 706; baseline -0.001 -19"><span class='ocrx_word' id='word_1_7' title='bbox 295 624 667 687; x_wconf 88' lang='lat' dir='ltr'>examinata</span> <span class='ocrx_word' id='word_1_8' title='bbox 724 621 1155 701; x_wconf 86' lang='lat' dir='ltr'>confirmasse,</span> <span class='ocrx_word' id='word_1_9' title='bbox 1232 644 1345 705; x_wconf 87' lang='lat' dir='ltr'>per</span> <span class='ocrx_word' id='word_1_10' title='bbox 1402 644 1468 686; x_wconf 93' lang='lat' dir='ltr'>se</span> <span class='ocrx_word' id='word_1_11' title='bbox 1524 627 1736 706; x_wconf 88' lang='lat' dir='ltr'>patet,</span> <span class='ocrx_word' id='word_1_12' title='bbox 1793 622 2114 688; x_wconf 83' lang='lat' dir='ltr'>Joannem</span> <span class='ocrx_word' id='word_1_13' title='bbox 2177 618 2383 684; x_wconf 89' lang='lat' dir='ltr'>XXII.</span> <span class='ocrx_word' id='word_1_14' title='bbox 2444 622 2610 685; x_wconf 88' lang='lat' dir='ltr'>anti·</span> 
     </span>
     <span class='ocr_line' id='line_1_3' title="bbox 295 716 2608 803; baseline -0 -21"><span class='ocrx_word' id='word_1_15' title='bbox 295 742 465 803; x_wconf 89' lang='lat' dir='ltr'>quae</span> <span class='ocrx_word' id='word_1_16' title='bbox 526 719 842 783; x_wconf 72' lang='lat' dir='ltr'>institisse</span> <span class='ocrx_word' id='word_1_17' title='bbox 905 718 1277 796; x_wconf 71' lang='lat' dir='ltr'>traditioni,</span> <span class='ocrx_word' id='word_1_18' title='bbox 1353 718 1503 784; x_wconf 91' lang='lat' dir='ltr'>dum</span> <span class='ocrx_word' id='word_1_19' title='bbox 1565 719 1958 784; x_wconf 87' lang='lat' dir='ltr'>Ludovicum</span> <span class='ocrx_word' id='word_1_20' title='bbox 2030 721 2290 782; x_wconf 87' lang='lat' dir='ltr'>tantum</span> <span class='ocrx_word' id='word_1_21' title='bbox 2353 721 2429 781; x_wconf 85' lang='lat' dir='ltr'>ut</span> <span class='ocrx_word' id='word_1_22' title='bbox 2491 716 2608 781; x_wconf 86' lang='lat' dir='ltr'>ele·</span> 
     </span>
     <span class='ocr_line' id='line_1_4' title="bbox 294 814 2605 900; baseline -0.002 -18"><span class='ocrx_word' id='word_1_23' title='bbox 294 818 472 882; x_wconf 80' lang='lat' dir='ltr'>ctum</span> <span class='ocrx_word' id='word_1_24' title='bbox 525 837 741 900; x_wconf 85' lang='lat' dir='ltr'>regem</span> <span class='ocrx_word' id='word_1_25' title='bbox 790 814 1231 880; x_wconf 88' lang='lat' dir='ltr'>Romanorum</span> <span class='ocrx_word' id='word_1_26' title='bbox 1277 818 1570 900; x_wconf 84' lang='lat' dir='ltr'>agnovit,</span> <span class='ocrx_word' id='word_1_27' title='bbox 1623 820 1691 880; x_wconf 87' lang='lat' dir='ltr'>et</span> <span class='ocrx_word' id='word_1_28' title='bbox 1744 837 2015 879; x_wconf 82' lang='lat' dir='ltr'><strong>examen</strong></span> <span class='ocrx_word' id='word_1_29' title='bbox 2077 836 2303 879; x_wconf 88' lang='lat' dir='ltr'>causae</span> <span class='ocrx_word' id='word_1_30' title='bbox 2351 818 2417 879; x_wconf 92' lang='lat' dir='ltr'>et</span> <span class='ocrx_word' id='word_1_31' title='bbox 2472 837 2605 897; x_wconf 91' lang='lat' dir='ltr'>per·</span> 
     </span>
     <span class='ocr_line' id='line_1_5' title="bbox 296 912 2610 997; baseline -0.001 -20"><span class='ocrx_word' id='word_1_32' title='bbox 296 935 494 977; x_wconf 88' lang='lat' dir='ltr'>sonae</span> <span class='ocrx_word' id='word_1_33' title='bbox 538 913 881 977; x_wconf 71' lang='lat' dir='ltr'>instituere</span> <span class='ocrx_word' id='word_1_34' title='bbox 928 912 1298 994; x_wconf 82' lang='lat' dir='ltr'>postulavit.</span> <span class='ocrx_word' id='word_1_35' title='bbox 1388 912 1462 977; x_wconf 92' lang='lat' dir='ltr'>Id</span> <span class='ocrx_word' id='word_1_36' title='bbox 1512 934 1587 977; x_wconf 89' lang='lat' dir='ltr'>eo</span> <span class='ocrx_word' id='word_1_37' title='bbox 1631 913 1837 997; x_wconf 84' lang='lat' dir='ltr'>magis</span> <span class='ocrx_word' id='word_1_38' title='bbox 1894 933 2165 995; x_wconf 89' lang='lat' dir='ltr'>aequum</span> <span class='ocrx_word' id='word_1_39' title='bbox 2215 915 2384 989; x_wconf 89' lang='lat' dir='ltr'>erat,</span> <span class='ocrx_word' id='word_1_40' title='bbox 2440 912 2610 995; x_wconf 91' lang='lat' dir='ltr'>quod</span> 
     </span>
     <span class='ocr_line' id='line_1_6' title="bbox 299 1007 2613 1093; baseline 0 -21"><span class='ocrx_word' id='word_1_41' title='bbox 299 1008 662 1075; x_wconf 84' lang='lat' dir='ltr'>Ludovicus</span> <span class='ocrx_word' id='word_1_42' title='bbox 709 1008 1082 1092; x_wconf 82' lang='lat' dir='ltr'>arrogantia</span> <span class='ocrx_word' id='word_1_43' title='bbox 1131 1030 1247 1072; x_wconf 89' lang='lat' dir='ltr'>sua</span> <span class='ocrx_word' id='word_1_44' title='bbox 1285 1011 1438 1092; x_wconf 85' lang='lat' dir='ltr'>jura</span> <span class='ocrx_word' id='word_1_45' title='bbox 1486 1007 1666 1075; x_wconf 88' lang='lat' dir='ltr'>Sedis</span> <span class='ocrx_word' id='word_1_46' title='bbox 1711 1009 2118 1093; x_wconf 88' lang='lat' dir='ltr'>Apostolicae</span> <span class='ocrx_word' id='word_1_47' title='bbox 2172 1008 2613 1092; x_wconf 83' lang='lat' dir='ltr'>imprudenter</span> 
     </span>
     <span class='ocr_line' id='line_1_7' title="bbox 297 1103 2609 1189; baseline 0.001 -21"><span class='ocrx_word' id='word_1_48' title='bbox 297 1106 588 1189; x_wconf 89' lang='lat' dir='ltr'>pluribus</span> <span class='ocrx_word' id='word_1_49' title='bbox 644 1106 936 1170; x_wconf 88' lang='lat' dir='ltr'>laeserat.</span> <span class='ocrx_word' id='word_1_50' title='bbox 1054 1105 1323 1181; x_wconf 87' lang='lat' dir='ltr'>Quando</span> <span class='ocrx_word' id='word_1_51' title='bbox 1384 1128 1535 1170; x_wconf 84' lang='lat' dir='ltr'>vero</span> <span class='ocrx_word' id='word_1_52' title='bbox 1598 1103 1897 1170; x_wconf 82' lang='lat' dir='ltr'>Galeatio</span> <span class='ocrx_word' id='word_1_53' title='bbox 1954 1104 2194 1169; x_wconf 87' lang='lat' dir='ltr'>auxilia</span> <span class='ocrx_word' id='word_1_54' title='bbox 2261 1106 2609 1188; x_wconf 90' lang='lat' dir='ltr'>praestitit,</span> 
     </span>
     <span class='ocr_line' id='line_1_8' title="bbox 297 1201 2611 1286; baseline 0 -20"><span class='ocrx_word' id='word_1_55' title='bbox 297 1202 741 1267; x_wconf 83' lang='lat' dir='ltr'>vehementius</span> <span class='ocrx_word' id='word_1_56' title='bbox 808 1201 1097 1267; x_wconf 84' lang='lat' dir='ltr'>Joannes</span> <span class='ocrx_word' id='word_1_57' title='bbox 1166 1202 1444 1267; x_wconf 87' lang='lat' dir='ltr'>offensus</span> <span class='ocrx_word' id='word_1_58' title='bbox 1512 1207 1625 1266; x_wconf 91' lang='lat' dir='ltr'>est.</span> <span class='ocrx_word' id='word_1_59' title='bbox 1740 1201 2103 1267; x_wconf 88' lang='lat' dir='ltr'>Ludovicus</span> <span class='ocrx_word' id='word_1_60' title='bbox 2171 1202 2427 1286; x_wconf 87' lang='lat' dir='ltr'>quidem</span> <span class='ocrx_word' id='word_1_61' title='bbox 2488 1203 2611 1267; x_wconf 90' lang='lat' dir='ltr'>Im·</span> 
     </span>
     <span class='ocr_line' id='line_1_9' title="bbox 299 1298 2611 1383; baseline 0 -20"><span class='ocrx_word' id='word_1_62' title='bbox 299 1299 460 1382; x_wconf 88' lang='lat' dir='ltr'>perii</span> <span class='ocrx_word' id='word_1_63' title='bbox 516 1301 666 1383; x_wconf 90' lang='lat' dir='ltr'>jura</span> <span class='ocrx_word' id='word_1_64' title='bbox 724 1320 792 1362; x_wconf 90' lang='lat' dir='ltr'>se</span> <span class='ocrx_word' id='word_1_65' title='bbox 855 1299 1022 1362; x_wconf 90' lang='lat' dir='ltr'>tueri</span> <span class='ocrx_word' id='word_1_66' title='bbox 1085 1299 1249 1362; x_wconf 84' lang='lat' dir='ltr'>velle</span> <span class='ocrx_word' id='word_1_67' title='bbox 1309 1298 1805 1383; x_wconf 85' lang='lat' dir='ltr'>praetendebat,</span> <span class='ocrx_word' id='word_1_68' title='bbox 1873 1299 1985 1364; x_wconf 91' lang='lat' dir='ltr'>sed</span> <span class='ocrx_word' id='word_1_69' title='bbox 2041 1321 2266 1382; x_wconf 87' lang='lat' dir='ltr'>reapse</span> <span class='ocrx_word' id='word_1_70' title='bbox 2333 1299 2611 1365; x_wconf 82' lang='lat' dir='ltr'>adimere</span> 
     </span>
     <span class='ocr_line' id='line_1_10' title="bbox 295 1393 2610 1480; baseline 0.001 -20"><span class='ocrx_word' id='word_1_71' title='bbox 295 1396 637 1479; x_wconf 87' lang='lat' dir='ltr'>satagebat</span> <span class='ocrx_word' id='word_1_72' title='bbox 692 1395 993 1460; x_wconf 90' lang='lat' dir='ltr'>Pontifici</span> <span class='ocrx_word' id='word_1_73' title='bbox 1038 1393 1303 1478; x_wconf 91' lang='lat' dir='ltr'>Imperii</span> <span class='ocrx_word' id='word_1_74' title='bbox 1368 1396 1775 1474; x_wconf 87' lang='lat' dir='ltr'>vicariatum,</span> <span class='ocrx_word' id='word_1_75' title='bbox 1838 1417 2023 1480; x_wconf 90' lang='lat' dir='ltr'>quem</span> <span class='ocrx_word' id='word_1_76' title='bbox 2088 1418 2202 1479; x_wconf 92' lang='lat' dir='ltr'>per</span> <span class='ocrx_word' id='word_1_77' title='bbox 2256 1396 2610 1462; x_wconf 87' lang='lat' dir='ltr'>Robertum</span> 
     </span>
     <span class='ocr_line' id='line_1_11' title="bbox 297 1491 2614 1576; baseline 0.001 -20"><span class='ocrx_word' id='word_1_78' title='bbox 297 1514 516 1576; x_wconf 87' lang='lat' dir='ltr'>regem</span> <span class='ocrx_word' id='word_1_79' title='bbox 558 1492 613 1556; x_wconf 92' lang='lat' dir='ltr'>is</span> <span class='ocrx_word' id='word_1_80' title='bbox 659 1492 731 1556; x_wconf 90' lang='lat' dir='ltr'>in</span> <span class='ocrx_word' id='word_1_81' title='bbox 778 1491 969 1556; x_wconf 88' lang='lat' dir='ltr'>Italia</span> <span class='ocrx_word' id='word_1_82' title='bbox 989 1559 998 1564; x_wconf 62' lang='grc'>,,</span> <span class='ocrx_word' id='word_1_83' title='bbox 1013 1512 1235 1574; x_wconf 86' lang='lat' dir='ltr'>gerere</span> <span class='ocrx_word' id='word_1_84' title='bbox 1280 1514 1415 1557; x_wconf 89' lang='lat' dir='ltr'>non</span> <span class='ocrx_word' id='word_1_85' title='bbox 1469 1491 1737 1557; x_wconf 85' lang='lat' dir='ltr'>destitit.</span> <span class='ocrx_word' id='word_1_86' title='bbox 1831 1492 2002 1556; x_wconf 90' lang='lat' dir='ltr'>Hinc</span> <span class='ocrx_word' id='word_1_87' title='bbox 2046 1492 2363 1558; x_wconf 89' lang='lat' dir='ltr'>immerito</span> <span class='ocrx_word' id='word_1_88' title='bbox 2408 1493 2614 1559; x_wconf 84' lang='lat' dir='ltr'>Joan-</span> 
     </span>
     <span class='ocr_line' id='line_1_12' title="bbox 298 1587 2613 1672; baseline 0 -19"><span class='ocrx_word' id='word_1_89' title='bbox 298 1610 411 1653; x_wconf 90' lang='lat' dir='ltr'>nes</span> <span class='ocrx_word' id='word_1_90' title='bbox 471 1594 835 1667; x_wconf 90' lang='lat' dir='ltr'>accusatur,</span> <span class='ocrx_word' id='word_1_91' title='bbox 897 1587 1064 1671; x_wconf 88' lang='lat' dir='ltr'>quod</span> <span class='ocrx_word' id='word_1_92' title='bbox 1124 1594 1385 1671; x_wconf 89' lang='lat' dir='ltr'>propter</span> <span class='ocrx_word' id='word_1_93' title='bbox 1428 1588 1678 1653; x_wconf 86' lang='lat' dir='ltr'>Galliae</span> <span class='ocrx_word' id='word_1_94' title='bbox 1741 1590 1909 1672; x_wconf 86' lang='lat' dir='ltr'>regis</span> <span class='ocrx_word' id='word_1_95' title='bbox 1968 1588 2310 1672; x_wconf 89' lang='lat' dir='ltr'>influxum,</span> <span class='ocrx_word' id='word_1_96' title='bbox 2374 1591 2471 1654; x_wconf 87' lang='lat' dir='ltr'>vel</span> <span class='ocrx_word' id='word_1_97' title='bbox 2532 1613 2613 1654; x_wconf 94' lang='lat' dir='ltr'>ex</span> 
     </span>
     <span class='ocr_line' id='line_1_13' title="bbox 298 1684 2612 1769; baseline 0 -19"><span class='ocrx_word' id='word_1_98' title='bbox 298 1686 631 1750; x_wconf 84' lang='lat' dir='ltr'>aversione</span> <span class='ocrx_word' id='word_1_99' title='bbox 692 1684 968 1768; x_wconf 90' lang='lat' dir='ltr'>quadam</span> <span class='ocrx_word' id='word_1_100' title='bbox 1030 1684 1352 1750; x_wconf 83' lang='lat' dir='ltr'>Ludovico</span> <span class='ocrx_word' id='word_1_101' title='bbox 1412 1685 1699 1750; x_wconf 83' lang='lat' dir='ltr'>favorem</span> <span class='ocrx_word' id='word_1_102' title='bbox 1755 1706 1943 1749; x_wconf 88' lang='lat' dir='ltr'>suum</span> <span class='ocrx_word' id='word_1_103' title='bbox 2014 1707 2145 1756; x_wconf 90' lang='lat' dir='ltr'>non</span> <span class='ocrx_word' id='word_1_104' title='bbox 2210 1688 2612 1769; x_wconf 74' lang='lat' dir='ltr'>praebueritt,</span> 
     </span>
     <span class='ocr_line' id='line_1_14' title="bbox 298 1780 2610 1865; baseline 0.001 -20"><span class='ocrx_word' id='word_1_105' title='bbox 298 1781 591 1865; x_wconf 82' lang='lat' dir='ltr'>quamvis</span> <span class='ocrx_word' id='word_1_106' title='bbox 648 1785 820 1846; x_wconf 90' lang='lat' dir='ltr'>certe</span> <span class='ocrx_word' id='word_1_107' title='bbox 882 1781 1297 1846; x_wconf 84' lang='lat' dir='ltr'>commoratio</span> <span class='ocrx_word' id='word_1_108' title='bbox 1357 1780 1693 1847; x_wconf 89' lang='lat' dir='ltr'>Pontificis</span> <span class='ocrx_word' id='word_1_109' title='bbox 1753 1782 2091 1847; x_wconf 90' lang='lat' dir='ltr'>Avenione</span> <span class='ocrx_word' id='word_1_110' title='bbox 2151 1787 2217 1847; x_wconf 92' lang='lat' dir='ltr'>et</span> <span class='ocrx_word' id='word_1_111' title='bbox 2280 1782 2610 1850; x_wconf 85' lang='lat' dir='ltr'>Gallorum</span> 
     </span>
     <span class='ocr_line' id='line_1_15' title="bbox 298 1877 2612 1963; baseline 0.002 -21"><span class='ocrx_word' id='word_1_112' title='bbox 298 1879 367 1942; x_wconf 92' lang='lat' dir='ltr'>in</span> <span class='ocrx_word' id='word_1_113' title='bbox 428 1879 741 1963; x_wconf 85' lang='lat' dir='ltr'>regimine</span> <span class='ocrx_word' id='word_1_114' title='bbox 787 1877 1109 1942; x_wconf 80' lang='lat' dir='ltr'>Ecclesiae</span> <span class='ocrx_word' id='word_1_115' title='bbox 1167 1878 1750 1962; x_wconf 86' lang='lat' dir='ltr'>praeponderantia</span> <span class='ocrx_word' id='word_1_116' title='bbox 1807 1880 2001 1944; x_wconf 90' lang='lat' dir='ltr'>etiam</span> <span class='ocrx_word' id='word_1_117' title='bbox 2063 1879 2235 1945; x_wconf 90' lang='lat' dir='ltr'>hisce</span> <span class='ocrx_word' id='word_1_118' title='bbox 2295 1881 2363 1945; x_wconf 90' lang='lat' dir='ltr'>in</span> <span class='ocrx_word' id='word_1_119' title='bbox 2420 1882 2612 1947; x_wconf 88' lang='lat' dir='ltr'>rebus</span> 
     </span>
     <span class='ocr_line' id='line_1_16' title="bbox 297 1974 1129 2057; baseline 0.007 -19"><span class='ocrx_word' id='word_1_120' title='bbox 297 1974 714 2040; x_wconf 84' lang='lat' dir='ltr'>difficultates</span> <span class='ocrx_word' id='word_1_121' title='bbox 760 1978 1052 2057; x_wconf 84' lang='lat' dir='ltr'>augeret.</span> <span class='ocrx_word' id='word_1_122' title='bbox 1125 2039 1129 2044; x_wconf 79' lang='grc'><strong>.</strong></span> 
     </span>
    </p>
   </div>
   <div class='ocr_carea' id='block_1_3' title="bbox 295 2123 2942 3859">
    <p class='ocr_par' dir='ltr' id='par_1_3' title="bbox 297 2123 2942 2404">
     <span class='ocr_line' id='line_1_17' title="bbox 476 2123 2915 2207; baseline 0.001 -20"><span class='ocrx_word' id='word_1_123' title='bbox 476 2126 578 2188; x_wconf 85' lang='grc'>45.</span> <span class='ocrx_word' id='word_1_124' title='bbox 626 2124 834 2200; x_wconf 84' lang='lat' dir='ltr'>Quum</span> <span class='ocrx_word' id='word_1_125' title='bbox 878 2124 1081 2207; x_wconf 85' lang='lat' dir='ltr'>igitur</span> <span class='ocrx_word' id='word_1_126' title='bbox 1135 2123 1490 2189; x_wconf 84' lang='lat' dir='ltr'>Ludovicus</span> <span class='ocrx_word' id='word_1_127' title='bbox 1538 2124 1786 2189; x_wconf 89' lang='lat' dir='ltr'>actibus</span> <span class='ocrx_word' id='word_1_128' title='bbox 1837 2125 1971 2189; x_wconf 90' lang='lat' dir='ltr'>suis</span> <span class='ocrx_word' id='word_1_129' title='bbox 2020 2125 2340 2192; x_wconf 90' lang='lat' dir='ltr'>Joannem</span> <span class='ocrx_word' id='word_1_130' title='bbox 2387 2129 2609 2193; x_wconf 87' lang='lat' dir='ltr'>multi·</span> <span class='ocrx_word' id='word_1_131' title='bbox 2663 2149 2915 2191; x_wconf 78' lang='lat' dir='ltr'>Ludovious</span> 
     </span>
     <span class='ocr_line' id='line_1_18' title="bbox 299 2210 2942 2314; baseline 0.001 -29"><span class='ocrx_word' id='word_1_132' title='bbox 299 2210 553 2304; x_wconf 86' lang='lat' dir='ltr'>pliciter</span> <span class='ocrx_word' id='word_1_133' title='bbox 611 2221 928 2297; x_wconf 83' lang='lat' dir='ltr'>laesisset,</span> <span class='ocrx_word' id='word_1_134' title='bbox 991 2243 1049 2285; x_wconf 88' lang='lat' dir='ltr'>a.</span> <span class='ocrx_word' id='word_1_135' title='bbox 1115 2220 1284 2284; x_wconf 87' lang='lat'><strong>1323</strong></span> <span class='ocrx_word' id='word_1_136' title='bbox 1349 2221 1426 2285; x_wconf 91' lang='lat' dir='ltr'>lis</span> <span class='ocrx_word' id='word_1_137' title='bbox 1479 2221 1548 2285; x_wconf 91' lang='lat' dir='ltr'>in</span> <span class='ocrx_word' id='word_1_138' title='bbox 1609 2222 1850 2305; x_wconf 91' lang='lat' dir='ltr'>ipsum,</span> <span class='ocrx_word' id='word_1_139' title='bbox 1913 2224 2023 2306; x_wconf 90' lang='lat' dir='ltr'>qui</span> <span class='ocrx_word' id='word_1_140' title='bbox 2083 2223 2479 2306; x_wconf 88' lang='lat' dir='ltr'>pontificium</span> <span class='ocrx_word' id='word_1_141' title='bbox 2542 2230 2610 2289; x_wconf 91' lang='lat' dir='ltr'>et</span> <span class='ocrx_word' id='word_1_142' title='bbox 2627 2212 2671 2253; x_wconf 69' lang='lat'>³¹¹</span> <span class='ocrx_word' id='word_1_143' title='bbox 2705 2211 2942 2314; x_wconf 48' lang='lat' dir='ltr'>jssfflsf&#39;m‘</span> 
     </span>
     <span class='ocr_line' id='line_1_19' title="bbox 297 2316 2611 2404; baseline 0.001 -22"><span class='ocrx_word' id='word_1_144' title='bbox 297 2316 569 2383; x_wconf 91' lang='lat' dir='ltr'>Roberti</span> <span class='ocrx_word' id='word_1_145' title='bbox 645 2316 813 2401; x_wconf 86' lang='lat' dir='ltr'>regis</span> <span class='ocrx_word' id='word_1_146' title='bbox 890 2317 1238 2382; x_wconf 90' lang='lat' dir='ltr'>exercitum</span> <span class='ocrx_word' id='word_1_147' title='bbox 1300 2316 1663 2382; x_wconf 86' lang='lat' dir='ltr'>Mediolano</span> <span class='ocrx_word' id='word_1_148' title='bbox 1738 2320 2207 2402; x_wconf 88' lang='lat' dir='ltr'>propulsasset,</span> <span class='ocrx_word' id='word_1_149' title='bbox 2291 2325 2611 2404; x_wconf 87' lang='lat' dir='ltr'>suscepta,</span> 
     </span>
    </p>

    <p class='ocr_par' dir='ltr' id='par_1_4' title="bbox 295 2413 2731 3859">
     <span class='ocr_line' id='line_1_20' title="bbox 295 2413 2614 2499; baseline 0.001 -20"><span class='ocrx_word' id='word_1_150' title='bbox 295 2426 375 2479; x_wconf 77' lang='lat' dir='ltr'>‘ac</span> <span class='ocrx_word' id='word_1_151' title='bbox 418 2414 673 2499; x_wconf 86' lang='lat' dir='ltr'>legibus</span> <span class='ocrx_word' id='word_1_152' title='bbox 727 2415 796 2477; x_wconf 92' lang='lat' dir='ltr'>in</span> <span class='ocrx_word' id='word_1_153' title='bbox 848 2434 994 2478; x_wconf 90' lang='lat' dir='ltr'>eum</span> <span class='ocrx_word' id='word_1_154' title='bbox 1052 2414 1161 2498; x_wconf 85' lang='lat' dir='ltr'>agi</span> <span class='ocrx_word' id='word_1_155' title='bbox 1216 2418 1513 2497; x_wconf 88' lang='lat' dir='ltr'>coeptum</span> <span class='ocrx_word' id='word_1_156' title='bbox 1569 2419 1691 2479; x_wconf 88' lang='lat' dir='ltr'>est.</span> <span class='ocrx_word' id='word_1_157' title='bbox 1781 2413 2135 2499; x_wconf 87' lang='lat' dir='ltr'>Praecipua</span> <span class='ocrx_word' id='word_1_158' title='bbox 2190 2418 2614 2483; x_wconf 88' lang='lat' dir='ltr'>accusationis</span> 
     </span>
     <span class='ocr_line' id='line_1_21' title="bbox 302 2480 2731 2595; baseline 0.001 -19"><span class='ocrx_word' id='word_1_159' title='bbox 302 2512 515 2595; x_wconf 89' lang='lat' dir='ltr'>capita</span> <span class='ocrx_word' id='word_1_160' title='bbox 578 2511 735 2575; x_wconf 88' lang='lat' dir='ltr'>haec</span> <span class='ocrx_word' id='word_1_161' title='bbox 812 2516 1025 2588; x_wconf 88' lang='lat' dir='ltr'>erant,</span> <span class='ocrx_word' id='word_1_162' title='bbox 1102 2509 1500 2576; x_wconf 88' lang='lat' dir='ltr'>Ludovicum</span> <span class='ocrx_word' id='word_1_163' title='bbox 1574 2511 1968 2578; x_wconf 88' lang='lat' dir='ltr'>discordibus</span> <span class='ocrx_word' id='word_1_164' title='bbox 2046 2513 2319 2595; x_wconf 89' lang='lat' dir='ltr'>electum</span> <span class='ocrx_word' id='word_1_165' title='bbox 2392 2516 2614 2580; x_wconf 84' lang='lat' dir='ltr'>suffra·</span> <span class='ocrx_word' id='word_1_166' title='bbox 2671 2480 2731 2549; x_wconf 44' lang='lat'>“4</span> 
     </span>
     <span class='ocr_line' id='line_1_22' title="bbox 299 2608 2613 2696; baseline 0.002 -25"><span class='ocrx_word' id='word_1_167' title='bbox 299 2609 453 2693; x_wconf 83' lang='lat' dir='ltr'>giis,</span> <span class='ocrx_word' id='word_1_168' title='bbox 516 2613 867 2692; x_wconf 88' lang='lat' dir='ltr'>antequam</span> <span class='ocrx_word' id='word_1_169' title='bbox 929 2630 1004 2672; x_wconf 96' lang='lat' dir='ltr'>ea</span> <span class='ocrx_word' id='word_1_170' title='bbox 1068 2610 1499 2673; x_wconf 87' lang='lat' dir='ltr'>controversia</span> <span class='ocrx_word' id='word_1_171' title='bbox 1559 2608 1968 2674; x_wconf 88' lang='lat' dir='ltr'>dirimeretur</span> <span class='ocrx_word' id='word_1_172' title='bbox 2026 2633 2066 2675; x_wconf 88' lang='lat' dir='ltr'>a</span> <span class='ocrx_word' id='word_1_173' title='bbox 2121 2609 2283 2676; x_wconf 84' lang='lat' dir='ltr'>Sede</span> <span class='ocrx_word' id='word_1_174' title='bbox 2336 2610 2613 2696; x_wconf 76' lang='lat' dir='ltr'>Aposto-</span> 
     </span>
     <span class='ocr_line' id='line_1_23' title="bbox 301 2704 2615 2793; baseline 0.002 -25"><span class='ocrx_word' id='word_1_175' title='bbox 301 2705 445 2785; x_wconf 90' lang='lat' dir='ltr'>lica,</span> <span class='ocrx_word' id='word_1_176' title='bbox 488 2704 753 2789; x_wconf 89' lang='lat' dir='ltr'>Imperii</span> <span class='ocrx_word' id='word_1_177' title='bbox 799 2705 1425 2769; x_wconf 86' lang='lat' dir='ltr'>administrationem</span> <span class='ocrx_word' id='word_1_178' title='bbox 1465 2706 1873 2788; x_wconf 87' lang='lat' dir='ltr'>corripuisse:</span> <span class='ocrx_word' id='word_1_179' title='bbox 1922 2708 2194 2772; x_wconf 86' lang='lat' dir='ltr'>alterum</span> <span class='ocrx_word' id='word_1_180' title='bbox 2242 2730 2394 2773; x_wconf 84' lang='lat' dir='ltr'>vero</span> <span class='ocrx_word' id='word_1_181' title='bbox 2445 2709 2615 2793; x_wconf 92' lang='lat' dir='ltr'>quod</span> 
     </span>
     <span class='ocr_line' id='line_1_24' title="bbox 300 2799 2615 2890; baseline 0.002 -25"><span class='ocrx_word' id='word_1_182' title='bbox 300 2800 579 2866; x_wconf 87' lang='lat' dir='ltr'>maxime</span> <span class='ocrx_word' id='word_1_183' title='bbox 636 2801 921 2866; x_wconf 90' lang='lat' dir='ltr'>animum</span> <span class='ocrx_word' id='word_1_184' title='bbox 968 2799 1302 2865; x_wconf 89' lang='lat' dir='ltr'>Pontificis</span> <span class='ocrx_word' id='word_1_185' title='bbox 1359 2806 1796 2885; x_wconf 86' lang='lat' dir='ltr'>exasperarat,</span> <span class='ocrx_word' id='word_1_186' title='bbox 1854 2810 1996 2868; x_wconf 90' lang='lat' dir='ltr'>tum</span> <span class='ocrx_word' id='word_1_187' title='bbox 2056 2803 2362 2884; x_wconf 84' lang='lat' dir='ltr'>Galeatii,</span> <span class='ocrx_word' id='word_1_188' title='bbox 2422 2827 2615 2890; x_wconf 88' lang='lat' dir='ltr'>quem</span> 
     </span>
     <span class='ocr_line' id='line_1_25' title="bbox 300 2897 2616 2986; baseline 0.002 -24"><span class='ocrx_word' id='word_1_189' title='bbox 300 2898 553 2963; x_wconf 91' lang='lat' dir='ltr'>hostem</span> <span class='ocrx_word' id='word_1_190' title='bbox 626 2903 692 2962; x_wconf 98' lang='lat' dir='ltr'>et</span> <span class='ocrx_word' id='word_1_191' title='bbox 755 2897 1004 2962; x_wconf 85' lang='lat' dir='ltr'>haeresi</span> <span class='ocrx_word' id='word_1_192' title='bbox 1075 2898 1587 2962; x_wconf 89' lang='lat' dir='ltr'>contaminatum</span> <span class='ocrx_word' id='word_1_193' title='bbox 1658 2900 2114 2982; x_wconf 86' lang='lat' dir='ltr'>pronuntiarat</span> <span class='ocrx_word' id='word_1_194' title='bbox 2181 2899 2377 2967; x_wconf 87' lang='lat' dir='ltr'>Sedes</span> <span class='ocrx_word' id='word_1_195' title='bbox 2448 2902 2616 2986; x_wconf 87' lang='lat' dir='ltr'>Apo·</span> 
     </span>
     <span class='ocr_line' id='line_1_26' title="bbox 299 2993 2614 3080; baseline 0.003 -22"><span class='ocrx_word' id='word_1_196' title='bbox 299 2994 558 3072; x_wconf 88' lang='lat' dir='ltr'>stolica,</span> <span class='ocrx_word' id='word_1_197' title='bbox 637 2999 774 3059; x_wconf 90' lang='lat' dir='ltr'>tum</span> <span class='ocrx_word' id='word_1_198' title='bbox 847 2994 1269 3078; x_wconf 89' lang='lat' dir='ltr'>perduellium</span> <span class='ocrx_word' id='word_1_199' title='bbox 1334 2993 1840 3060; x_wconf 87' lang='lat' dir='ltr'>Ferrariensium</span> <span class='ocrx_word' id='word_1_200' title='bbox 1913 2998 2339 3080; x_wconf 90' lang='lat' dir='ltr'>patrocinium</span> <span class='ocrx_word' id='word_1_201' title='bbox 2408 3021 2614 3065; x_wconf 87' lang='lat' dir='ltr'>susce-</span> 
     </span>
     <span class='ocr_line' id='line_1_27' title="bbox 300 3090 2612 3176; baseline 0.003 -21"><span class='ocrx_word' id='word_1_202' title='bbox 300 3093 486 3176; x_wconf 88' lang='lat' dir='ltr'>pisse.</span> <span class='ocrx_word' id='word_1_203' title='bbox 597 3090 885 3156; x_wconf 83' lang='lat' dir='ltr'>Joannes</span> <span class='ocrx_word' id='word_1_204' title='bbox 943 3091 1377 3176; x_wconf 85' lang='lat' dir='ltr'>promulgavit</span> <span class='ocrx_word' id='word_1_205' title='bbox 1420 3090 1567 3157; x_wconf 91' lang='lat' dir='ltr'>VII.</span> <span class='ocrx_word' id='word_1_206' title='bbox 1637 3091 1735 3156; x_wconf 90' lang='lat' dir='ltr'>Id.</span> <span class='ocrx_word' id='word_1_207' title='bbox 1808 3092 2031 3160; x_wconf 91' lang='lat' dir='ltr'>Octob.</span> <span class='ocrx_word' id='word_1_208' title='bbox 2102 3117 2157 3158; x_wconf 90' lang='lat' dir='ltr'>a.</span> <span class='ocrx_word' id='word_1_209' title='bbox 2235 3097 2401 3161; x_wconf 83' lang='lat'><strong>1323</strong></span> <span class='ocrx_word' id='word_1_210' title='bbox 2469 3119 2612 3162; x_wconf 90' lang='lat' dir='ltr'>sen-</span> 
     </span>
     <span class='ocr_line' id='line_1_28' title="bbox 300 3184 2616 3278; baseline 0.003 -25"><span class='ocrx_word' id='word_1_211' title='bbox 300 3189 610 3271; x_wconf 85' lang='lat' dir='ltr'>tentiam,</span> <span class='ocrx_word' id='word_1_212' title='bbox 672 3210 800 3272; x_wconf 92' lang='lat' dir='ltr'>qua</span> <span class='ocrx_word' id='word_1_213' title='bbox 846 3187 1170 3252; x_wconf 84' lang='lat' dir='ltr'>Ludovico</span> <span class='ocrx_word' id='word_1_214' title='bbox 1217 3187 1337 3251; x_wconf 89' lang='lat' dir='ltr'>sub</span> <span class='ocrx_word' id='word_1_215' title='bbox 1394 3184 2071 3255; x_wconf 86' lang='lat' dir='ltr'>excommunicationis</span> <span class='ocrx_word' id='word_1_216' title='bbox 2128 3214 2336 3276; x_wconf 91' lang='lat' dir='ltr'>poena</span> <span class='ocrx_word' id='word_1_217' title='bbox 2390 3195 2616 3278; x_wconf 86' lang='lat' dir='ltr'>injun-</span> 
     </span>
     <span class='ocr_line' id='line_1_29' title="bbox 302 3282 2614 3371; baseline 0.003 -24"><span class='ocrx_word' id='word_1_218' title='bbox 302 3286 430 3370; x_wconf 85' lang='lat' dir='ltr'>git,</span> <span class='ocrx_word' id='word_1_219' title='bbox 498 3286 576 3349; x_wconf 60' lang='grc' dir='ltr'>αἱ</span> <span class='ocrx_word' id='word_1_220' title='bbox 635 3282 822 3366; x_wconf 83' lang='lat' dir='ltr'>infra</span> <span class='ocrx_word' id='word_1_221' title='bbox 884 3283 1089 3348; x_wconf 82' lang='lat' dir='ltr'>trium</span> <span class='ocrx_word' id='word_1_222' title='bbox 1149 3282 1467 3353; x_wconf 76' lang='lat' dir='ltr'>mensium</span> <span class='ocrx_word' id='word_1_223' title='bbox 1532 3284 1820 3367; x_wconf 76' lang='lat' dir='ltr'>spatium</span> <span class='ocrx_word' id='word_1_224' title='bbox 1882 3285 1961 3352; x_wconf 86' lang='lat' dir='ltr'>ab</span> <span class='ocrx_word' id='word_1_225' title='bbox 2024 3282 2614 3371; x_wconf 78' lang='lat' dir='ltr'>administratione,</span> 
     </span>
     <span class='ocr_line' id='line_1_30' title="bbox 298 3379 2614 3464; baseline 0.004 -20"><span class='ocrx_word' id='word_1_226' title='bbox 298 3379 604 3464; x_wconf 78' lang='lat' dir='ltr'>fautoria</span> <span class='ocrx_word' id='word_1_227' title='bbox 666 3384 728 3445; x_wconf 87' lang='lat' dir='ltr'>et</span> <span class='ocrx_word' id='word_1_228' title='bbox 783 3381 1152 3464; x_wconf 74' lang='lat' dir='ltr'>defensione</span> <span class='ocrx_word' id='word_1_229' title='bbox 1200 3379 1559 3462; x_wconf 82' lang='lat' dir='ltr'>praedictis</span> <span class='ocrx_word' id='word_1_230' title='bbox 1604 3402 1886 3464; x_wconf 77' lang='lat' dir='ltr'>prorsus</span> <span class='ocrx_word' id='word_1_231' title='bbox 1943 3383 2266 3451; x_wconf 84' lang='lat' dir='ltr'>abstineat</span> <span class='ocrx_word' id='word_1_232' title='bbox 2324 3406 2399 3452; x_wconf 85' lang='lat' dir='ltr'>ac</span> <span class='ocrx_word' id='word_1_233' title='bbox 2451 3387 2614 3453; x_wconf 82' lang='lat' dir='ltr'>desi·</span> 
     </span>
     <span class='ocr_line' id='line_1_31' title="bbox 301 3475 2614 3561; baseline 0.003 -19"><span class='ocrx_word' id='word_1_234' title='bbox 301 3481 451 3556; x_wconf 81' lang='lat' dir='ltr'>stat,</span> <span class='ocrx_word' id='word_1_235' title='bbox 509 3476 1145 3543; x_wconf 77' lang='lat' dir='ltr'>administrationem</span> <span class='ocrx_word' id='word_1_236' title='bbox 1190 3475 1404 3559; x_wconf 81' lang='lat' dir='ltr'>ipsam</span> <span class='ocrx_word' id='word_1_237' title='bbox 1442 3498 1567 3561; x_wconf 81' lang='lat' dir='ltr'>per</span> <span class='ocrx_word' id='word_1_238' title='bbox 1610 3498 1677 3542; x_wconf 88' lang='lat' dir='ltr'>se</span> <span class='ocrx_word' id='word_1_239' title='bbox 1723 3478 1819 3544; x_wconf 84' lang='lat' dir='ltr'>ve&#39;l</span> <span class='ocrx_word' id='word_1_240' title='bbox 1864 3479 2067 3546; x_wconf 81' lang='lat' dir='ltr'>alium</span> <span class='ocrx_word' id='word_1_241' title='bbox 2117 3502 2229 3547; x_wconf 83' lang='lat' dir='ltr'>seu</span> <span class='ocrx_word' id='word_1_242' title='bbox 2275 3481 2440 3548; x_wconf 81' lang='lat' dir='ltr'>alios</span> <span class='ocrx_word' id='word_1_243' title='bbox 2484 3505 2614 3550; x_wconf 88' lang='lat' dir='ltr'>non</span> 
     </span>
     <span class='ocr_line' id='line_1_32' title="bbox 303 3573 2613 3656; baseline 0.003 -17"><span class='ocrx_word' id='word_1_244' title='bbox 303 3578 683 3656; x_wconf 79' lang='lat' dir='ltr'>recepturus</span> <span class='ocrx_word' id='word_1_245' title='bbox 728 3573 1035 3654; x_wconf 80' lang='lat' dir='ltr'>ulterius,</span> <span class='ocrx_word' id='word_1_246' title='bbox 1095 3573 1230 3640; x_wconf 83' lang='lat' dir='ltr'>nisi</span> <span class='ocrx_word' id='word_1_247' title='bbox 1275 3578 1432 3639; x_wconf 84' lang='lat' dir='ltr'>tunc</span> <span class='ocrx_word' id='word_1_248' title='bbox 1486 3575 1773 3656; x_wconf 80' lang='lat' dir='ltr'>demum,</span> <span class='ocrx_word' id='word_1_249' title='bbox 1829 3597 1973 3641; x_wconf 80' lang='lat' dir='ltr'>cum</span> <span class='ocrx_word' id='word_1_250' title='bbox 2027 3581 2088 3642; x_wconf 89' lang='lat' dir='ltr'>et</span> <span class='ocrx_word' id='word_1_251' title='bbox 2133 3578 2193 3643; x_wconf 90' lang='lat' dir='ltr'>si</span> <span class='ocrx_word' id='word_1_252' title='bbox 2251 3578 2613 3645; x_wconf 81' lang='lat' dir='ltr'>electionem</span> 
     </span>
     <span class='ocr_line' id='line_1_33' title="bbox 303 3669 2613 3760; baseline 0.003 -26"><span class='ocrx_word' id='word_1_253' title='bbox 303 3669 707 3752; x_wconf 55' lang='lat' dir='ltr'>hujusmodi,</span> <span class='ocrx_word' id='word_1_254' title='bbox 756 3690 920 3752; x_wconf 81' lang='lat' dir='ltr'>quae</span> <span class='ocrx_word' id='word_1_255' title='bbox 963 3671 1037 3736; x_wconf 83' lang='lat' dir='ltr'>de</span> <span class='ocrx_word' id='word_1_256' title='bbox 1081 3670 1222 3754; x_wconf 82' lang='lat' dir='ltr'>ipso</span> <span class='ocrx_word' id='word_1_257' title='bbox 1267 3670 1513 3737; x_wconf 80' lang='lat' dir='ltr'>dicitur</span> <span class='ocrx_word' id='word_1_258' title='bbox 1558 3671 1902 3752; x_wconf 77' lang='lat' dir='ltr'>celebrata,</span> <span class='ocrx_word' id='word_1_259' title='bbox 1960 3677 2021 3738; x_wconf 87' lang='lat' dir='ltr'>et</span> <span class='ocrx_word' id='word_1_260' title='bbox 2051 3696 2402 3758; x_wconf 77' lang='lat' dir='ltr'>personam</span> <span class='ocrx_word' id='word_1_261' title='bbox 2447 3676 2613 3760; x_wconf 80' lang='lat' dir='ltr'>ejus-</span> 
     </span>
     <span class='ocr_line' id='line_1_34' title="bbox 302 3766 2629 3859; baseline 0.004 -29"><span class='ocrx_word' id='word_1_262' title='bbox 302 3766 445 3859; x_wconf 84' lang='lat' dir='ltr'>dem</span> <span class='ocrx_word' id='word_1_263' title='bbox 482 3787 606 3850; x_wconf 83' lang='lat' dir='ltr'>per</span> <span class='ocrx_word' id='word_1_264' title='bbox 653 3766 880 3843; x_wconf 78' lang='lat' dir='ltr'>Sedem</span> <span class='ocrx_word' id='word_1_265' title='bbox 928 3767 1363 3851; x_wconf 78' lang='lat' dir='ltr'>Apostolioam</span> <span class='ocrx_word' id='word_1_266' title='bbox 1409 3768 1766 3851; x_wconf 80' lang='lat' dir='ltr'>approbari</span> <span class='ocrx_word' id='word_1_267' title='bbox 1809 3770 2150 3853; x_wconf 70' lang='lat' dir='ltr'>contiqerit</span> <span class='ocrx_word' id='word_1_268' title='bbox 2188 3777 2249 3837; x_wconf 93' lang='lat' dir='ltr'>et</span> <span class='ocrx_word' id='word_1_269' title='bbox 2279 3772 2629 3859; x_wconf 44' lang='lat' dir='ltr'>admitti&amp;</span> 
     </span>
    </p>
   </div>
   <div class='ocr_carea' id='block_1_4' title="bbox 306 3909 727 3917">
    <p class='ocr_par' dir='ltr' id='par_1_5' title="bbox 306 3909 727 3917">
     <span class='ocr_line' id='line_1_35' title="bbox 306 3909 727 3917; baseline 0 1097"><span class='ocrx_word' id='word_1_270' title='bbox 306 3909 727 3917; x_wconf 95' lang='lat' dir='ltr'> </span> 
     </span>
    </p>
   </div>
   <div class='ocr_carea' id='block_1_5' title="bbox 300 3976 2614 4361">
    <p class='ocr_par' dir='ltr' id='par_1_6' title="bbox 300 3976 2614 4361">
     <span class='ocr_line' id='line_1_36' title="bbox 480 3976 2614 4045; baseline 0.004 -16"><span class='ocrx_word' id='word_1_271' title='bbox 480 3976 525 4042; x_wconf 92' lang='lat'>¹)</span> <span class='ocrx_word' id='word_1_272' title='bbox 563 3976 738 4044; x_wconf 83' lang='lat' dir='ltr'>Rayn.</span> <span class='ocrx_word' id='word_1_273' title='bbox 785 3993 833 4030; x_wconf 87' lang='lat' dir='ltr'>a.</span> <span class='ocrx_word' id='word_1_274' title='bbox 874 3978 1025 4030; x_wconf 79' lang='lat'>1323.</span> <span class='ocrx_word' id='word_1_275' title='bbox 1060 3995 1110 4031; x_wconf 93' lang='lat' dir='ltr'>n.</span> <span class='ocrx_word' id='word_1_276' title='bbox 1150 3980 1232 4030; x_wconf 86' lang='lat'>30.</span> <span class='ocrx_word' id='word_1_277' title='bbox 1271 4007 1339 4014; x_wconf 92' lang='lat'>—-</span> <span class='ocrx_word' id='word_1_278' title='bbox 1375 3978 1931 4033; x_wconf 85' lang='lat' dir='ltr'>Animadvertendum</span> <span class='ocrx_word' id='word_1_279' title='bbox 1979 3991 2090 4045; x_wconf 88' lang='lat' dir='ltr'>est,</span> <span class='ocrx_word' id='word_1_280' title='bbox 2136 3980 2401 4037; x_wconf 89' lang='lat' dir='ltr'>Joannem</span> <span class='ocrx_word' id='word_1_281' title='bbox 2448 3984 2614 4038; x_wconf 87' lang='lat' dir='ltr'>etiam</span> 
     </span>
     <span class='ocr_line' id='line_1_37' title="bbox 300 4054 2613 4129; baseline 0.003 -19"><span class='ocrx_word' id='word_1_282' title='bbox 300 4054 568 4110; x_wconf 79' lang='lat' dir='ltr'>electionis</span> <span class='ocrx_word' id='word_1_283' title='bbox 606 4071 831 4111; x_wconf 87' lang='lat' dir='ltr'>examen</span> <span class='ocrx_word' id='word_1_284' title='bbox 857 4056 1169 4111; x_wconf 85' lang='lat' dir='ltr'>vindicasse</span> <span class='ocrx_word' id='word_1_285' title='bbox 1207 4056 1328 4122; x_wconf 89' lang='lat' dir='ltr'>sibi,</span> <span class='ocrx_word' id='word_1_286' title='bbox 1371 4058 1470 4124; x_wconf 89' lang='lat' dir='ltr'>„ad</span> <span class='ocrx_word' id='word_1_287' title='bbox 1499 4072 1657 4124; x_wconf 89' lang='lat' dir='ltr'>quem</span> <span class='ocrx_word' id='word_1_288' title='bbox 1696 4060 1827 4112; x_wconf 87' lang='lat' dir='ltr'>suae</span> <span class='ocrx_word' id='word_1_289' title='bbox 1861 4059 2146 4114; x_wconf 90' lang='lat' dir='ltr'>electionis</span> <span class='ocrx_word' id='word_1_290' title='bbox 2180 4061 2484 4129; x_wconf 85' lang='lat' dir='ltr'>hujusmodi</span> <span class='ocrx_word' id='word_1_291' title='bbox 2513 4104 2525 4116; x_wconf 92' lang='lat'>.</span> <span class='ocrx_word' id='word_1_292' title='bbox 2556 4104 2569 4117; x_wconf 90' lang='lat'>.</span> <span class='ocrx_word' id='word_1_293' title='bbox 2600 4104 2613 4118; x_wconf 91' lang='lat'>.</span> 
     </span>
     <span class='ocr_line' id='line_1_38' title="bbox 302 4134 2614 4207; baseline 0.003 -18"><span class='ocrx_word' id='word_1_294' title='bbox 302 4134 361 4189; x_wconf 91' lang='lat' dir='ltr'>in</span> <span class='ocrx_word' id='word_1_295' title='bbox 406 4135 679 4189; x_wconf 85' lang='lat' dir='ltr'>discordia</span> <span class='ocrx_word' id='word_1_296' title='bbox 736 4135 1066 4201; x_wconf 87' lang='lat' dir='ltr'>celebratae,</span> <span class='ocrx_word' id='word_1_297' title='bbox 1122 4151 1185 4189; x_wconf 88' lang='lat' dir='ltr'>ac</span> <span class='ocrx_word' id='word_1_298' title='bbox 1239 4150 1503 4202; x_wconf 86' lang='lat' dir='ltr'>personae</span> <span class='ocrx_word' id='word_1_299' title='bbox 1557 4135 1729 4203; x_wconf 89' lang='lat' dir='ltr'>ipsius</span> <span class='ocrx_word' id='word_1_300' title='bbox 1777 4138 2134 4205; x_wconf 86' lang='lat' dir='ltr'>examinatio,</span> <span class='ocrx_word' id='word_1_301' title='bbox 2190 4141 2512 4207; x_wconf 86' lang='lat' dir='ltr'>approbatio</span> <span class='ocrx_word' id='word_1_302' title='bbox 2551 4158 2614 4196; x_wconf 86' lang='lat' dir='ltr'>ac</span> 
     </span>
     <span class='ocr_line' id='line_1_39' title="bbox 302 4213 2198 4284; baseline 0.002 -16"><span class='ocrx_word' id='word_1_303' title='bbox 302 4213 580 4274; x_wconf 88' lang='lat' dir='ltr'>admissio,</span> <span class='ocrx_word' id='word_1_304' title='bbox 615 4215 856 4283; x_wconf 89' lang='lat' dir='ltr'>repulsio</span> <span class='ocrx_word' id='word_1_305' title='bbox 896 4230 1107 4283; x_wconf 86' lang='lat' dir='ltr'>quoque</span> <span class='ocrx_word' id='word_1_306' title='bbox 1146 4231 1210 4268; x_wconf 87' lang='lat' dir='ltr'>ac</span> <span class='ocrx_word' id='word_1_307' title='bbox 1243 4214 1554 4283; x_wconf 88' lang='lat' dir='ltr'>reprobatio</span> <span class='ocrx_word' id='word_1_308' title='bbox 1593 4216 1839 4270; x_wconf 89' lang='lat' dir='ltr'>noscitur</span> <span class='ocrx_word' id='word_1_309' title='bbox 1874 4217 2198 4284; x_wconf 86' lang='lat' dir='ltr'>pertinere.“</span> 
     </span>
     <span class='ocr_line' id='line_1_40' title="bbox 412 4309 2289 4361; baseline -0.002 -10"><span class='ocrx_word' id='word_1_310' title='bbox 412 4309 440 4351; x_wconf 87' lang='lat' dir='ltr'><strong>J</strong></span> <span class='ocrx_word' id='word_1_311' title='bbox 445 4322 676 4361; x_wconf 82' lang='lat' dir='ltr'>ungmann,</span> <span class='ocrx_word' id='word_1_312' title='bbox 703 4309 1060 4351; x_wconf 85' lang='lat' dir='ltr'>Dissertationes.</span> <span class='ocrx_word' id='word_1_313' title='bbox 1113 4310 1237 4352; x_wconf 89' lang='lat' dir='ltr'>Tom.</span> <span class='ocrx_word' id='word_1_314' title='bbox 1264 4309 1345 4350; x_wconf 91' lang='lat' dir='ltr'>VI.</span> <span class='ocrx_word' id='word_1_315' title='bbox 2224 4309 2289 4360; x_wconf 90' lang='lat'>13</span> 
     </span>
    </p>
   </div>
  </div>
 </body>
</html>
