3281 5014
643 462 715 514 34
1225 462 1396 516 XXX.
1434 462 1518 518 Dc
1554 462 1890 518 Pontificatu
1925 462 2196 517 Bonifatii
2218 463 2373 517 VIII.

643 603 949 685 matione,
995 605 1225 668 mirum
1269 627 1403 670 non
1430 608 1552 682 est,
1598 604 2080 668 multitudinem
2125 627 2200 670 ea
2232 628 2394 690 quae
2439 628 2478 669 a
2511 605 2751 669 talibus
2799 606 2951 669 viris

642 698 1114 766 inconsiderate
1170 700 1579 782 dicebantur,
1630 699 1815 765 avide
1866 702 2200 784 accepisse.
2310 703 2415 766 An
2478 723 2627 766 vero
2686 701 2950 767 Bonifa-

643 794 772 859 tius
825 795 1035 879 quoad
1091 796 1592 862 destructionem
1653 798 1932 864 civitatis
1986 798 2159 864 illius
2213 800 2403 864 nimis
2461 821 2679 864 severe
2725 801 2950 883 egerit,

642 891 941 956 dirimere
1004 916 1139 958 non
1198 899 1297 959 est
1350 895 1804 969 necessarium;
1861 899 2034 960 certe
2085 896 2414 980 justitiam
2470 918 2606 961 non
2665 897 2949 970 violavit,

642 987 824 1051 nimii
869 997 1090 1054 tamen
1133 990 1361 1074 rigoris
1407 1012 1445 1054 a
1490 989 1871 1073 quibusdam
1920 991 2291 1056 auctoribus
2337 993 2649 1076 arguitur.

819 1131 923 1197 36.
988 1129 1168 1194 Inter
1227 1131 1577 1196 celebriora
1642 1129 1954 1195 Bonifatii
2014 1136 2197 1216 gesta
2255 1137 2431 1197 certo
2491 1132 2950 1196 recensendum

344 1229 591 1332 Jssbillaffim
644 1230 760 1303 est,
806 1225 976 1311 quod
1022 1249 1195 1291 anno
1230 1228 1398 1290 1300
1429 1225 1723 1313 {ab-ilaei
1767 1228 2062 1314 gl‘fiffiflm'
2107 1250 2221 1293 seu
2270 1229 2704 1312 plenissimam
2749 1228 2951 1293 omni·

401 1321 411 1332 ’
550 1322 559 1330 ’
642 1346 750 1388 um
821 1327 1224 1406 peccatorum
1294 1329 1363 1388 et
1439 1345 1791 1407 poenarum
1859 1324 2114 1388 veniam
2182 1326 2566 1390 concesserit
2631 1323 2949 1401 omnibus,

637 1421 749 1505 qui
795 1421 1200 1503 poenitentes
1262 1425 1329 1484 et
1374 1420 1649 1486 confessi
1698 1418 1942 1485 Romae
1999 1419 2292 1487 basilicas
2337 1422 2797 1505 Apostolorum
2842 1420 2949 1485 de-

637 1520 786 1582 vote
832 1518 1203 1594 visitarent,
1254 1517 1532 1582 Romani
1580 1518 1814 1581 saltem
1860 1518 2165 1602 triginta,
2210 1519 2532 1603 peregrini
2577 1524 2692 1583 aut
2738 1518 2950 1583 foren-

637 1634 738 1678 ses
785 1613 1146 1697 quindecim
1192 1612 1436 1677 diebus
1530 1612 1829 1678 Decrevit
1874 1619 2231 1697 praeterea,
2282 1616 2539 1700 singulo
2585 1637 2756 1679 anno
2804 1637 2953 1679 cen-

637 1711 869 1775 tesimo
909 1709 1267 1795 jubilaeum
1316 1710 1385 1774 in
1428 1700 1605 1774 Urbe
1653 1710 2122 1775 celebrandum.
2199 1709 2391 1776 Bulla
2433 1733 2561 1794 qua
2594 1711 2948 1795 jubilaeum

639 1808 953 1872 concessit
1005 1807 1103 1872 his
1164 1807 1394 1890 incipit
1452 1807 1690 1870 verbis:
1769 1805 2213 1887 Antiqaoram
2273 1806 2461 1872 habet
2511 1805 2646 1888 fida
2700 1806 2949 1886 relatiO,

641 1902 811 1985 quod
868 1901 1313 1968 accedentibus
1374 1901 1461 1967 ad
1514 1900 1954 1968 honorabilem
2018 1902 2353 1968 basilicam
2403 1902 2733 1986 principis
2779 1902 2949 1985 Apo-

639 1998 950 2064 stolorum
1002 1999 1081 2063 de
1125 1999 1284 2063 arbe
1342 2018 1671 2063 concessae
1726 2004 1882 2064 sunt
1934 1999 2346 2064 remissiones
2402 2002 2462 2063 et
2507 1999 2950 2081 indulyentiae

629 2098 1060 2178 peccatorum.
1153 2096 1250 2160 Ex
1308 2097 1408 2160 his
1458 2097 1667 2160 verbis
1714 2098 1986 2181 aliisque
2045 2119 2423 2161 coaevorum
2470 2098 2949 2163 narrationibus

638 2194 1007 2277 conjicitur,
1064 2194 1421 2278 jubilaeum
1482 2215 1521 2257 a
1562 2192 1893 2259 Bonifatio
1927 2191 2106 2258 VIII.
2171 2216 2300 2257 non
2363 2200 2499 2258 tam
2560 2195 2949 2272 institutum,

640 2311 833 2374 quam
879 2291 1253 2355 restitutum
1300 2291 1523 2365 fuisse;
1570 2311 1675 2354 res
1720 2294 1939 2354 tamen
1987 2290 2058 2355 in
2106 2291 2372 2374 ancipiti
2419 2298 2657 2356 manet.
2743 2290 2950 2367 Quum

641 2390 860 2450 autem
931 2386 1187 2470 plurimi
1257 2390 1520 2470 propter
1587 2386 1909 2451 humanae
1980 2388 2151 2451 vitae
2222 2388 2606 2452 brevitatem
2667 2387 2950 2472 jubilaeo

640 2485 795 2548 anni
856 2484 1191 2548 centesimi
1247 2483 1750 2567 frustrarentur,
1812 2490 2039 2568 postea
2093 2483 2388 2550 Clemens
2418 2483 2535 2549 VI.
2592 2484 2951 2569 jubilaeum

640 2581 962 2644 saeculare
1018 2580 1096 2644 ad
1158 2603 1682 2666 unumquemque
1736 2604 1979 2646 annum
2043 2582 2679 2666 quinquagesimum,
2736 2580 2947 2646 Urba-

639 2698 759 2740 nus
790 2676 905 2741 VI.
953 2678 1030 2742 ad
1060 2678 1460 2762 trigesimum
1500 2678 1791 2755 tertium,
1840 2679 2076 2744 Paulus
2109 2677 2190 2742 Π.
2242 2679 2321 2743 ad
2354 2678 2733 2763 vigesimum
2767 2678 2949 2762 quin·

635 2777 775 2836 tum
817 2774 1267 2838 extenderunt.

812 2905 917 2971 37.
962 2895 1411 2971 Necessarium
1459 2928 1592 2971 non
1642 2911 1743 2969 est
1790 2906 1909 2971 hoc
1952 2907 2089 2971 loco
2132 2905 2496 2981 ostendere,
2545 2903 2948 2969 Bonifatium

628 3001 897 3086 jubilaei
945 3003 1354 3068 institutione
1411 3003 1664 3113 optime
1712 3001 1789 3090 de
1803 3002 2130 3090 Ecclesia
2175 3002 2511 3078 meruisse,
2571 3001 2952 3065 uberrimos-

636 3121 761 3183 que
808 3099 958 3164 inde
1007 3100 1366 3164 dimanasse
1414 3100 1591 3163 omni
1621 3104 1913 3183 tempore
1959 3099 2223 3163 fructus.
2303 3098 2556 3175 Quanta
2598 3119 2750 3161 vero
2796 3097 2949 3162 mul·

634 3195 916 3261 titudine
972 3218 1045 3261 ac
1097 3197 1337 3279 pietate
1393 3195 1609 3261 fideles
1666 3217 1743 3259 ex
1802 3195 2040 3260 dissitis
2105 3217 2359 3279 quoque
2401 3194 2771 3279 regionibus
2820 3193 2951 3259 Ro-

634 3315 804 3357 mam
861 3293 1285 3369 accurrerint,
1347 3292 1639 3356 referunt
1699 3292 1873 3356 illius
1929 3292 2235 3374 temporis
2292 3295 2607 3366 auctoreS,
2663 3296 2739 3354 ut
2781 3290 2951 3355 Pau—

635 3390 808 3455 linus
855 3389 1064 3465 Petri,
1122 3395 1189 3453 et
1237 3388 1595 3454 Gulielmus
1627 3387 1953 3464 Ventura,
2012 3386 2305 3452 Estensis
2352 3385 2952 3471 chronographus.¹)

641 3485 1088 3571 Opportunum
1135 3508 1288 3550 vero
1348 3486 1473 3550 erit
1529 3485 1633 3549 hic
1668 3485 2001 3550 Venturae
2060 3484 2496 3549 narrationem
2544 3483 2811 3559 referre,
2876 3503 2952 3546 eo

345 3603 601 3647 Confluxus·
639 3585 739 3648 vel
807 3585 1045 3669 magis,
1125 3582 1293 3666 quod
1365 3581 1444 3646 de
1509 3581 1946 3647 oblationibus
2021 3581 2307 3645 fidelium
2376 3580 2684 3664 quaedam
2759 3579 2955 3643 habet

335 3667 382 3708 ³¹¹
408 3667 582 3710 Urbem‘
640 3681 876 3758 odiosa,
919 3702 1085 3765 quae
1133 3689 1351 3743 tamen
1400 3698 1479 3741 ex
1516 3678 1645 3743 alio
1692 3683 1951 3743 auctore
1997 3678 2239 3761 optime
2290 3676 2707 3760 explicantur.
2789 3674 2955 3757 „No-

637 3782 776 3844 tum
823 3778 1008 3856 facin,
1055 3776 1296 3854 scribit,
1341 3774 1639 3839 omnibus
1670 3774 1963 3840 fidelibus
2007 3773 2391 3849 christianiS‚
2439 3772 2611 3857 quod
2657 3773 2734 3839 de
2781 3795 2954 3837 anno

638 3874 978 3939 millesimo
1053 3872 1507 3938 trecentesimo
1584 3871 1667 3935 ab
1734 3871 2003 3936 Oriente
2074 3877 2141 3935 et
2205 3868 2550 3934 Occidente
2625 3874 2760 3934 tam
2832 3870 2956 3933 viri

638 3995 827 4057 quam
874 3971 1168 4035 mulieres
1215 3990 1295 4032 ex
1326 3969 1503 4033 omni
1545 3989 1782 4052 genere
1828 3967 2198 4044 christianO,
2248 3966 2704 4030 innumerabili
2755 3988 2956 4051 quan-

815 4199 852 4262 ι)
891 4197 997 4251 Cfr.
1039 4196 1215 4262 Tosti‚
1255 4197 1318 4251 T.
1356 4197 1429 4249 II.
1468 4194 1813 4258 Documenti,
1851 4192 1994 4247 Nota
2030 4193 2091 4245 E.
