3281 5014
1312 459 1623 514 Alexander
1648 458 1742 511 VI.
2573 457 2677 511 445

364 627 476 671 cae
543 623 851 688 magnum
918 598 1201 663 ostendit
1269 598 1646 684 vigoremff)
1700 578 1817 645 ·—-⁷
1863 599 1990 665 Sed
2047 606 2477 683 opportunum
2546 621 2677 664 esse

356 701 616 768 ‚videtur
688 700 903 783 aliqua
974 695 1483 761 animadvertere
1549 696 1761 780 quoad
1825 695 2083 760 Bullam
2151 693 2340 759 Inter
2407 699 2677 773 caetera,
2697 691 2924 796 Imssffa

366 801 629 882 propter
689 817 883 880 quam
944 793 1251 858 Pontifex
1313 815 1350 856 a
1411 791 1934 857 Protestantibus
1997 798 2062 856 et
2121 792 2466 856 incredulis
2527 814 2681 857 scri-

368 894 653 977 ptoribus
714 890 1291 955 vehementissimis
1350 889 1653 953 conviciis
1719 884 2133 973 impetitur&
2240 888 2447 965 Quum
2510 888 2680 953 vide·

366 991 519 1054 licet
570 990 746 1054 inter
798 990 990 1069 reges
1037 984 1415 1050 Lusitaniae
1473 991 1539 1050 et
1597 985 1949 1069 Hispaniae
2006 991 2221 1050 ortum
2276 990 2444 1050 esset
2499 986 2683 1050 dissi-

362 1087 541 1150 dium
588 1086 665 1150 de
709 1084 1186 1167 exploratarum
1229 1086 1294 1146 et
1340 1082 1875 1165 explorandarum
1917 1083 2253 1166 regionum
2301 1083 2452 1146 novi
2495 1081 2685 1147 Orbis

356 1186 508 1268 jure
571 1187 638 1248 et
695 1180 1131 1265 possessione,
1193 1178 1564 1243 Alexander
1614 1177 1733 1242 VI.
1811 1200 1924 1262 per
1981 1177 2237 1243 Bullam
2301 1176 2490 1243 Inter
2551 1198 2684 1243 cae-

365 1283 506 1343 tera
553 1301 607 1342 a.
662 1279 828 1342 1493
875 1276 1054 1340 litem
1116 1277 1211 1340 ita
1268 1276 1656 1358 composuit,
1714 1280 1788 1340 ut
1843 1297 1954 1339 rex
2005 1274 2357 1358 Hispaniae
2403 1275 2687 1340 occiden-

363 1377 565 1440 talem
629 1378 695 1439 et
753 1395 868 1437 rex
925 1371 1301 1436 Lusitaniae
1361 1372 1742 1436 orientalem
1805 1376 2052 1455 partem
2116 1372 2336 1436 circuli
2397 1372 2684 1448 indicati,

365 1473 512 1556 (per
562 1471 797 1535 lineam
847 1469 927 1532 ab
974 1466 1344 1532 Alexandro
1402 1467 1482 1530 ab
1529 1490 1662 1532 uno
1722 1467 1868 1551 polo
1914 1467 1993 1531 ad
2052 1467 2328 1532 alterum
2376 1467 2685 1553 ductam,)

366 1568 663 1643 haberet,
728 1587 803 1630 ea
858 1570 1078 1628 tamen
1134 1564 1300 1647 lege,
1358 1568 1432 1627 ut
1490 1563 1678 1627 ambo
1733 1583 1916 1647 reges
1971 1565 2041 1628 in
2101 1566 2425 1647 occupatis
2484 1567 2685 1650 regio·

369 1665 559 1729 nibus
622 1661 1004 1726 catholicam
1071 1659 1259 1723 fidem
1327 1659 1805 1744 propagandam
1865 1666 2186 1725 curarent.
2301 1659 2406 1724 De
2457 1664 2686 1726 nostra

367 1778 547 1825 mera
596 1755 986 1823 liberalitate
1030 1759 1091 1820 et
1136 1775 1217 1819 ex
1263 1758 1438 1820 certa
1482 1753 1776 1833 scientia,
1821 1774 1898 1819 ac
1943 1755 2018 1821 de
2065 1754 2472 1838 Apostolicae
2508 1761 2684 1838 pote-

364 1856 558 1921 statis
616 1852 1026 1938 plenitudine
1089 1872 1303 1916 omnes
1366 1850 1624 1917 insulas
1687 1854 1748 1915 et
1815 1854 2029 1916 terras
2095 1851 2324 1933 firmas
2387 1852 2688 1918 inventas

367 1958 429 2018 et
486 1950 941 2029 inveniendas,
1007 1949 1283 2013 detectas
1339 1952 1401 2013 et
1459 1946 1844 2030 deteyendas
1905 1968 2131 2015 versus
2187 1947 2569 2014 occidentem
2629 1954 2689 2013 et

364 2047 729 2128 meridiem,
790 2045 1178 2129 fabricando
1250 2049 1311 2109 et
1374 2044 1801 2110 construendo
1870 2065 2074 2110 unam
2139 2044 2379 2110 lineam
2440 2066 2481 2110 a
2535 2046 2687 2129 polo

367 2145 609 2211 arctico
620 2194 638 2225 ,
699 2143 939 2209 scilicet
991 2141 1469 2225 septemtrione,
1532 2141 1617 2206 ad
1667 2141 1896 2224 polum
1950 2142 2385 2208 antarcticum
2449 2143 2689 2214 seilicet

367 2241 730 2321 meridiem,
790 2288 804 2304 .
852 2290 865 2303 .
919 2291 933 2303 .
983 2259 1147 2321 quae
1203 2237 1377 2303 linea
1432 2237 1626 2302 distet
1681 2258 1722 2302 a
1769 2238 2055 2320 qualibet
2099 2239 2475 2304 insularum
2522 2260 2687 2322 quae

368 2337 734 2420 vulqariter
776 2339 1253 2418 nuncupantur
1296 2335 1372 2399 de
1418 2334 1512 2399 los
1557 2334 1803 2399 Azores
1846 2356 1893 2417 y
1944 2333 2111 2401 C'abo
2155 2335 2376 2415 verde,
2433 2340 2686 2402 centum

369 2434 569 2500 leucis
615 2454 842 2499 versus
888 2432 1272 2497 occidentem
1318 2435 1378 2496 et
1424 2431 1778 2512 meridiem,
1820 2431 1920 2497 ita
1966 2431 2134 2515 quod
2180 2452 2394 2497 omnes
2432 2432 2690 2498 insulae

367 2537 431 2596 et
477 2536 692 2599 terrae
734 2530 964 2611 firmae
1008 2534 1300 2613 repertae
1344 2533 1404 2593 et
1444 2527 1890 2612 reperiendae,
1953 2529 2229 2594 detectae
2282 2532 2343 2593 et
2395 2529 2688 2612 deteqen-

370 2629 507 2708 dae,
576 2649 617 2694 a
673 2627 989 2711 praefata
1058 2625 1232 2692 linea
1300 2646 1526 2690 versas
1596 2625 1978 2691 occidentem
2048 2620 2108 2690 et
2178 2625 2510 2691 meridiem
2564 2646 2690 2708 per

370 2724 579 2790 alium
639 2745 850 2807 reyem
905 2724 1002 2789 vel
1054 2721 1422 2807 principem
1480 2721 1918 2789 christianum
1968 2742 2101 2787 non
2153 2721 2412 2804 fuerint
2470 2727 2689 2788 actua-

372 2820 524 2885 liter
566 2840 899 2904 possessae
953 2840 1156 2901 usque
1212 2818 1299 2884 ad
1356 2816 1524 2883 diem
1578 2817 1955 2883 nativitatis
1999 2817 2082 2882 N.
2131 2817 2217 2882 D.
2263 2818 2327 2884 J.
2379 2817 2490 2884 Oh.
2534 2839 2687 2901 pro·

344 2916 548 2981 -oeime
588 2916 1048 3000 praeteritum,
1095 2966 1108 2980 .
1158 2967 1170 2979 .
1218 2966 1230 2980 .
1286 2914 1545 2996 quando
1596 2913 1856 2997 fuerint
1900 2935 2027 2997 per
2078 2913 2348 2980 nuntios
2401 2919 2463 2979 et
2516 2915 2687 2996 capi-

372 3017 595 3078 taneos
622 3018 867 3079 vestros
896 3012 1198 3078 inventae
1229 3010 1491 3092 aliquae
1510 3009 2011 3093 praedictarum
2040 3010 2437 3092 insularum,
2471 3016 2686 3078 aucto·

553 3252 594 3319 ¹)
632 3252 719 3305 Ad
755 3268 871 3308 rem
908 3253 1155 3307 Hfibner:
1211 3253 1417 3320 „Apres
1457 3253 1597 3307 Paul
1640 3252 1702 3305 ΙΙ
1739 3266 2045 3306 commence
2088 3250 2337 3320 l’epoque
2385 3253 2481 3308 des
2523 3271 2688 3323 papes

373 3331 697 3402 politiques,
754 3332 849 3385 des
910 3330 1063 3386 Sixte
1112 3332 1219 3397 IV,
1276 3331 1372 3386 des
1417 3331 1687 3386 Innocent
1719 3330 1889 3397 VIII,
1949 3330 2045 3384 des
2090 3329 2397 3385 Alexandre
2432 3333 2537 3398 VI,
2595 3336 2690 3388 des

373 3412 532 3466 Jules
570 3410 646 3475 11,
686 3410 779 3465 des
820 3409 1068 3465 Clement
1095 3410 1219 3463 VII.
1276 3410 1399 3464 Non
1439 3410 1705 3478 qu’aucun
1744 3409 1904 3463 d'eux
1942 3409 2023 3462 ait
2059 3412 2323 3463 meconnu
2360 3425 2429 3463 ou
2464 3411 2689 3480 neglige

376 3490 797 3557 completement
844 3503 931 3543 ses
979 3489 1198 3543 devoirs
1246 3490 1312 3543 de
1333 3531 1336 3534 .
1358 3488 1487 3543 chef
1531 3490 1596 3542 de
1632 3487 1868 3556 l’Eglise
1913 3492 1970 3542 et
2006 3487 2071 3541 de
2110 3487 2338 3556 gardien
2386 3488 2452 3542 de
2489 3488 2545 3541 la
2581 3489 2687 3544 foi:

376 3568 690 3623 Alexandre
715 3565 817 3632 VI,
866 3566 931 3621 de
967 3568 1131 3622 triste
1167 3566 1448 3633 memoire,
1495 3566 1708 3634 passait
1740 3566 2017 3621 lui-meme
2054 3565 2226 3634 parmi
2261 3566 2343 3620 les
2382 3572 2691 3637 contempo-

375 3647 527 3701 rains
573 3661 709 3713 pour
757 3661 831 3698 un
869 3646 1049 3714 grand
1084 3660 1239 3713 pape.
1312 3645 1607 3701 L'histoire
1658 3647 1724 3701 de
1771 3660 1872 3699 son
1914 3647 2085 3713 regne
2133 3644 2249 3712 (qui
2293 3652 2379 3699 est
2424 3660 2620 3702 encore
2657 3650 2690 3701 a

376 3725 602 3792 ecrite),
648 3723 767 3777 doit
803 3739 939 3777 nous
978 3726 1094 3778 etre
1138 3739 1414 3791 parvenue
1451 3724 1566 3779 fort
1602 3724 1921 3789 denaturee,
1971 3740 2040 3777 ou
2084 3723 2208 3777 bien
2253 3723 2305 3777 16
2353 3740 2478 3779 sens
2514 3727 2691 3780 moral

378 3804 445 3859 de
499 3808 646 3858 cette
692 3802 1011 3871 generation
1060 3803 1201 3857 etait
1246 3802 1699 3871 singulierement
1743 3802 2012 3870 perverti,
2069 3801 2504 3870 puisqu'Arioste
2552 3804 2688 3859 dans

377 3890 477 3928 son
523 3877 713 3941 poeme
752 3872 935 3941 publie
984 3888 1112 3927 sous
1160 3873 1309 3927 Leon
1345 3873 1396 3926 X
1444 3879 1501 3928 et
1547 3874 1617 3927 du
1663 3874 1859 3926 vivant
1904 3874 1970 3927 de
2007 3871 2242 3927 Lucrece
2281 3873 2491 3942 Borgia
2538 3890 2570 3928 a
2614 3892 2688 3943 pu

375 3952 619 4007 celebrer
642 3951 694 4005 16
721 3967 843 4005 nom
881 3950 947 4006 de
979 3951 1197 4006 celle-la
1230 3966 1357 4005 sans
1394 3951 1620 4006 froisser
1656 3952 1711 4005 la
1737 3951 2053 4006 conscience
2090 3950 2395 4019 publique.“
2438 3953 2592 4007 Sixte
2618 3954 2686 4011 V.

377 4030 760 4085 Introduction
796 4029 894 4084 IV.

555 4108 599 4175 ²)
648 4109 712 4163 Ε.
751 4125 805 4178 g.
846 4108 1198 4163 MarmonteL:
1255 4108 1367 4176 „De
1416 4113 1543 4163 tous
1592 4110 1675 4165 les
1712 4108 1905 4163 crimes
1954 4109 2049 4163 des
2095 4108 2302 4177 Borgia
2347 4113 2493 4165 cette
2542 4110 2688 4166 bulle

375 4186 465 4242 fut
500 4187 553 4242 16
589 4187 713 4254 plus
750 4187 973 4256 grand.“
1048 4187 1155 4242 Les
1191 4187 1371 4254 Inoas,
1408 4187 1653 4254 Preface‚
1692 4204 1743 4256 p.
1781 4187 2011 4242 XXVII.

2891 761 3012 795 eleru-
