<?xml version="1.0" encoding="UTF-8"?>
<!DOCTYPE html PUBLIC "-//W3C//DTD XHTML 1.0 Transitional//EN"
    "http://www.w3.org/TR/xhtml1/DTD/xhtml1-transitional.dtd">
<html xmlns="http://www.w3.org/1999/xhtml" xml:lang="en" lang="en">
 <head>
  <title>
</title>
<meta http-equiv="Content-Type" content="text/html;charset=utf-8" />
  <meta name='ocr-system' content='tesseract 3.04.00' />
  <meta name='ocr-capabilities' content='ocr_page ocr_carea ocr_par ocr_line ocrx_word'/>
</head>
<body>
  <div class='ocr_page' id='page_1' title='image "./dissertationess05junggoog_0463.png"; bbox 0 0 3281 5014; ppageno 0'>
   <div class='ocr_carea' id='block_1_1' title="bbox 1076 374 2669 432">
    <p class='ocr_par' dir='ltr' id='par_1_1' title="bbox 1076 374 2669 432">
     <span class='ocr_line' id='line_1_1' title="bbox 1076 374 2669 432; baseline -0.005 0"><span class='ocrx_word' id='word_1_1' title='bbox 1076 380 1159 432; x_wconf 91' lang='lat' dir='ltr'>De</span> <span class='ocrx_word' id='word_1_2' title='bbox 1198 375 1439 432; x_wconf 83' lang='lat' dir='ltr'>Concilio</span> <span class='ocrx_word' id='word_1_3' title='bbox 1477 378 1835 432; x_wconf 83' lang='lat' dir='ltr'>Lateranensi</span> <span class='ocrx_word' id='word_1_4' title='bbox 1860 377 1926 431; x_wconf 91' lang='lat' dir='ltr'>V.</span> <span class='ocrx_word' id='word_1_5' title='bbox 2566 374 2669 425; x_wconf 84' lang='lat'>457</span> 
     </span>
    </p>
   </div>
   <div class='ocr_carea' id='block_1_2' title="bbox 355 517 2677 3315">
    <p class='ocr_par' dir='ltr' id='par_1_2' title="bbox 358 517 2671 703">
     <span class='ocr_line' id='line_1_2' title="bbox 360 517 2671 599; baseline -0.003 -13"><span class='ocrx_word' id='word_1_6' title='bbox 360 520 697 586; x_wconf 82' lang='lat' dir='ltr'>modolibet</span> <span class='ocrx_word' id='word_1_7' title='bbox 763 524 1090 599; x_wconf 76' lang='lat' dir='ltr'>contenta,</span> <span class='ocrx_word' id='word_1_8' title='bbox 1160 519 1411 585; x_wconf 74' lang='lat' dir='ltr'>inserta</span> <span class='ocrx_word' id='word_1_9' title='bbox 1472 522 1613 598; x_wconf 66' lang='lat' dir='ltr'>eta,</span> <span class='ocrx_word' id='word_1_10' title='bbox 1685 519 1929 583; x_wconf 86' lang='lat' dir='ltr'>indicta</span> <span class='ocrx_word' id='word_1_11' title='bbox 1991 517 2671 583; x_wconf 77' lang='lat' dir='ltr'>excommunicationis</span> 
     </span>
     <span class='ocr_line' id='line_1_3' title="bbox 358 619 1040 704; baseline -0.003 -20"><span class='ocrx_word' id='word_1_12' title='bbox 358 641 567 703; x_wconf 87' lang='lat' dir='ltr'>poena</span> <span class='ocrx_word' id='word_1_13' title='bbox 612 619 960 704; x_wconf 87' lang='lat' dir='ltr'>damnavit.</span> <span class='ocrx_word' id='word_1_14' title='bbox 1037 690 1040 691; x_wconf 9' lang='grc' dir='ltr'><em>γ</em></span> 
     </span>
    </p>

    <p class='ocr_par' dir='ltr' id='par_1_3' title="bbox 355 711 2677 3315">
     <span class='ocr_line' id='line_1_4' title="bbox 377 711 2672 803; baseline -0.002 -24"><span class='ocrx_word' id='word_1_15' title='bbox 377 784 386 789; x_wconf 57' lang='lat'><em>„</em></span> <span class='ocrx_word' id='word_1_16' title='bbox 538 716 640 779; x_wconf 90' lang='lat'>67.</span> <span class='ocrx_word' id='word_1_17' title='bbox 718 714 897 791; x_wconf 85' lang='lat' dir='ltr'>Quod</span> <span class='ocrx_word' id='word_1_18' title='bbox 966 714 1044 779; x_wconf 89' lang='lat' dir='ltr'>ad</span> <span class='ocrx_word' id='word_1_19' title='bbox 1112 711 1524 803; x_wconf 75' lang='lat' dir='ltr'>disciplinam</span> <span class='ocrx_word' id='word_1_20' title='bbox 1592 732 1659 776; x_wconf 82' lang='lat' dir='ltr'>ec</span> <span class='ocrx_word' id='word_1_21' title='bbox 1661 711 2082 776; x_wconf 81' lang='lat' dir='ltr'>clesiasticam</span> <span class='ocrx_word' id='word_1_22' title='bbox 2149 716 2427 796; x_wconf 86' lang='lat' dir='ltr'>spectat,</span> <span class='ocrx_word' id='word_1_23' title='bbox 2496 711 2672 776; x_wconf 89' lang='lat' dir='ltr'>varia</span> 
     </span>
     <span class='ocr_line' id='line_1_5' title="bbox 360 799 2671 895; baseline -0.002 -18"><span class='ocrx_word' id='word_1_24' title='bbox 360 813 617 877; x_wconf 90' lang='lat' dir='ltr'>decreta</span> <span class='ocrx_word' id='word_1_25' title='bbox 677 817 850 878; x_wconf 90' lang='lat' dir='ltr'>sunt.</span> <span class='ocrx_word' id='word_1_26' title='bbox 959 809 1062 876; x_wconf 87' lang='lat' dir='ltr'>Sic</span> <span class='ocrx_word' id='word_1_27' title='bbox 1125 812 1192 874; x_wconf 90' lang='lat' dir='ltr'>in</span> <span class='ocrx_word' id='word_1_28' title='bbox 1241 799 1537 875; x_wconf 77' lang='lat' dir='ltr'>sessione</span> <span class='ocrx_word' id='word_1_29' title='bbox 1594 810 1850 895; x_wconf 88' lang='lat' dir='ltr'>quinta,</span> <span class='ocrx_word' id='word_1_30' title='bbox 1922 809 2023 873; x_wconf 89' lang='lat' dir='ltr'>die</span> <span class='ocrx_word' id='word_1_31' title='bbox 2093 807 2201 873; x_wconf 84' lang='lat'>160</span> <span class='ocrx_word' id='word_1_32' title='bbox 2262 807 2450 874; x_wconf 83' lang='lat' dir='ltr'><strong>Febr.</strong></span> <span class='ocrx_word' id='word_1_33' title='bbox 2514 808 2671 873; x_wconf 88' lang='lat' dir='ltr'>anni</span> 
     </span>
     <span class='ocr_line' id='line_1_6' title="bbox 365 903 2669 993; baseline -0.002 -20"><span class='ocrx_word' id='word_1_34' title='bbox 365 912 558 987; x_wconf 86' lang='lat'>1513,</span> <span class='ocrx_word' id='word_1_35' title='bbox 612 909 891 993; x_wconf 87' lang='lat' dir='ltr'>diploma</span> <span class='ocrx_word' id='word_1_36' title='bbox 946 908 1345 993; x_wconf 87' lang='lat' dir='ltr'>pontificium</span> <span class='ocrx_word' id='word_1_37' title='bbox 1401 906 1559 971; x_wconf 82' lang='lat' dir='ltr'>Julii</span> <span class='ocrx_word' id='word_1_38' title='bbox 1618 905 1703 972; x_wconf 90' lang='lat' dir='ltr'>II.</span> <span class='ocrx_word' id='word_1_39' title='bbox 1762 906 2236 990; x_wconf 86' lang='lat' dir='ltr'>promulgatum</span> <span class='ocrx_word' id='word_1_40' title='bbox 2295 910 2361 969; x_wconf 90' lang='lat' dir='ltr'>et</span> <span class='ocrx_word' id='word_1_41' title='bbox 2420 927 2454 969; x_wconf 87' lang='lat' dir='ltr'>a</span> <span class='ocrx_word' id='word_1_42' title='bbox 2501 903 2669 969; x_wconf 83' lang='lat' dir='ltr'>Con·</span> 
     </span>
     <span class='ocr_line' id='line_1_7' title="bbox 360 1001 2673 1090; baseline -0.003 -19"><span class='ocrx_word' id='word_1_43' title='bbox 360 1007 503 1072; x_wconf 91' lang='lat' dir='ltr'>cilio</span> <span class='ocrx_word' id='word_1_44' title='bbox 574 1006 991 1090; x_wconf 87' lang='lat' dir='ltr'>approbatum</span> <span class='ocrx_word' id='word_1_45' title='bbox 1059 1005 1220 1082; x_wconf 87' lang='lat' dir='ltr'>fuit,</span> <span class='ocrx_word' id='word_1_46' title='bbox 1293 1025 1421 1087; x_wconf 91' lang='lat' dir='ltr'>quo</span> <span class='ocrx_word' id='word_1_47' title='bbox 1491 1002 1847 1089; x_wconf 84' lang='lat' dir='ltr'>simoniaca</span> <span class='ocrx_word' id='word_1_48' title='bbox 1902 1003 2186 1089; x_wconf 82' lang='lat' dir='ltr'>pravitas</span> <span class='ocrx_word' id='word_1_49' title='bbox 2251 1002 2319 1066; x_wconf 89' lang='lat' dir='ltr'>in</span> <span class='ocrx_word' id='word_1_50' title='bbox 2393 1001 2673 1065; x_wconf 85' lang='lat' dir='ltr'>Romani</span> 
     </span>
     <span class='ocr_line' id='line_1_8' title="bbox 358 1086 2675 1184; baseline -0.003 -16"><span class='ocrx_word' id='word_1_51' title='bbox 358 1102 695 1169; x_wconf 88' lang='lat' dir='ltr'>Pontificis</span> <span class='ocrx_word' id='word_1_52' title='bbox 754 1104 1064 1168; x_wconf 78' lang='lat' dir='ltr'>electione</span> <span class='ocrx_word' id='word_1_53' title='bbox 1125 1099 1495 1175; x_wconf 89' lang='lat' dir='ltr'>damnatur,</span> <span class='ocrx_word' id='word_1_54' title='bbox 1567 1086 1796 1164; x_wconf 77' lang='lat' dir='ltr'>electio</span> <span class='ocrx_word' id='word_1_55' title='bbox 1859 1122 2024 1184; x_wconf 87' lang='lat' dir='ltr'>quae</span> <span class='ocrx_word' id='word_1_56' title='bbox 2085 1099 2429 1164; x_wconf 83' lang='lat' dir='ltr'>simoniace</span> <span class='ocrx_word' id='word_1_57' title='bbox 2489 1099 2675 1163; x_wconf 90' lang='lat' dir='ltr'>fieret</span> 
     </span>
     <span class='ocr_line' id='line_1_9' title="bbox 359 1182 2672 1284; baseline -0.003 -20"><span class='ocrx_word' id='word_1_58' title='bbox 359 1201 543 1265; x_wconf 89' lang='lat' dir='ltr'>irrita</span> <span class='ocrx_word' id='word_1_59' title='bbox 611 1182 1102 1284; x_wconf 87' lang='lat' dir='ltr'>pronuntiatur,</span> <span class='ocrx_word' id='word_1_60' title='bbox 1174 1197 1543 1263; x_wconf 87' lang='lat' dir='ltr'>Cardinales</span> <span class='ocrx_word' id='word_1_61' title='bbox 1612 1196 1705 1260; x_wconf 90' lang='lat' dir='ltr'>sic</span> <span class='ocrx_word' id='word_1_62' title='bbox 1769 1196 2084 1282; x_wconf 79' lang='lat' dir='ltr'>eligentes</span> <span class='ocrx_word' id='word_1_63' title='bbox 2154 1203 2220 1260; x_wconf 91' lang='lat' dir='ltr'>et</span> <span class='ocrx_word' id='word_1_64' title='bbox 2289 1195 2672 1279; x_wconf 89' lang='lat' dir='ltr'>quicumque</span> 
     </span>
     <span class='ocr_line' id='line_1_10' title="bbox 360 1284 2674 1378; baseline -0.003 -16"><span class='ocrx_word' id='word_1_65' title='bbox 360 1284 626 1362; x_wconf 87' lang='lat' dir='ltr'>consilio</span> <span class='ocrx_word' id='word_1_66' title='bbox 691 1297 789 1360; x_wconf 91' lang='lat' dir='ltr'>vel</span> <span class='ocrx_word' id='word_1_67' title='bbox 858 1295 1098 1360; x_wconf 88' lang='lat' dir='ltr'>auxilio</span> <span class='ocrx_word' id='word_1_68' title='bbox 1172 1296 1546 1359; x_wconf 83' lang='lat' dir='ltr'>electionem</span> <span class='ocrx_word' id='word_1_69' title='bbox 1619 1294 1799 1357; x_wconf 88' lang='lat' dir='ltr'>illam</span> <span class='ocrx_word' id='word_1_70' title='bbox 1870 1296 2374 1378; x_wconf 85' lang='lat' dir='ltr'>promovissent,</span> <span class='ocrx_word' id='word_1_71' title='bbox 2452 1292 2674 1376; x_wconf 88' lang='lat' dir='ltr'>poenis</span> 
     </span>
     <span class='ocr_line' id='line_1_11' title="bbox 360 1386 2673 1476; baseline -0.003 -18"><span class='ocrx_word' id='word_1_72' title='bbox 360 1394 681 1458; x_wconf 89' lang='lat' dir='ltr'>canonicis</span> <span class='ocrx_word' id='word_1_73' title='bbox 755 1391 1416 1476; x_wconf 60' lang='lat' dir='ltr'>subjiciuntur.)ae—-</span> <span class='ocrx_word' id='word_1_74' title='bbox 1486 1386 1788 1454; x_wconf 88' lang='lat' dir='ltr'>Sessione</span> <span class='ocrx_word' id='word_1_75' title='bbox 1860 1391 2131 1467; x_wconf 89' lang='lat' dir='ltr'>decima,</span> <span class='ocrx_word' id='word_1_76' title='bbox 2203 1390 2303 1454; x_wconf 90' lang='lat' dir='ltr'>die</span> <span class='ocrx_word' id='word_1_77' title='bbox 2375 1388 2447 1454; x_wconf 87' lang='lat'>4⁰</span> <span class='ocrx_word' id='word_1_78' title='bbox 2514 1389 2673 1473; x_wconf 86' lang='lat' dir='ltr'>Maji</span> 
     </span>
     <span class='ocr_line' id='line_1_12' title="bbox 355 1486 2673 1572; baseline -0.002 -18"><span class='ocrx_word' id='word_1_79' title='bbox 355 1491 518 1561; x_wconf 83' lang='lat' dir='ltr'>anni</span> <span class='ocrx_word' id='word_1_80' title='bbox 582 1489 775 1572; x_wconf 90' lang='lat'>1515,</span> <span class='ocrx_word' id='word_1_81' title='bbox 834 1488 965 1554; x_wconf 90' lang='lat' dir='ltr'>Leo</span> <span class='ocrx_word' id='word_1_82' title='bbox 1011 1487 1096 1553; x_wconf 89' lang='lat' dir='ltr'>X.</span> <span class='ocrx_word' id='word_1_83' title='bbox 1156 1486 1707 1553; x_wconf 84' lang='lat' dir='ltr'>Constitutionem</span> <span class='ocrx_word' id='word_1_84' title='bbox 1762 1488 1993 1565; x_wconf 84' lang='lat' dir='ltr'>edidit,</span> <span class='ocrx_word' id='word_1_85' title='bbox 2048 1510 2177 1572; x_wconf 89' lang='lat' dir='ltr'>qua</span> <span class='ocrx_word' id='word_1_86' title='bbox 2235 1492 2486 1551; x_wconf 88' lang='lat' dir='ltr'>montes</span> <span class='ocrx_word' id='word_1_87' title='bbox 2539 1487 2673 1570; x_wconf 90' lang='lat' dir='ltr'>pie·</span> 
     </span>
     <span class='ocr_line' id='line_1_13' title="bbox 360 1583 2677 1670; baseline -0.003 -18"><span class='ocrx_word' id='word_1_88' title='bbox 360 1587 517 1652; x_wconf 89' lang='lat' dir='ltr'>tatis</span> <span class='ocrx_word' id='word_1_89' title='bbox 582 1586 995 1670; x_wconf 82' lang='lat' dir='ltr'>approbavit,</span> <span class='ocrx_word' id='word_1_90' title='bbox 1071 1593 1135 1650; x_wconf 87' lang='lat' dir='ltr'>et</span> <span class='ocrx_word' id='word_1_91' title='bbox 1210 1586 1401 1651; x_wconf 88' lang='lat' dir='ltr'>aliam</span> <span class='ocrx_word' id='word_1_92' title='bbox 1472 1584 2019 1654; x_wconf 86' lang='lat' dir='ltr'>Constitutionem</span> <span class='ocrx_word' id='word_1_93' title='bbox 2044 1632 2059 1661; x_wconf 91' lang='lat'>,</span> <span class='ocrx_word' id='word_1_94' title='bbox 2138 1606 2266 1667; x_wconf 88' lang='lat' dir='ltr'>qua</span> <span class='ocrx_word' id='word_1_95' title='bbox 2334 1583 2533 1647; x_wconf 91' lang='lat' dir='ltr'>libros</span> <span class='ocrx_word' id='word_1_96' title='bbox 2610 1586 2677 1646; x_wconf 89' lang='lat' dir='ltr'>et</span> 
     </span>
     <span class='ocr_line' id='line_1_14' title="bbox 361 1678 2673 1767; baseline -0.003 -18"><span class='ocrx_word' id='word_1_97' title='bbox 361 1684 596 1766; x_wconf 87' lang='lat' dir='ltr'>scripta</span> <span class='ocrx_word' id='word_1_98' title='bbox 669 1682 791 1748; x_wconf 90' lang='lat' dir='ltr'>nisi</span> <span class='ocrx_word' id='word_1_99' title='bbox 859 1686 1053 1747; x_wconf 87' lang='lat' dir='ltr'>antea</span> <span class='ocrx_word' id='word_1_100' title='bbox 1127 1683 1411 1767; x_wconf 88' lang='lat' dir='ltr'>legitime</span> <span class='ocrx_word' id='word_1_101' title='bbox 1477 1684 1758 1750; x_wconf 91' lang='lat' dir='ltr'>discussa</span> <span class='ocrx_word' id='word_1_102' title='bbox 1827 1688 1893 1747; x_wconf 90' lang='lat' dir='ltr'>et</span> <span class='ocrx_word' id='word_1_103' title='bbox 1965 1680 2320 1765; x_wconf 84' lang='lat' dir='ltr'>approbata</span> <span class='ocrx_word' id='word_1_104' title='bbox 2396 1678 2673 1763; x_wconf 86' lang='lat' dir='ltr'>imprimi</span> 
     </span>
     <span class='ocr_line' id='line_1_15' title="bbox 362 1774 2673 1865; baseline -0.003 -21"><span class='ocrx_word' id='word_1_105' title='bbox 362 1782 588 1846; x_wconf 87' lang='lat' dir='ltr'>vetuit.</span> <span class='ocrx_word' id='word_1_106' title='bbox 662 1816 748 1825; x_wconf 93' lang='lat'>—</span> <span class='ocrx_word' id='word_1_107' title='bbox 795 1778 994 1844; x_wconf 90' lang='lat' dir='ltr'>Varia</span> <span class='ocrx_word' id='word_1_108' title='bbox 1068 1782 1325 1845; x_wconf 88' lang='lat' dir='ltr'>decreta</span> <span class='ocrx_word' id='word_1_109' title='bbox 1394 1787 1552 1846; x_wconf 90' lang='lat' dir='ltr'>sunt</span> <span class='ocrx_word' id='word_1_110' title='bbox 1621 1783 1692 1847; x_wconf 91' lang='lat' dir='ltr'>in</span> <span class='ocrx_word' id='word_1_111' title='bbox 1770 1779 2061 1865; x_wconf 89' lang='lat' dir='ltr'>pluribus</span> <span class='ocrx_word' id='word_1_112' title='bbox 2129 1775 2525 1842; x_wconf 85' lang='lat' dir='ltr'>sessionibus</span> <span class='ocrx_word' id='word_1_113' title='bbox 2597 1774 2673 1839; x_wconf 92' lang='lat' dir='ltr'>de</span> 
     </span>
     <span class='ocr_line' id='line_1_16' title="bbox 360 1871 2674 1960; baseline -0.003 -19"><span class='ocrx_word' id='word_1_114' title='bbox 360 1875 825 1960; x_wconf 76' lang='lat' dir='ltr'>reformatione</span> <span class='ocrx_word' id='word_1_115' title='bbox 876 1876 1197 1941; x_wconf 84' lang='lat' dir='ltr'>Ecclesiae</span> <span class='ocrx_word' id='word_1_116' title='bbox 1254 1877 1439 1943; x_wconf 88' lang='lat' dir='ltr'>valde</span> <span class='ocrx_word' id='word_1_117' title='bbox 1495 1880 1714 1955; x_wconf 81' lang='lat' dir='ltr'>utilia3</span> <span class='ocrx_word' id='word_1_118' title='bbox 1777 1882 2068 1943; x_wconf 86' lang='lat' dir='ltr'>attamen</span> <span class='ocrx_word' id='word_1_119' title='bbox 2124 1873 2456 1959; x_wconf 86' lang='lat' dir='ltr'>negotium</span> <span class='ocrx_word' id='word_1_120' title='bbox 2517 1871 2674 1936; x_wconf 92' lang='lat' dir='ltr'>illud</span> 
     </span>
     <span class='ocr_line' id='line_1_17' title="bbox 362 1969 2673 2058; baseline -0.003 -20"><span class='ocrx_word' id='word_1_121' title='bbox 362 1969 772 2039; x_wconf 41' lang='lat' dir='ltr'>afdfiiiiii&#39;ssc&#39;</span> <span class='ocrx_word' id='word_1_122' title='bbox 821 1974 1047 2037; x_wconf 91' lang='lat' dir='ltr'>summi</span> <span class='ocrx_word' id='word_1_123' title='bbox 1110 1977 1417 2038; x_wconf 89' lang='lat' dir='ltr'>momenti</span> <span class='ocrx_word' id='word_1_124' title='bbox 1485 1999 1617 2041; x_wconf 91' lang='lat' dir='ltr'>non</span> <span class='ocrx_word' id='word_1_125' title='bbox 1682 1997 1757 2040; x_wconf 91' lang='lat' dir='ltr'>eo</span> <span class='ocrx_word' id='word_1_126' title='bbox 1815 1977 2176 2058; x_wconf 90' lang='lat' dir='ltr'>promotum</span> <span class='ocrx_word' id='word_1_127' title='bbox 2238 1976 2340 2035; x_wconf 90' lang='lat' dir='ltr'>est</span> <span class='ocrx_word' id='word_1_128' title='bbox 2403 1970 2673 2050; x_wconf 84' lang='lat' dir='ltr'>fervore,</span> 
     </span>
     <span class='ocr_line' id='line_1_18' title="bbox 362 2064 2675 2156; baseline -0.003 -20"><span class='ocrx_word' id='word_1_129' title='bbox 362 2073 470 2156; x_wconf 91' lang='lat' dir='ltr'>qui</span> <span class='ocrx_word' id='word_1_130' title='bbox 508 2070 906 2136; x_wconf 88' lang='lat' dir='ltr'>necessarius</span> <span class='ocrx_word' id='word_1_131' title='bbox 954 2069 1201 2145; x_wconf 87' lang='lat' dir='ltr'>fuisset,</span> <span class='ocrx_word' id='word_1_132' title='bbox 1252 2075 1323 2134; x_wconf 89' lang='lat' dir='ltr'>ut</span> <span class='ocrx_word' id='word_1_133' title='bbox 1367 2072 1614 2137; x_wconf 89' lang='lat' dir='ltr'>fructus</span> <span class='ocrx_word' id='word_1_134' title='bbox 1666 2072 1991 2136; x_wconf 86' lang='lat' dir='ltr'>uberiores</span> <span class='ocrx_word' id='word_1_135' title='bbox 2038 2070 2509 2134; x_wconf 87' lang='lat' dir='ltr'>obtinerentur.</span> <span class='ocrx_word' id='word_1_136' title='bbox 2599 2064 2675 2129; x_wconf 92' lang='lat' dir='ltr'>Id</span> 
     </span>
     <span class='ocr_line' id='line_1_19' title="bbox 362 2163 2674 2252; baseline -0.003 -20"><span class='ocrx_word' id='word_1_137' title='bbox 362 2173 584 2252; x_wconf 89' lang='lat' dir='ltr'>postea</span> <span class='ocrx_word' id='word_1_138' title='bbox 635 2168 704 2231; x_wconf 90' lang='lat' dir='ltr'>in</span> <span class='ocrx_word' id='word_1_139' title='bbox 752 2166 1036 2232; x_wconf 83' lang='lat' dir='ltr'>Concilio</span> <span class='ocrx_word' id='word_1_140' title='bbox 1083 2166 1464 2233; x_wconf 85' lang='lat' dir='ltr'>Tridentino</span> <span class='ocrx_word' id='word_1_141' title='bbox 1508 2169 1753 2234; x_wconf 87' lang='lat' dir='ltr'>factum</span> <span class='ocrx_word' id='word_1_142' title='bbox 1800 2172 1925 2249; x_wconf 87' lang='lat' dir='ltr'>est,</span> <span class='ocrx_word' id='word_1_143' title='bbox 1978 2188 2173 2250; x_wconf 87' lang='lat' dir='ltr'>quum</span> <span class='ocrx_word' id='word_1_144' title='bbox 2224 2185 2462 2249; x_wconf 84' lang='lat' dir='ltr'>magna</span> <span class='ocrx_word' id='word_1_145' title='bbox 2507 2163 2674 2247; x_wconf 91' lang='lat' dir='ltr'>peri-</span> 
     </span>
     <span class='ocr_line' id='line_1_20' title="bbox 362 2260 2674 2346; baseline -0.003 -15"><span class='ocrx_word' id='word_1_146' title='bbox 362 2266 505 2333; x_wconf 87' lang='lat' dir='ltr'>cula</span> <span class='ocrx_word' id='word_1_147' title='bbox 572 2285 649 2328; x_wconf 87' lang='lat' dir='ltr'>ex</span> <span class='ocrx_word' id='word_1_148' title='bbox 716 2264 1039 2346; x_wconf 87' lang='lat' dir='ltr'>apostasia</span> <span class='ocrx_word' id='word_1_149' title='bbox 1109 2262 1625 2330; x_wconf 82' lang='lat' dir='ltr'>Protestantium</span> <span class='ocrx_word' id='word_1_150' title='bbox 1698 2269 1841 2329; x_wconf 84' lang='lat' dir='ltr'>orta</span> <span class='ocrx_word' id='word_1_151' title='bbox 1919 2264 2167 2327; x_wconf 89' lang='lat' dir='ltr'>animos</span> <span class='ocrx_word' id='word_1_152' title='bbox 2236 2260 2674 2325; x_wconf 89' lang='lat' dir='ltr'>vehementius</span> 
     </span>
     <span class='ocr_line' id='line_1_21' title="bbox 362 2357 2674 2445; baseline -0.003 -18"><span class='ocrx_word' id='word_1_153' title='bbox 362 2360 883 2435; x_wconf 84' lang='lat' dir='ltr'>commovissent,</span> <span class='ocrx_word' id='word_1_154' title='bbox 947 2367 1012 2425; x_wconf 90' lang='lat' dir='ltr'>et</span> <span class='ocrx_word' id='word_1_155' title='bbox 1071 2360 1291 2426; x_wconf 88' lang='lat' dir='ltr'>divina</span> <span class='ocrx_word' id='word_1_156' title='bbox 1350 2361 1753 2445; x_wconf 86' lang='lat' dir='ltr'>providentia</span> <span class='ocrx_word' id='word_1_157' title='bbox 1806 2361 1975 2425; x_wconf 90' lang='lat' dir='ltr'>viros</span> <span class='ocrx_word' id='word_1_158' title='bbox 2030 2359 2275 2442; x_wconf 82' lang='lat' dir='ltr'>insigni</span> <span class='ocrx_word' id='word_1_159' title='bbox 2327 2357 2674 2422; x_wconf 83' lang='lat' dir='ltr'>sanctitate</span> 
     </span>
     <span class='ocr_line' id='line_1_22' title="bbox 361 2452 2673 2543; baseline -0.003 -20"><span class='ocrx_word' id='word_1_160' title='bbox 361 2457 683 2543; x_wconf 85' lang='lat' dir='ltr'>praeditos</span> <span class='ocrx_word' id='word_1_161' title='bbox 753 2458 1124 2538; x_wconf 85' lang='lat' dir='ltr'>excitasset,</span> <span class='ocrx_word' id='word_1_162' title='bbox 1197 2458 1307 2543; x_wconf 92' lang='lat' dir='ltr'>qui</span> <span class='ocrx_word' id='word_1_163' title='bbox 1375 2480 1510 2524; x_wconf 89' lang='lat' dir='ltr'>rem</span> <span class='ocrx_word' id='word_1_164' title='bbox 1571 2458 2016 2524; x_wconf 86' lang='lat' dir='ltr'>difficillimam</span> <span class='ocrx_word' id='word_1_165' title='bbox 2072 2457 2470 2540; x_wconf 87' lang='lat' dir='ltr'>perficerent.</span> <span class='ocrx_word' id='word_1_166' title='bbox 2575 2452 2673 2518; x_wconf 89' lang='lat' dir='ltr'>Ex</span> 
     </span>
     <span class='ocr_line' id='line_1_23' title="bbox 364 2552 2675 2640; baseline -0.002 -21"><span class='ocrx_word' id='word_1_167' title='bbox 364 2578 436 2620; x_wconf 91' lang='lat' dir='ltr'>eo</span> <span class='ocrx_word' id='word_1_168' title='bbox 482 2556 709 2640; x_wconf 83' lang='lat' dir='ltr'>igitur,</span> <span class='ocrx_word' id='word_1_169' title='bbox 766 2554 936 2639; x_wconf 88' lang='lat' dir='ltr'>quod</span> <span class='ocrx_word' id='word_1_170' title='bbox 982 2555 1045 2617; x_wconf 90' lang='lat' dir='ltr'>in</span> <span class='ocrx_word' id='word_1_171' title='bbox 1098 2554 1384 2620; x_wconf 85' lang='lat' dir='ltr'>Concilio</span> <span class='ocrx_word' id='word_1_172' title='bbox 1433 2555 1862 2622; x_wconf 88' lang='lat' dir='ltr'>Lateranensi</span> <span class='ocrx_word' id='word_1_173' title='bbox 1900 2553 1975 2618; x_wconf 94' lang='lat' dir='ltr'>V.</span> <span class='ocrx_word' id='word_1_174' title='bbox 2034 2555 2250 2637; x_wconf 87' lang='lat' dir='ltr'>potius</span> <span class='ocrx_word' id='word_1_175' title='bbox 2306 2552 2382 2617; x_wconf 92' lang='lat' dir='ltr'>de</span> <span class='ocrx_word' id='word_1_176' title='bbox 2428 2552 2675 2616; x_wconf 88' lang='lat' dir='ltr'>exstin-</span> 
     </span>
     <span class='ocr_line' id='line_1_24' title="bbox 362 2648 2676 2748; baseline -0.003 -31"><span class='ocrx_word' id='word_1_177' title='bbox 362 2653 575 2717; x_wconf 87' lang='lat' dir='ltr'>ctione</span> <span class='ocrx_word' id='word_1_178' title='bbox 642 2651 1003 2715; x_wconf 86' lang='lat' dir='ltr'>schismatis</span> <span class='ocrx_word' id='word_1_179' title='bbox 1077 2674 1149 2715; x_wconf 89' lang='lat' dir='ltr'>ac</span> <span class='ocrx_word' id='word_1_180' title='bbox 1218 2652 1295 2717; x_wconf 89' lang='lat' dir='ltr'>de</span> <span class='ocrx_word' id='word_1_181' title='bbox 1366 2654 1717 2718; x_wconf 87' lang='lat' dir='ltr'>abolitione</span> <span class='ocrx_word' id='word_1_182' title='bbox 1786 2651 2151 2718; x_wconf 86' lang='lat' dir='ltr'>Sanctionis</span> <span class='ocrx_word' id='word_1_183' title='bbox 2225 2648 2676 2748; x_wconf 85' lang='lat' dir='ltr'>Pragmaticae</span> 
     </span>
     <span class='ocr_line' id='line_1_25' title="bbox 361 2723 2677 2833; baseline -0.003 -20"><span class='ocrx_word' id='word_1_184' title='bbox 361 2747 619 2813; x_wconf 87' lang='lat' dir='ltr'>solliciti</span> <span class='ocrx_word' id='word_1_185' title='bbox 676 2751 916 2825; x_wconf 88' lang='lat' dir='ltr'>essent,</span> <span class='ocrx_word' id='word_1_186' title='bbox 980 2750 1276 2833; x_wconf 85' lang='lat' dir='ltr'>quodque</span> <span class='ocrx_word' id='word_1_187' title='bbox 1333 2751 1695 2833; x_wconf 83' lang='lat' dir='ltr'>generatim</span> <span class='ocrx_word' id='word_1_188' title='bbox 1757 2749 1924 2814; x_wconf 86' lang='lat' dir='ltr'>mala</span> <span class='ocrx_word' id='word_1_189' title='bbox 1982 2749 2049 2812; x_wconf 89' lang='lat' dir='ltr'>in</span> <span class='ocrx_word' id='word_1_190' title='bbox 2110 2723 2425 2811; x_wconf 85' lang='lat' dir='ltr'>Ecclesia</span> <span class='ocrx_word' id='word_1_191' title='bbox 2444 2745 2677 2810; x_wconf 81' lang='lat' dir='ltr'>oborta</span> 
     </span>
     <span class='ocr_line' id='line_1_26' title="bbox 362 2844 2672 2930; baseline -0.001 -22"><span class='ocrx_word' id='word_1_192' title='bbox 362 2844 643 2909; x_wconf 90' lang='lat' dir='ltr'>nondum</span> <span class='ocrx_word' id='word_1_193' title='bbox 688 2844 845 2908; x_wconf 85' lang='lat' dir='ltr'>satis</span> <span class='ocrx_word' id='word_1_194' title='bbox 892 2845 1432 2927; x_wconf 90' lang='lat' dir='ltr'>ponderarentur,</span> <span class='ocrx_word' id='word_1_195' title='bbox 1488 2848 1870 2930; x_wconf 88' lang='lat' dir='ltr'>animusque</span> <span class='ocrx_word' id='word_1_196' title='bbox 1926 2846 2180 2911; x_wconf 86' lang='lat' dir='ltr'>deesset</span> <span class='ocrx_word' id='word_1_197' title='bbox 2231 2844 2514 2909; x_wconf 89' lang='lat' dir='ltr'>remedia</span> <span class='ocrx_word' id='word_1_198' title='bbox 2571 2865 2672 2906; x_wconf 79' lang='lat' dir='ltr'>al·-</span> 
     </span>
     <span class='ocr_line' id='line_1_27' title="bbox 362 2939 2672 3026; baseline -0.002 -20"><span class='ocrx_word' id='word_1_199' title='bbox 362 2943 485 3006; x_wconf 89' lang='lat' dir='ltr'>dua</span> <span class='ocrx_word' id='word_1_200' title='bbox 530 2940 904 3017; x_wconf 87' lang='lat' dir='ltr'>adhibendi,</span> <span class='ocrx_word' id='word_1_201' title='bbox 948 2941 1187 3005; x_wconf 87' lang='lat' dir='ltr'>factum</span> <span class='ocrx_word' id='word_1_202' title='bbox 1238 2964 1373 3006; x_wconf 91' lang='lat' dir='ltr'>esse</span> <span class='ocrx_word' id='word_1_203' title='bbox 1421 2949 1747 3026; x_wconf 78' lang='lat' dir='ltr'>putamUS,</span> <span class='ocrx_word' id='word_1_204' title='bbox 1802 2950 1876 3008; x_wconf 88' lang='lat' dir='ltr'>ut</span> <span class='ocrx_word' id='word_1_205' title='bbox 1924 2942 2297 3008; x_wconf 86' lang='lat' dir='ltr'>reformatio</span> <span class='ocrx_word' id='word_1_206' title='bbox 2343 2962 2455 3023; x_wconf 91' lang='lat' dir='ltr'>per</span> <span class='ocrx_word' id='word_1_207' title='bbox 2501 2939 2672 3005; x_wconf 86' lang='lat' dir='ltr'>Con-</span> 
     </span>
     <span class='ocr_line' id='line_1_28' title="bbox 361 3035 2674 3122; baseline -0.002 -20"><span class='ocrx_word' id='word_1_208' title='bbox 361 3038 575 3102; x_wconf 89' lang='lat' dir='ltr'>cilium</span> <span class='ocrx_word' id='word_1_209' title='bbox 624 3035 1059 3101; x_wconf 90' lang='lat' dir='ltr'>Lateranense</span> <span class='ocrx_word' id='word_1_210' title='bbox 1106 3038 1375 3122; x_wconf 90' lang='lat' dir='ltr'>amplior</span> <span class='ocrx_word' id='word_1_211' title='bbox 1419 3062 1552 3104; x_wconf 89' lang='lat' dir='ltr'>non</span> <span class='ocrx_word' id='word_1_212' title='bbox 1605 3040 1820 3105; x_wconf 86' lang='lat' dir='ltr'>fuerit.</span> <span class='ocrx_word' id='word_1_213' title='bbox 1906 3039 2237 3103; x_wconf 83' lang='lat' dir='ltr'>Immerito</span> <span class='ocrx_word' id='word_1_214' title='bbox 2280 3044 2494 3102; x_wconf 86' lang='lat' dir='ltr'>autem</span> <span class='ocrx_word' id='word_1_215' title='bbox 2543 3037 2674 3100; x_wconf 88' lang='lat' dir='ltr'>cul-</span> 
     </span>
     <span class='ocr_line' id='line_1_29' title="bbox 361 3133 2674 3219; baseline -0.002 -20"><span class='ocrx_word' id='word_1_216' title='bbox 361 3142 555 3219; x_wconf 87' lang='lat' dir='ltr'>patur</span> <span class='ocrx_word' id='word_1_217' title='bbox 620 3133 755 3199; x_wconf 88' lang='lat' dir='ltr'>Leo</span> <span class='ocrx_word' id='word_1_218' title='bbox 817 3134 932 3212; x_wconf 90' lang='lat' dir='ltr'>X.,</span> <span class='ocrx_word' id='word_1_219' title='bbox 1016 3134 1185 3218; x_wconf 88' lang='lat' dir='ltr'>quod</span> <span class='ocrx_word' id='word_1_220' title='bbox 1254 3135 1376 3219; x_wconf 91' lang='lat' dir='ltr'>ipsi</span> <span class='ocrx_word' id='word_1_221' title='bbox 1443 3136 1814 3201; x_wconf 86' lang='lat' dir='ltr'>reformatio</span> <span class='ocrx_word' id='word_1_222' title='bbox 1877 3136 2143 3201; x_wconf 89' lang='lat' dir='ltr'>minime</span> <span class='ocrx_word' id='word_1_223' title='bbox 2215 3134 2414 3198; x_wconf 87' lang='lat' dir='ltr'>fuerit</span> <span class='ocrx_word' id='word_1_224' title='bbox 2481 3134 2674 3199; x_wconf 87' lang='lat' dir='ltr'>cordi.</span> 
     </span>
     <span class='ocr_line' id='line_1_30' title="bbox 361 3231 2046 3315; baseline -0.001 -18"><span class='ocrx_word' id='word_1_225' title='bbox 361 3232 500 3309; x_wconf 86' lang='lat' dir='ltr'>Qua</span> <span class='ocrx_word' id='word_1_226' title='bbox 538 3233 615 3297; x_wconf 90' lang='lat' dir='ltr'>de</span> <span class='ocrx_word' id='word_1_227' title='bbox 661 3253 729 3295; x_wconf 89' lang='lat' dir='ltr'>re</span> <span class='ocrx_word' id='word_1_228' title='bbox 770 3253 972 3315; x_wconf 88' lang='lat' dir='ltr'>pauca</span> <span class='ocrx_word' id='word_1_229' title='bbox 1019 3231 1251 3296; x_wconf 86' lang='lat' dir='ltr'>addere</span> <span class='ocrx_word' id='word_1_230' title='bbox 1297 3236 1728 3314; x_wconf 90' lang='lat' dir='ltr'>opportunum</span> <span class='ocrx_word' id='word_1_231' title='bbox 1776 3233 2046 3297; x_wconf 91' lang='lat' dir='ltr'>videtur.</span> 
     </span>
    </p>
   </div>
   <div class='ocr_carea' id='block_1_3' title="bbox 363 3356 782 3364">
    <p class='ocr_par' dir='ltr' id='par_1_4' title="bbox 363 3356 782 3364">
     <span class='ocr_line' id='line_1_31' title="bbox 363 3356 782 3364; baseline 0 1650"><span class='ocrx_word' id='word_1_232' title='bbox 363 3356 782 3364; x_wconf 95' lang='lat' dir='ltr'> </span> 
     </span>
    </p>
   </div>
   <div class='ocr_carea' id='block_1_4' title="bbox 361 3403 2677 4186">
    <p class='ocr_par' dir='ltr' id='par_1_5' title="bbox 361 3403 2677 4186">
     <span class='ocr_line' id='line_1_32' title="bbox 541 3403 2677 3474; baseline -0.001 -16"><span class='ocrx_word' id='word_1_233' title='bbox 541 3403 585 3470; x_wconf 88' lang='lat'>¹)</span> <span class='ocrx_word' id='word_1_234' title='bbox 623 3404 779 3458; x_wconf 88' lang='lat' dir='ltr'>Hanc</span> <span class='ocrx_word' id='word_1_235' title='bbox 816 3404 1281 3460; x_wconf 89' lang='lat' dir='ltr'>Constitutionem</span> <span class='ocrx_word' id='word_1_236' title='bbox 1318 3404 1497 3459; x_wconf 89' lang='lat' dir='ltr'>Julius</span> <span class='ocrx_word' id='word_1_237' title='bbox 1535 3406 1607 3458; x_wconf 92' lang='lat' dir='ltr'>II.</span> <span class='ocrx_word' id='word_1_238' title='bbox 1658 3406 1775 3474; x_wconf 88' lang='lat' dir='ltr'>jam</span> <span class='ocrx_word' id='word_1_239' title='bbox 1812 3404 1960 3457; x_wconf 87' lang='lat' dir='ltr'><strong>XIX.</strong></span> <span class='ocrx_word' id='word_1_240' title='bbox 2004 3404 2129 3457; x_wconf 86' lang='lat' dir='ltr'>Kal.</span> <span class='ocrx_word' id='word_1_241' title='bbox 2168 3406 2322 3459; x_wconf 85' lang='lat' dir='ltr'>Febr.</span> <span class='ocrx_word' id='word_1_242' title='bbox 2364 3404 2492 3459; x_wconf 88' lang='lat' dir='ltr'>anni</span> <span class='ocrx_word' id='word_1_243' title='bbox 2539 3405 2677 3457; x_wconf 83' lang='lat'>1505</span> 
     </span>
     <span class='ocr_line' id='line_1_33' title="bbox 364 3483 2675 3540; baseline -0 -3"><span class='ocrx_word' id='word_1_244' title='bbox 364 3484 630 3540; x_wconf 80' lang='lat' dir='ltr'>ediderat..</span> <span class='ocrx_word' id='word_1_245' title='bbox 719 3483 859 3537; x_wconf 89' lang='lat' dir='ltr'>Eum</span> <span class='ocrx_word' id='word_1_246' title='bbox 905 3490 1112 3538; x_wconf 91' lang='lat' dir='ltr'>motum</span> <span class='ocrx_word' id='word_1_247' title='bbox 1161 3483 1332 3538; x_wconf 79' lang='lat' dir='ltr'>fuisse</span> <span class='ocrx_word' id='word_1_248' title='bbox 1377 3485 1699 3538; x_wconf 87' lang='lat' dir='ltr'>existimant</span> <span class='ocrx_word' id='word_1_249' title='bbox 1744 3484 1886 3537; x_wconf 86' lang='lat' dir='ltr'>varii</span> <span class='ocrx_word' id='word_1_250' title='bbox 1933 3492 2182 3538; x_wconf 84' lang='lat' dir='ltr'>auctores</span> <span class='ocrx_word' id='word_1_251' title='bbox 2230 3501 2347 3537; x_wconf 91' lang='lat' dir='ltr'>cum</span> <span class='ocrx_word' id='word_1_252' title='bbox 2401 3483 2675 3537; x_wconf 86' lang='lat' dir='ltr'>Rainaldo</span> 
     </span>
     <span class='ocr_line' id='line_1_34' title="bbox 363 3561 2673 3632; baseline -0.001 -16"><span class='ocrx_word' id='word_1_253' title='bbox 363 3563 457 3631; x_wconf 88' lang='lat' dir='ltr'>(ad</span> <span class='ocrx_word' id='word_1_254' title='bbox 504 3581 553 3618; x_wconf 81' lang='lat' dir='ltr'>a.</span> <span class='ocrx_word' id='word_1_255' title='bbox 606 3565 742 3616; x_wconf 87' lang='grc'><strong>1506</strong></span> <span class='ocrx_word' id='word_1_256' title='bbox 792 3580 843 3617; x_wconf 88' lang='lat' dir='ltr'>n.</span> <span class='ocrx_word' id='word_1_257' title='bbox 893 3563 949 3629; x_wconf 93' lang='lat'>1)</span> <span class='ocrx_word' id='word_1_258' title='bbox 996 3562 1153 3628; x_wconf 89' lang='lat' dir='ltr'>inde,</span> <span class='ocrx_word' id='word_1_259' title='bbox 1215 3565 1357 3630; x_wconf 90' lang='lat' dir='ltr'>quod</span> <span class='ocrx_word' id='word_1_260' title='bbox 1404 3564 1770 3618; x_wconf 86' lang='lat' dir='ltr'>Alexandrum</span> <span class='ocrx_word' id='word_1_261' title='bbox 1810 3563 1904 3616; x_wconf 89' lang='lat' dir='ltr'>VI.</span> <span class='ocrx_word' id='word_1_262' title='bbox 1956 3563 2250 3618; x_wconf 88' lang='lat' dir='ltr'>simoniace</span> <span class='ocrx_word' id='word_1_263' title='bbox 2297 3561 2673 3632; x_wconf 87' lang='lat' dir='ltr'>pontificatum</span> 
     </span>
     <span class='ocr_line' id='line_1_35' title="bbox 362 3642 2674 3709; baseline 0 -13"><span class='ocrx_word' id='word_1_264' title='bbox 362 3642 721 3709; x_wconf 86' lang='lat' dir='ltr'>acquisivisse</span> <span class='ocrx_word' id='word_1_265' title='bbox 774 3648 1040 3697; x_wconf 85' lang='lat' dir='ltr'>censeret.</span> <span class='ocrx_word' id='word_1_266' title='bbox 1125 3642 1394 3697; x_wconf 89' lang='lat' dir='ltr'>Remanet</span> <span class='ocrx_word' id='word_1_267' title='bbox 1436 3649 1624 3698; x_wconf 90' lang='lat' dir='ltr'>tamen</span> <span class='ocrx_word' id='word_1_268' title='bbox 1671 3658 1758 3696; x_wconf 89' lang='lat' dir='ltr'>res</span> <span class='ocrx_word' id='word_1_269' title='bbox 1814 3643 1991 3696; x_wconf 86' lang='lat' dir='ltr'>dubia.</span> <span class='ocrx_word' id='word_1_270' title='bbox 2083 3645 2168 3697; x_wconf 82' lang='lat' dir='ltr'>Ab</span> <span class='ocrx_word' id='word_1_271' title='bbox 2223 3643 2501 3697; x_wconf 85' lang='lat' dir='ltr'>Infessura</span> <span class='ocrx_word' id='word_1_272' title='bbox 2554 3643 2674 3709; x_wconf 90' lang='lat' dir='ltr'>ipse</span> 
     </span>
     <span class='ocr_line' id='line_1_36' title="bbox 361 3721 2674 3791; baseline -0.001 -15"><span class='ocrx_word' id='word_1_273' title='bbox 361 3721 616 3776; x_wconf 87' lang='lat' dir='ltr'>Julianus</span> <span class='ocrx_word' id='word_1_274' title='bbox 654 3721 962 3776; x_wconf 86' lang='lat' dir='ltr'>Cardinalis</span> <span class='ocrx_word' id='word_1_275' title='bbox 1008 3721 1213 3790; x_wconf 89' lang='lat' dir='ltr'>(Julius</span> <span class='ocrx_word' id='word_1_276' title='bbox 1250 3722 1348 3789; x_wconf 92' lang='lat' dir='ltr'><strong>II.)</strong></span> <span class='ocrx_word' id='word_1_277' title='bbox 1394 3723 1627 3777; x_wconf 86' lang='lat' dir='ltr'>maxime</span> <span class='ocrx_word' id='word_1_278' title='bbox 1665 3722 1941 3791; x_wconf 86' lang='lat' dir='ltr'>arguitur,</span> <span class='ocrx_word' id='word_1_279' title='bbox 1989 3724 2127 3789; x_wconf 89' lang='lat' dir='ltr'>quod</span> <span class='ocrx_word' id='word_1_280' title='bbox 2174 3722 2230 3776; x_wconf 89' lang='lat' dir='ltr'>in</span> <span class='ocrx_word' id='word_1_281' title='bbox 2280 3723 2549 3778; x_wconf 86' lang='lat' dir='ltr'>electione</span> <span class='ocrx_word' id='word_1_282' title='bbox 2582 3722 2674 3774; x_wconf 91' lang='lat' dir='ltr'>In-</span> 
     </span>
     <span class='ocr_line' id='line_1_37' title="bbox 361 3799 2675 3869; baseline -0 -14"><span class='ocrx_word' id='word_1_283' title='bbox 361 3800 602 3857; x_wconf 84' lang='lat' dir='ltr'>nocentii</span> <span class='ocrx_word' id='word_1_284' title='bbox 626 3799 784 3853; x_wconf 92' lang='lat' dir='ltr'><strong>VIII.</strong></span> <span class='ocrx_word' id='word_1_285' title='bbox 822 3800 1084 3855; x_wconf 88' lang='lat' dir='ltr'>simoniae</span> <span class='ocrx_word' id='word_1_286' title='bbox 1120 3816 1178 3854; x_wconf 88' lang='lat' dir='ltr'>se</span> <span class='ocrx_word' id='word_1_287' title='bbox 1213 3801 1517 3856; x_wconf 82' lang='lat' dir='ltr'>reddiderit</span> <span class='ocrx_word' id='word_1_288' title='bbox 1553 3817 1721 3855; x_wconf 88' lang='lat' dir='ltr'>reum.</span> <span class='ocrx_word' id='word_1_289' title='bbox 1795 3801 1897 3856; x_wconf 85' lang='lat' dir='ltr'>Sed</span> <span class='ocrx_word' id='word_1_290' title='bbox 1936 3802 2098 3856; x_wconf 86' lang='lat' dir='ltr'>sicuti</span> <span class='ocrx_word' id='word_1_291' title='bbox 2135 3803 2200 3857; x_wconf 88' lang='lat' dir='ltr'>de</span> <span class='ocrx_word' id='word_1_292' title='bbox 2238 3802 2357 3869; x_wconf 90' lang='lat' dir='ltr'>ipso</span> <span class='ocrx_word' id='word_1_293' title='bbox 2396 3801 2538 3856; x_wconf 80' lang='lat' dir='ltr'>forte</span> <span class='ocrx_word' id='word_1_294' title='bbox 2576 3802 2675 3854; x_wconf 87' lang='lat' dir='ltr'>im-</span> 
     </span>
     <span class='ocr_line' id='line_1_38' title="bbox 363 3878 2676 3948; baseline 0.002 -16"><span class='ocrx_word' id='word_1_295' title='bbox 363 3880 557 3934; x_wconf 90' lang='lat' dir='ltr'>merito</span> <span class='ocrx_word' id='word_1_296' title='bbox 603 3879 743 3933; x_wconf 90' lang='lat' dir='ltr'>tales</span> <span class='ocrx_word' id='word_1_297' title='bbox 793 3895 1034 3933; x_wconf 88' lang='lat' dir='ltr'>rumores</span> <span class='ocrx_word' id='word_1_298' title='bbox 1084 3878 1191 3933; x_wconf 90' lang='lat' dir='ltr'>orti</span> <span class='ocrx_word' id='word_1_299' title='bbox 1243 3886 1399 3946; x_wconf 89' lang='lat' dir='ltr'>sunt,</span> <span class='ocrx_word' id='word_1_300' title='bbox 1444 3881 1526 3934; x_wconf 89' lang='lat' dir='ltr'>ita</span> <span class='ocrx_word' id='word_1_301' title='bbox 1562 3881 1617 3933; x_wconf 88' lang='lat' dir='ltr'>id</span> <span class='ocrx_word' id='word_1_302' title='bbox 1657 3880 1768 3936; x_wconf 90' lang='lat' dir='ltr'>fieri</span> <span class='ocrx_word' id='word_1_303' title='bbox 1820 3881 2091 3948; x_wconf 88' lang='lat' dir='ltr'>potuisset</span> <span class='ocrx_word' id='word_1_304' title='bbox 2136 3884 2192 3935; x_wconf 86' lang='lat' dir='ltr'>in</span> <span class='ocrx_word' id='word_1_305' title='bbox 2241 3881 2508 3936; x_wconf 88' lang='lat' dir='ltr'>electione</span> <span class='ocrx_word' id='word_1_306' title='bbox 2544 3881 2676 3936; x_wconf 86' lang='lat' dir='ltr'>Ale·</span> 
     </span>
     <span class='ocr_line' id='line_1_39' title="bbox 364 3958 2673 4026; baseline 0 -15"><span class='ocrx_word' id='word_1_307' title='bbox 364 3959 585 4023; x_wconf 88' lang='lat' dir='ltr'>xandri,</span> <span class='ocrx_word' id='word_1_308' title='bbox 622 3959 795 4026; x_wconf 89' lang='lat' dir='ltr'>iisque</span> <span class='ocrx_word' id='word_1_309' title='bbox 831 3958 1134 4013; x_wconf 86' lang='lat' dir='ltr'>rumoribus</span> <span class='ocrx_word' id='word_1_310' title='bbox 1177 3959 1415 4014; x_wconf 77' lang='lat' dir='ltr'>fortasse</span> <span class='ocrx_word' id='word_1_311' title='bbox 1454 3960 1678 4014; x_wconf 88' lang='lat' dir='ltr'>nimiam</span> <span class='ocrx_word' id='word_1_312' title='bbox 1716 3960 1875 4014; x_wconf 89' lang='lat' dir='ltr'>fidem</span> <span class='ocrx_word' id='word_1_313' title='bbox 1912 3960 2159 4013; x_wconf 86' lang='lat' dir='ltr'>adhibuit</span> <span class='ocrx_word' id='word_1_314' title='bbox 2195 3961 2449 4015; x_wconf 86' lang='lat' dir='ltr'>Julianus</span> <span class='ocrx_word' id='word_1_315' title='bbox 2489 3960 2673 4015; x_wconf 91' lang='lat' dir='ltr'>Cardi-</span> 
     </span>
     <span class='ocr_line' id='line_1_40' title="bbox 365 4037 2671 4106; baseline 0.001 -17"><span class='ocrx_word' id='word_1_316' title='bbox 365 4037 522 4091; x_wconf 88' lang='lat' dir='ltr'>nalis.</span> <span class='ocrx_word' id='word_1_317' title='bbox 583 4037 743 4092; x_wconf 89' lang='lat' dir='ltr'>Certe</span> <span class='ocrx_word' id='word_1_318' title='bbox 772 4037 962 4104; x_wconf 83' lang='lat' dir='ltr'>optimi</span> <span class='ocrx_word' id='word_1_319' title='bbox 983 4038 1088 4092; x_wconf 82' lang='lat' dir='ltr'>fuit</span> <span class='ocrx_word' id='word_1_320' title='bbox 1119 4037 1350 4106; x_wconf 89' lang='lat' dir='ltr'>consilii,</span> <span class='ocrx_word' id='word_1_321' title='bbox 1382 4045 1446 4092; x_wconf 90' lang='lat' dir='ltr'>ut</span> <span class='ocrx_word' id='word_1_322' title='bbox 1465 4038 1874 4094; x_wconf 88' lang='lat' dir='ltr'>Constitutione</span> <span class='ocrx_word' id='word_1_323' title='bbox 1907 4054 2099 4093; x_wconf 86' lang='lat' dir='ltr'>severa</span> <span class='ocrx_word' id='word_1_324' title='bbox 2131 4047 2359 4094; x_wconf 89' lang='lat' dir='ltr'>conatus</span> <span class='ocrx_word' id='word_1_325' title='bbox 2390 4039 2671 4095; x_wconf 89' lang='lat' dir='ltr'>simoniaci</span> 
     </span>
     <span class='ocr_line' id='line_1_41' title="bbox 362 4117 2173 4186; baseline 0.002 -18"><span class='ocrx_word' id='word_1_326' title='bbox 362 4117 815 4184; x_wconf 76' lang='lat' dir='ltr'>praevenirentur</span> <span class='ocrx_word' id='word_1_327' title='bbox 851 4133 915 4170; x_wconf 89' lang='lat' dir='ltr'>ac</span> <span class='ocrx_word' id='word_1_328' title='bbox 956 4117 1339 4183; x_wconf 86' lang='lat' dir='ltr'>provideretur</span> <span class='ocrx_word' id='word_1_329' title='bbox 1374 4119 1572 4174; x_wconf 91' lang='lat' dir='ltr'>honori</span> <span class='ocrx_word' id='word_1_330' title='bbox 1611 4119 1765 4174; x_wconf 89' lang='lat' dir='ltr'>Sedis</span> <span class='ocrx_word' id='word_1_331' title='bbox 1807 4118 2173 4186; x_wconf 86' lang='lat' dir='ltr'>Apostolicae.</span> 
     </span>
    </p>
   </div>
   <div class='ocr_carea' id='block_1_5' title="bbox 2708 722 2979 837">
    <p class='ocr_par' dir='ltr' id='par_1_6' title="bbox 2708 722 2979 837">
     <span class='ocr_line' id='line_1_42' title="bbox 2708 722 2979 765; baseline -0.011 0"><span class='ocrx_word' id='word_1_332' title='bbox 2708 724 2895 765; x_wconf 87' lang='lat' dir='ltr'>Decreta</span> <span class='ocrx_word' id='word_1_333' title='bbox 2924 722 2979 763; x_wconf 82' lang='lat' dir='ltr'>de</span> 
     </span>
     <span class='ocr_line' id='line_1_43' title="bbox 2727 783 2971 837; baseline 0 -12"><span class='ocrx_word' id='word_1_334' title='bbox 2727 783 2971 837; x_wconf 84' lang='lat' dir='ltr'>disciplina.</span> 
     </span>
    </p>
   </div>
  </div>
 </body>
</html>
