3281 5014
1201 455 1371 508 Initia
1410 454 1787 508 Pontificatus.
2565 454 2631 505 19
2753 534 2756 537 v

312 595 544 658 ardum
615 596 892 680 Angliae
952 616 1133 680 reges
1200 597 1372 660 bello
1432 597 1614 660 *inter
1678 617 1746 659 se
1804 596 2066 677 divisos3
2140 616 2283 658 cum
2353 594 2472 658 hac
2538 594 2629 656 le-

312 676 578 775 gatione
653 691 815 757 nihil
888 693 1231 769 effecisset,
1309 693 1680 775 bellumque
1749 692 1958 757 acrius
2027 697 2384 774 gereretur,
2461 712 2633 755 anno

321 787 492 851 1296
552 788 802 853 duobus
860 789 1119 873 regibus
1173 789 1458 854 inducias
1517 791 1748 872 suasit,
1800 792 1866 852 et
1921 793 2067 871 post
2131 787 2462 851 biennium
2518 809 2631 870 pa·

312 905 454 948 cem
499 885 676 949 inter
719 908 825 951 eos
874 885 1244 961 constituit,
1293 907 1436 950 cum
1483 886 1672 950 ambo
1717 884 2304 968 compromisissent
2348 885 2414 947 in
2465 882 2634 946 Pon-

304 980 593 1057 tificem,
657 986 945 1047 attamen
1008 987 1331 1066 quatenus
1382 982 1486 1046 hic
1545 986 1686 1045 erat
1746 1003 2018 1065 persona
2072 983 2356 1065 privata,
2420 978 2631 1043 Bene-

314 1078 526 1141 dictus
588 1075 938 1161 Cajetanus
1003 1079 1171 1162 juris
1232 1079 1566 1163 utriusque
1632 1079 2072 1161 peritissimus,
2191 1074 2634 1161 Promulgavit

318 1185 534 1237 tamen
589 1176 976 1239 sententiam
1035 1175 1287 1240 arbitrii
1342 1175 1719 1240 solemniter
1776 1181 1852 1238 ut
1900 1173 2222 1239 Pontifex.
2267 1209 2355 1218 --—
2402 1172 2481 1237 In
2534 1171 2672 1236 Si·-

311 1268 465 1334 cilia
522 1274 588 1333 et
633 1268 997 1355 Arragonia
1042 1272 1187 1336 lites
1234 1272 1330 1336 ita
1384 1271 1764 1353 composuit,
1828 1275 1902 1334 ut
1948 1271 2226 1336 Jacobus
2285 1293 2396 1334 rex
2444 1292 2633 1334 omne

306 1369 422 1450 jus
478 1366 546 1430 in
604 1364 887 1431 Siciliam
943 1368 1196 1433 cederet
1248 1367 1478 1433 Carolo
1528 1366 1643 1444 IL,
1703 1368 1836 1449 ipse
1899 1390 2049 1433 vero
2113 1368 2299 1452 regni
2349 1368 2631 1450 Arrago·

317 1463 494 1538 niae,
555 1462 954 1546 principatus
985 1464 1328 1529 Valentiae
1389 1471 1455 1528 et
1509 1464 1850 1529 comitatus
1904 1463 2404 1529 Barcinonensis
2461 1464 2643 1527 inve--

310 1561 620 1624 stituram
673 1560 989 1644 acciperet
1043 1584 1082 1626 a
1138 1562 1352 1646 legato
1406 1560 1808 1648 apostolico..
1865 1558 1988 1624 Sed
2036 1557 2263 1637 Siculi,
2320 1561 2419 1624 uti
2476 1559 2634 1623 dixi·

315 1679 490 1737 muS,
548 1653 859 1721 Gallicam
904 1656 1411 1724 dominationem
1467 1657 1907 1731 adversantes,
1965 1655 2359 1721 Fridericum
2406 1655 2627 1721 Jacobi

316 1753 586 1818 fratrem
649 1773 868 1837 regem
928 1755 1328 1831 salutarunt,
1397 1754 1764 1837 bellumque
1823 1753 2167 1816 recruduit.
2270 1752 2461 1817 Haud
2516 1753 2630 1816 du-

318 1851 497 1914 bium
544 1856 669 1930 est,
730 1849 1133 1915 Bonifatium
1190 1850 1383 1914 etiam
1444 1850 1623 1927 inde,
1688 1849 1853 1933 quod
1910 1871 2025 1932 pro
2079 1849 2288 1914 officio
2348 1872 2465 1914 suo
2514 1849 2630 1915 Ca·

318 1948 438 2012 roli
490 1946 573 2011 H.
627 1948 798 2032 regis
852 1948 1002 2030 jura
1057 1946 1460 2024 defenderet,
1519 1947 1693 2011 inter
1749 1944 1997 2010 Siculos
2058 1950 2126 2009 et
2189 1947 2347 2010 alios
2412 1945 2629 2025 Italos,

315 2044 431 2127 qui
491 2043 994 2109 dominationem
1053 2047 1433 2107 extraneam
1493 2063 1752 2108 exosam
1813 2041 2163 2119 habebant,
2236 2042 2632 2109 adversarios

319 2145 582 2205 nactum
629 2141 848 2205 fuisse.
939 2138 1224 2203 Tandem
1276 2161 1397 2222 pax
1456 2138 1809 2222 composita
1856 2138 1982 2202 fuit
2027 2160 2101 2202 ea
2145 2138 2319 2221 lege,
2378 2144 2451 2202 ut
2496 2137 2630 2202 Fri·

314 2237 567 2302 dericus
621 2235 1005 2301 Eleonoram
1062 2235 1274 2301 Caroli
1322 2235 1408 2300 11.
1469 2235 1668 2298 filiam
1730 2256 1992 2300 uxorem
2049 2233 2338 2311 duceret,
2398 2240 2463 2298 et
2522 2237 2628 2300 do·

320 2334 403 2398 tis
469 2333 873 2417 profectitiae
938 2334 1202 2397 nomine
1275 2333 1589 2397 retineret
1655 2330 1968 2407 Siciliam,
2044 2352 2210 2415 quae
2277 2336 2425 2414 post
2493 2334 2632 2416 ejus

320 2438 592 2496 mortem
652 2429 731 2494 ad
782 2428 1082 2494 Carolum
1143 2430 1467 2515 hujusque
1523 2426 1829 2492 haeredes
1890 2427 2145 2513 rediret.
2211 2463 2290 2474 —-
2352 2427 2422 2491 In
2479 2426 2631 2493 Ger-

322 2528 537 2592 mania
606 2533 751 2611 post
821 2532 1091 2592 mortem
1151 2526 1479 2611 Rudolphi
1542 2522 1624 2608 (a.
1684 2523 1879 2607 1291)
1946 2526 2185 2590 electus
2247 2525 2374 2590 fuit
2438 2526 2631 2591 Adol-

320 2624 481 2707 phus
527 2645 736 2690 comes
786 2622 1165 2703 Nassoviae,
1225 2624 1337 2688 sed
1381 2645 1528 2689 mox
1574 2622 1972 2705 principibus
2020 2622 2297 2703 invisus,
2352 2645 2411 2686 a.
2464 2624 2630 2687 1298

302 2723 388 2786 -in
442 2721 717 2786 comitiis
761 2719 1170 2803 Moguntinis
1228 2720 1555 2804 depositus
1613 2723 1742 2796 est,
1801 2725 1868 2782 et
1923 2719 1991 2783 in
2052 2720 2260 2783 locu'm
2317 2720 2455 2802 ejus
2510 2721 2633 2784 ele-

313 2822 460 2882 ctus
506 2816 814 2882 Albertus
865 2816 1188 2901 Rudolphi
1242 2818 1411 2884 filius
1468 2823 1533 2880 et
1584 2816 1885 2881 Austriae
1941 2816 2099 2891 dux,
2163 2838 2202 2878 a
2250 2839 2384 2899 vquo
2444 2816 2633 2882 Adol-

319 2914 480 2997 phus
532 2914 750 2979 eodem
807 2934 981 2978 anno
1029 2915 1234 2978 victus
1289 2919 1355 2977 et
1412 2934 1634 2977 caesus
1694 2917 1807 2978 est.
1900 2910 2268 2978 Bonifatius
2318 2935 2469 2978 vero
2515 2913 2632 2978 Al·

319 3011 574 3075 bertum
621 3011 809 3075 initio
857 3032 1203 3095 agnoscere
1245 3009 1484 3087 noluit,
1540 3030 1612 3073 ac
1668 3013 1932 3093 propter
1988 3010 2255 3094 perjurii
2309 3015 2375 3073 et
2419 3011 2630 3075 laesae

319 3108 679 3190 majestatis
745 3107 1015 3171 crimina
1069 3129 1213 3170 eum
1273 3107 1658 3190 increpavit;
1720 3111 2006 3184 attamen
2067 3129 2264 3190 quum
2319 3106 2631 3172 Albertus

312 3226 386 3269 se
428 3203 760 3268 'Ecclesiae
821 3224 894 3267 ac
945 3208 1208 3268 sanctae
1265 3201 1413 3268 Sedi
1470 3204 1773 3269 devotum
1830 3195 2222 3282 ostenderet,
2285 3204 2630 3289 indulgen·

317 3301 412 3365 tia
467 3301 819 3384 prudenter
883 3322 1043 3363 ‚usus
1106 3300 1312 3382 ipsum
1380 3301 1679 3384 agnovit,
1747 3303 1813 3363 et
1880 3299 2235 3364 emendatis
2297 3301 2629 3366 electionis

320 3398 495 3461 vitiis
537 3398 593 3461 ei
647 3396 1007 3461 Romanum
1057 3397 1402 3480 Imperium
1449 3392 1930 3486 confirmavit.¹)

430 3584 438 3592 .
495 3529 599 3594 20.
648 3528 1100 3613 Opportunum
1156 3530 1280 3593 erit
1317 3529 1437 3594 hoc
1493 3530 1633 3594 loco
1685 3530 1878 3593 etiam
1926 3549 2449 3607 commemorare,
2504 3527 2632 3594 Bo-

318 3626 621 3691 nifatium
692 3647 910 3690 mense
971 3623 1311 3690 Decembri
1382 3626 1569 3709 primi
1639 3627 1794 3690 anni
1866 3626 2275 3710 pontificatus
2353 3626 2450 3690 sui
2518 3649 2653 3712 snex,

314 3721 694 3788 cardinales
750 3743 1009 3787 creasse.
1101 3720 1341 3787 Omnes
1397 3727 1586 3787 erant
1630 3722 1749 3786 viri
1807 3743 2183 3806 magnorum
2231 3722 2631 3801 meritorum3

312 3818 426 3882 sed
473 3823 662 3883 erant
699 3819 882 3883 inter.
928 3820 1097 3901 ipsos
1153 3825 1285 3884 tres
1340 3842 1416 3884 ex
1466 3819 1713 3884 familia
1758 3818 2122 3894 Pontificis‚
2179 3818 2469 3884 videlicet
2524 3819 2632 3884 Ja-

312 3914 514 3979 cobus
571 3919 640 3981 et
701 3913 1084 3980 Franciscus
1142 3914 1439 4000 Cajetani
1497 3922 1564 3981 et
1622 3916 1913 3980 Andreas
1971 3937 2050 3979 ex
2110 3915 2451 3979 comitibus
2515 3914 2629 3981 Se·

310 4011 710 4094 gniensibuS.
820 4012 1120 4089 Quamvis
1185 4012 1250 4077 hi
1316 4035 1596 4097 purpura
1661 4012 2016 4096 dignissimi
2093 4018 2341 4090 essent,
2410 4016 2630 4078 tamen

502 4184 542 4254 ¹)
579 4184 646 4238 V.
683 4186 919 4241 Dissert.
956 4186 1372 4253 praecedentem
1412 4192 1468 4240 et
1508 4185 1789 4251 WouterS,
1827 4186 2008 4253 Comp.
2049 4185 2112 4239 Τ.
2151 4185 2223 4239 Π.
2261 4202 2313 4253 p.
2351 4188 2470 4240 306.
