3281 5014
598 388 703 439 458
1029 384 1281 438 XXXVI.
1320 385 1402 438 De
1442 389 1591 437 statu
1628 380 1911 437 Ecclesiae
1949 381 2107 438 initio
2147 398 2287 438 saec.
2323 382 2471 437 XVI.

754 509 873 591 68.
956 525 1343 608 „Praecipue
1412 524 1571 601 Leo,
1642 522 1862 587 scribit
1929 523 2160 607 Alzog,
2231 524 2312 587 ad
2376 524 2900 588 reformationem

434 616 520 646 ’Μ’
593 647 812 708 parum
891 645 1127 707 pronus
1205 622 1607 696 videbatur“;
1685 640 1758 683 ac
1832 617 1979 682 dein
2054 619 2123 682 in
2200 624 2355 684 nota
2424 642 2501 684 ex
2568 619 2902 703 Raynaldo

593 722 670 786 ad
718 742 960 786 annum
1011 720 1179 783 1513
1224 741 1288 783 n.
1324 718 1406 782 97
1452 717 1684 781 refert:
1748 714 1991 793 „Quum
2037 714 2241 780 Leoni
2280 717 2727 795 nuntiaretur,
2774 738 2904 781 me-

593 817 759 881 diam
807 816 940 880 fere
986 816 1418 898 praelatorum
1473 818 1725 897 partem
1772 810 2128 875 desiderare
2184 814 2709 878 reformationem
2755 815 2901 878 uni-

593 914 899 978 versalem
962 913 1031 976 in
1097 915 1236 976 toto
1300 933 1337 975 a
1405 910 1614 993 capite
1681 908 1760 972 ad
1821 907 2041 992 pedeS‚
2110 946 2194 954 —
2263 910 2439 994 Papa
2507 908 2698 992 quasi
2758 909 2902 976 sub-

593 1006 815 1073 ridens
868 1008 1060 1086 dixit,
1114 1008 1275 1073 velle
1332 1006 1809 1090 aliquantulum
1866 1006 2179 1088 cogitare,
2235 1011 2309 1070 ut
2365 1007 2661 1072 omnibus
2718 1008 2904 1072 satis-

593 1107 735 1187 fiat,
803 1110 868 1169 et
914 1104 1006 1168 sic
1062 1106 1130 1168 in
1185 1104 1390 1188 prima
1446 1103 1728 1168 sessione
1784 1101 2003 1166 futura
2062 1102 2440 1182 deliberare,
2497 1108 2573 1167 ut
2617 1104 2901 1169 omnium

593 1201 965 1266 reformatio
1017 1201 1131 1264 fiat
1179 1205 1311 1265 tam
1361 1200 1459 1264 sui
1506 1221 1703 1282 quam
1757 1196 2385 1283 reformatorum“.¹)
2477 1199 2576 1264 Ex
2621 1199 2721 1265 his
2766 1221 2900 1264 cre-

593 1298 771 1362 deres
818 1297 981 1376 fere,
1045 1295 1330 1362 Leonem
1390 1299 1463 1360 ut
1517 1295 1706 1359 futile
1767 1295 1917 1378 quid
1973 1296 2496 1361 reformat-ionem
2554 1296 2743 1361 istam
2788 1296 2901 1360 ha·

591 1395 838 1468 buisse;
903 1393 1013 1458 sed
1078 1393 1130 1458 si
1195 1392 1619 1458 conferuntur
1677 1413 1783 1468 ea,
1853 1413 2018 1475 quae
2087 1415 2165 1457 ex
2227 1391 2455 1457 Paride
2517 1392 2595 1457 de
2656 1391 2902 1458 Grassis

594 1491 907 1575 Magistro
977 1490 1520 1556 caeremoniarum
1593 1484 1921 1571 pontificio
1999 1492 2066 1552 et
2133 1489 2425 1573 episcopo
2490 1489 2915 1573 Pisauriensi,

596 1587 762 1671 apud
809 1586 1220 1671 Raynaldum
1267 1587 1308 1650 l.
1347 1607 1399 1651 c.
1457 1584 1859 1662 referuntur,
1922 1604 2059 1648 rem
2113 1586 2373 1650 omnino
2431 1586 2624 1652 aliter
2678 1609 2745 1651 se
2788 1586 2902 1650 ha-

593 1684 801 1762 buisse
876 1687 1075 1768 patet.
1196 1681 1277 1746 In
1352 1682 1635 1746 sessione
1685 1679 1868 1745 VIII.
1946 1680 2244 1746 videlicet
2318 1690 2448 1747 tres
2523 1681 2903 1749 Sanctiones

595 1783 796 1845 lectae
860 1784 1041 1861 sunt,
1112 1780 1314 1863 prima
1377 1783 1605 1843 contra
1668 1799 1911 1843 errores
1969 1778 2048 1843 de
2105 1779 2322 1844 anima
2381 1779 2666 1844 humana
2723 1803 2901 1863 spar-

593 1899 726 1952 sos3
797 1875 1076 1941 secunda
1142 1878 1217 1942 de
1284 1874 1517 1960 legatis
1578 1875 1908 1940 mittendis
1970 1897 2008 1939 a
2069 1873 2358 1940 Concilio
2425 1876 2503 1940 ad
2567 1874 2902 1960 principes,

594 1982 669 2036 ut
722 1994 846 2056 pax
909 1974 975 2036 et
1036 1971 1355 2056 expeditio
1414 1975 1638 2036 contra
1699 1971 1940 2036 Turcas
2003 1972 2435 2048 obtineretur3
2506 1973 2653 2037 dein
2713 1974 2904 2038 tertia

596 2091 724 2153 qua
773 2067 919 2133 Leo
981 2068 1046 2134 id
1113 2069 1451 2152 praecipue
1512 2069 1939 2151 proponebat,
2007 2091 2075 2133 se
2138 2069 2207 2133 in
2265 2068 2524 2134 Bullam
2586 2069 2902 2152 redegisse

595 2187 759 2250 quae
835 2166 911 2230 ad
990 2163 1518 2248 reformationem
1596 2162 1976 2244 officialium
2050 2164 2272 2230 curiae
2345 2164 2687 2232 Romanae
2763 2188 2903 2250 spe·

595 2268 884 2341 ctarent,
963 2284 1036 2327 ac
1101 2263 1265 2328 velle
1339 2262 1506 2326 hanc
1575 2260 1832 2326 Bullam
1904 2263 1972 2326 in
2047 2263 2250 2329 altera
2318 2265 2598 2328 sessione
2674 2285 2905 2347 propo·

597 2381 770 2424 nere.
885 2358 1099 2423 Finita
1163 2360 1469 2437 lectione,
1533 2358 1737 2423 lector
1798 2357 2083 2423 Joannes
2139 2358 2513 2425 Franciscus
2577 2363 2905 2444 episcopus

596 2455 1012 2521 Taurinensis
1060 2456 1408 2541 quaesivit:
1472 2453 1864 2535 „Placentne
1911 2456 2123 2533 vobis,
2183 2462 2429 2539 patres,
2477 2458 2694 2522 omnia
2739 2477 2906 2541 quae

596 2575 709 2636 per
775 2575 877 2617 me
950 2555 1116 2618 lecta
1189 2553 1495 2617 fuerunt?
1578 2557 1643 2617 et
1712 2559 2105 2618 scrutatores
2180 2559 2328 2618 vota
2403 2554 2905 2639 conquisierunt.

595 2649 697 2715 Ad
766 2650 1032 2733 primam
1114 2655 1181 2713 et
1258 2649 1603 2714 secundam
1673 2650 2069 2714 sanctionem
2149 2671 2398 2714 omnes:
2476 2649 2730 2727 Placet,
2804 2673 2903 2715 re·

593 2746 1013 2829 sponderunt.
1118 2746 1343 2811 Tertia
1402 2746 1525 2810 fuit.
1576 2768 1766 2829 super
1827 2746 2314 2822 reformatione,
2380 2753 2444 2810 et
2509 2748 2732 2811 multis
2796 2747 2905 2810 ab·

593 2843 802 2929 solute
870 2864 1001 2907 non
1072 2843 1340 2926 placuit3
1415 2840 1528 2907 sed
1595 2841 1763 2926 quod
1835 2843 2205 2909 reformatio
2281 2845 2464 2908 fieret
2528 2844 2906 2908 universalis

594 2941 663 3003 in
728 2945 868 3004 toto
928 2962 967 3004 a
1026 2940 1236 3023 capite
1293 2939 1370 3002 ad
1426 2938 1644 3023 pedes:
1707 2961 1835 3023 quo
1896 2939 2114 3005 audito
2181 2940 2357 3024 Papa
2413 2940 2761 3025 quaesivit,
2822 2963 2903 3005 an

597 3037 784 3100 multi
855 3042 1101 3113 essent,
1170 3041 1235 3101 et
1300 3037 1411 3100 ille
1479 3034 1737 3118 (lector)
1804 3037 2161 3120 respondit:
2231 3037 2420 3114 Quasi
2491 3036 2696 3102 media
2759 3057 2904 3120 pars

597 3133 1052 3214 praelatorum·
1097 3132 1206 3217 qui
1279 3137 1494 3197 essent
1562 3154 1600 3196 a
1663 3132 1865 3197 latere
1932 3133 2213 3199 sinistro·
2325 3134 2413 3198 Et
2477 3155 2594 3218 ego
2659 3132 2903 3215 (Paris)

597 3229 704 3312 qui
766 3228 1018 3293 aderam
1079 3230 1376 3313 respondi
1432 3229 1758 3293 similiter:
1820 3228 2071 3306 Placet,
2132 3232 2302 3315 quod
2360 3229 2731 3295 reformatio
2792 3230 2904 3293 fiat

597 3325 1005 3409 universalis,
1073 3330 1137 3391 et
1203 3325 1375 3410 quod
1439 3325 1894 3390 reformatores
1962 3326 2423 3412 reformentur3
2492 3350 2620 3412 quo
2688 3326 2904 3391 audito

598 3422 775 3505 Papa
839 3423 1025 3507 quasi
1087 3422 1423 3488 subridens
1488 3421 1682 3499 dixit,
1756 3424 1914 3487 velle
1980 3426 2385 3509 aliquantum
2457 3425 2765 3508 cogitare,
2832 3427 2905 3486 ut

597 3519 895 3583 omnibus
940 3520 1250 3596 satisfiat,
1310 3523 1375 3583 et
1420 3520 1509 3584 sic
1553 3520 1622 3582 in
1675 3520 1879 3602 prima
1926 3521 2208 3585 sessione
2268 3520 2491 3585 futura
2535 3520 2904 3597 deliberare,

598 3615 765 3698 quod
811 3617 1095 3680 omnium
1158 3615 1531 3680 reformatio
1590 3615 1711 3679 fiat
1765 3619 1899 3680 tam
1953 3618 2048 3681 sui
2103 3640 2295 3701 quam
2350 3617 2898 3683 reformatorum.“

597 3710 774 3775 Haec
835 3733 1019 3789 sane,
1081 3713 1135 3775 si
1195 3717 1367 3777 recte
1428 3712 1909 3796 intelligantur,
1975 3735 2108 3778 non
2170 3714 2548 3791 ostendunt,
2622 3713 2901 3778 Leonem

780 4009 818 4075 ¹)
869 4010 1074 4077 Alzog‚
1127 4010 1195 4064 K.
1244 4008 1308 4063 G.
1358 4009 1420 4063 T.
1469 4009 1543 4062 II.
1601 4007 1651 4078 ἓ.
1702 4011 1807 4063 274
1858 4008 1966 4075 (ed.
2004 4010 2134 4075 8va).
2209 4008 2385 4063 Simili
2441 4009 2652 4064 ratione
2704 4008 2904 4072 Kraus,

597 4091 664 4143 K.
703 4089 767 4143 G.
802 4089 916 4157 (ed.
958 4090 1036 4156 la)
1076 4105 1127 4155 p.
1165 4091 1285 4142 436.
