3281 5014
1077 477 1160 532 De
1195 476 1574 532 Minoritarum
1610 477 1808 533 turbis.
2490 478 2594 530 175

277 616 499 700 ftqura
564 616 1092 684 vestimentorum
1159 620 1471 704 judicium
1544 611 1954 704 Superiorum
2025 618 2419 703 sequendum
2490 619 2594 695 sit,

281 715 539 798 illisque
581 713 824 779 obediri
870 715 990 778 sub
1036 737 1244 799 poena
1290 717 1965 781 excommunicationis
2010 715 2341 804 praecipit.
2425 714 2595 780 Dein

282 833 434 875 vero
499 815 723 878 contra
782 810 1159 877 Fraticellos
1227 834 1585 895 processum
1651 814 1940 879 instituit
2003 817 2069 878 et
2131 835 2188 877 a.
2250 812 2418 876 1318
2482 833 2597 895 per

284 909 539 997 Bullam
577 906 945 974 Gloria-sam
978 906 1341 972 Ecclesiam
1358 908 1408 994 1)
1459 931 1676 975 eorum
1724 931 1970 974 errores
2014 910 2366 975 damnavit.
2447 908 2595 974 Plu-

284 1029 384 1073 res
454 1032 533 1073 ex
591 1005 949 1071 Fraticellis
1020 1005 1489 1087 poenitentiam
1559 1014 1863 1090 egerunt,
1933 1008 2045 1071 alii
2114 1007 2307 1071 variis
2373 1006 2598 1089 poenis

284 1106 499 1171 affecti
544 1110 732 1178 sunt,
781 1102 891 1166 alii
934 1101 1332 1186 aufugerunt
1376 1104 1447 1167 in
1484 1100 1799 1179 Siciliam,
1848 1103 1956 1168 ubi
2004 1102 2108 1168 Fr.
2154 1101 2474 1168 Henricus
2519 1102 2597 1167 de

285 1202 453 1268 Ce'va
498 1199 766 1267 factioni
817 1205 1131 1280 praeerat.
1188 1234 1276 1242 —
1336 1199 1547 1276 Quum
1595 1222 1738 1282 spes
1792 1219 2033 1283 magna
2088 1198 2305 1265 adesse
2352 1197 2599 1264 videre-

286 1305 423 1376 tur,
483 1300 621 1364 fore
671 1300 743 1360 ut
796 1295 1214 1360 factiosorum
1258 1300 1434 1361 secta
1488 1295 1667 1360 brevi
1721 1300 2008 1380 tempore
2062 1296 2600 1381 exstingueretur,

286 1395 655 1461 tristissimo
710 1414 858 1458 casu
913 1391 1172 1470 accidit,
1233 1395 1310 1456 ut
1363 1391 1639 1456 schisma
1693 1392 1899 1457 multo
1944 1394 2152 1479 majus
2206 1394 2275 1457 in
2318 1392 2434 1457 illo
2481 1390 2602 1457 Or·

287 1491 436 1557 dine
504 1489 960 1555 Minoritarum
1025 1510 1137 1572 per
1204 1488 1410 1571 ipsum
1424 1485 1857 1553 ”Michaelem
1924 1488 2343 1556 caesenatem
2415 1489 2600 1553 mini·

286 1592 495 1653 strum
556 1585 928 1670 generalem
990 1585 1299 1663 oriretur,
1370 1585 1466 1649 ita
1524 1590 1599 1653 ut
1658 1606 1825 1668 quae
1889 1599 2168 1669 eousque
2231 1588 2602 1657 evenerant,

287 1682 793 1769 perturbationis
851 1685 1107 1746 tantum
1157 1681 1489 1764 praeludia
1541 1681 1854 1766 quaedam
1904 1681 2171 1748 dicenda
2215 1682 2366 1746 sint.
2459 1681 2601 1746 Hu-

281 1782 392 1865 jus
459 1780 551 1844 rei
614 1779 1011 1844 occasionem
1076 1782 1304 1843 narrat
1364 1778 1833 1843 accuratissime
1896 1776 1961 1843 N
1963 1778 2202 1844 icolaus
2268 1776 2601 1862 Minorita,

291 1876 578 1961 ejusdem
649 1874 984 1941 Michaelis
1051 1874 1393 1940 schismate
1469 1879 1536 1939 et
1608 1874 1858 1950 haeresi
1926 1874 2428 1941 contaminatus.
2540 1873 2603 1937 Is

290 1975 492 2058 igitur
550 1972 800 2049 scribit,
863 1993 1039 2037 anno
1104 1972 1268 2035 1321
1336 1972 1678 2056 quemdam
1739 1971 2105 2056 Beguinum
2170 1972 2331 2050 (sive
2393 1970 2605 2034 Frati-

293 2070 547 2149 cellum)
593 2067 658 2134 N
661 2068 1083 2134 arbonnensis
1130 2068 1411 2153 episcopi
1457 2072 1523 2133 et
1568 2068 1844 2142 Joannis
1889 2067 2126 2133 Belvae
2175 2066 2326 2133 ord.
2377 2066 2631 2133 Praed.'

293 2166 440 2233 fidei
496 2164 795 2231 Censoris
857 2164 1165 2230 mandato
1229 2169 1512 2249 captum,
1572 2170 1639 2229 et
1686 2165 1931 2249 judicio
1983 2164 2263 2230 haeresis
2323 2165 2608 2247 postula·

192 2323 212 2344 ,
293 2269 431 2329 tum
480 2262 695 2327 fuisse.
787 2260 971 2325 Illum
1014 2283 1162 2338 vero
1217 2262 1388 2326 inter
1441 2262 1569 2326 alia
1624 2262 2011 2326 affirmasse:
2068 2259 2254 2339 Quod
2301 2257 2610 2326 Christus

245 2397 248 2400 >
295 2362 356 2423 et
403 2356 701 2441 Apostoli
744 2355 922 2421 viam
957 2347 1383 2439 perfectionis
1430 2360 1764 2439 sequentes
1819 2355 1991 2423 nihil
2043 2355 2417 2423 habuerunt
2448 2357 2610 2439 jure

286 2453 715 2539 proprietatis
774 2456 836 2519 et
896 2452 1173 2520 dominii
1230 2454 1305 2520 in
1366 2452 1661 2538 speciali,
1721 2474 1836 2519 nec
1888 2452 2086 2519 etiam
2139 2452 2213 2519 in
2269 2452 2608 2522 communi.

295 2553 503 2630 Quum
571 2574 721 2617 vero
788 2552 859 2615 in
928 2552 1136 2634 ipsum
1199 2551 1603 2636 judiciariam
1680 2552 2000 2618 actionem
2066 2555 2392 2617 exerceret
2463 2550 2611 2616 fidei

298 2650 572 2728 Censor,
636 2653 830 2733 atque
877 2646 956 2713 ad
1001 2649 1343 2713 concilium
1396 2649 1840 2732 religiosarum
1896 2648 2285 2714 familiarum
2340 2668 2610 2733 praepo·

298 2748 457 2811 sitos
505 2750 572 2810 et
618 2746 832 2829 plures
877 2744 1036 2810 alios
1083 2744 1376 2811 doctores
1424 2748 1897 2829 congregasset,
1946 2767 2025 2809 ex
2069 2745 2147 2811 iis
2176 2743 2610 2828 Berengarius

298 2841 505 2908 Talon
563 2841 872 2907 Minorita
930 2841 1271 2926 theologus
1328 2838 1620 2926 negavit,
1688 2843 2079 2924 superiorem
2136 2841 2478 2915 articulum
2533 2840 2609 2905 de

296 2943 680 3024 paupertate
741 2937 976 3005 Christi
1045 2938 1436 3004 haereticum
1507 2958 1674 3021 esse,
1739 2939 1853 3003 sed
1919 2938 2345 3003 orthodoxum
2414 2942 2482 3000 et
2539 2937 2607 3002 in

299 3036 620 3101 Decretali
667 3034 954 3108 Nicolai,
987 3032 1201 3113 Exiit,
1245 3034 1571 3100 contineri*
1610 3035 1977 3119 contendit3
2032 3035 2273 3100 dictum
2317 3056 2468 3099 vero
2513 3056 2611 3098 re·

300 3154 526 3197 vocare
592 3134 808 3217 jussus
875 3129 951 3194 ad
1019 3129 1248 3196 Sedem
1319 3131 1757 3215 Apostolicam
1821 3134 2208 3214 provocavit.
2325 3130 2423 3195 Ex
2493 3131 2613 3198 hac

300 3228 576 3293 scintilla
619 3228 854 3312 ingens
900 3227 1264 3292 incendium
1313 3232 1528 3292 ortum
1571 3232 1691 3292 est.
1701 3227 1750 3312 2)

477 3377 584 3442 29.
653 3375 813 3441 Cum
886 3377 1057 3440 enim
1122 3374 1553 3467 Berengarius
1620 3377 1686 3440 in
1761 3398 1941 3441 sacro
2008 3375 2441 3441 Cardinalium
2513 3398 2612 3440 se·
2633 3401 2840 3454 Quaestio
2890 3402 2943 3443 «ιθ

303 3478 461 3539 natu
506 3474 941 3557 proposuisset
998 3459 1422 3553 sente-Etiam,
1487 3472 1817 3554 pontificio
1865 3473 2050 3555 jussu
2108 3462 2432 3538 custodiae
2478 3476 2609 3537 tra·-

305 3572 478 3636 ditus
548 3573 676 3646 est,
746 3591 819 3634 ac
886 3569 1334 3653 theologorum
1401 3568 1794 3633 celeberrimi
1862 3569 2006 3634 dein
2071 3573 2301 3637 coetus
2348 3589 2610 3654 congre·

304 3668 474 3751 gati,
552 3670 626 3741 ut
692 3667 1126 3731 controversia
1193 3665 1620 3729 dirimeretur.
1736 3666 1832 3729 Ac
1903 3665 2211 3748 primum,
2287 3669 2361 3731 ut
2431 3687 2611 3730 accu-

303 3767 441 3829 rate
513 3762 807 3847 quaestio
886 3768 1279 3838 versaretur,
1356 3762 2034 3826 excommunicationis
2110 3784 2319 3844 poena
2391 3784 2428 3824 a
2493 3759 2612 3825 Ni-

306 3862 484 3926 colao
540 3858 715 3943 Papa
776 3859 1130 3923 constituta
1195 3860 1264 3924 in
1323 3879 1429 3922 eos
1494 3859 1603 3941 qui
1669 3842 1746 3921 de
1802 3856 1991 3920 Bulla
2043 3856 2240 3921 Exiit
2299 3857 2609 3942 discepta-

483 4127 524 4192 1)
564 4128 766 4182 Bullar.
810 4128 892 4182 ed.
931 4127 1295 4195 Luxemburg.
1333 4143 1380 4181 a.
1423 4130 1576 4180 1727.
1615 4127 1766 4182 Tom.
1805 4128 1849 4180 I.
1888 4143 1936 4193 p.
1980 4130 2096 4182 193.

480 4205 523 4274 ¹¹)
563 4206 672 4260 Cir.
709 4206 1068 4274 Raynaldum,
1109 4208 1180 4260 ad
1214 4223 1262 4260 a.
1304 4209 1456 4260 1322.
1495 4223 1547 4260 n.
1584 4208 1671 4259 53.

410 4300 674 4353 Jungmann,
705 4302 1059 4343 Dissertationes.
1087 4302 1207 4342 Tem.
1239 4300 1319 4342 VI.
2338 4296 2402 4346 12

2667 3466 2917 3517 paupertate

2698 3525 2874 3568 Christi.
