3281 5014
406 2494 651 2537 sectatores

432 2557 621 2599 Wiclefi.

712 402 817 452 322
1309 399 1559 454 XXXIV.
1597 400 1679 453 De
1717 398 1960 453 Concilio
2000 397 2429 454 Constantiensi.

713 542 956 618 sciant,
1017 563 1161 604 eum
1228 563 1362 604 esse
1413 542 2031 605 excommunicatum
2088 562 2126 602 a
2173 539 2341 613 Deo;
2402 540 2693 605 diacono·
2728 549 2792 606 et
2852 564 3022 624 pres-

714 637 940 720 bytero
1001 637 1192 701 licere
1236 637 1501 700 verbum
1562 636 1847 700 divinum
1911 636 2274 719 praedicare
2337 638 2476 700 sine
2535 636 2845 702 facultate
2903 638 3023 701 Pa-

712 755 831 816 pae
915 739 981 798 et
1060 723 1530 816 episcoporum3
1607 733 1901 797 dominos
1976 734 2354 817 temporales
2431 738 2495 797 et
2571 735 3024 799 ecclesiasticos

712 851 825 913 per
886 834 1215 912 peccatum
1283 832 1555 893 mortale
1621 829 1910 893 excidere
1978 852 2094 893 sua
2160 830 2476 913 dignitate
2546 836 2610 894 et
2674 836 3025 918 potestate3

714 926 929 1009 plebes
1003 948 1187 1008 posse
1269 926 1349 990 ad
1435 926 1808 991 arbritrium
1883 927 2200 1009 corrigere
2278 926 2566 990 dominos
2645 927 3021 1011 delinquen-

711 1028 840 1105 tes3
911 1023 1288 1087 fundatores
1352 1022 1666 1088 Ordinnm
1737 1023 2178 1106 religiosorum
2248 1022 2364 1085 hac
2435 1022 2815 1088 fundatione
2880 1046 3024 1107 pec-

712 1142 917 1197 casse,
989 1141 1221 1203 eosque
1294 1120 1405 1203 qui
1470 1120 1539 1183 in
1606 1118 1953 1184 Ordinibus
2024 1119 2337 1203 religiosis
2394 1122 2623 1183 vivunt
2690 1142 2817 1184 non
2889 1143 3024 1185 esse

711 1218 786 1280 de
856 1217 1168 1300 religione
1237 1216 1605 1280 christiana.
1721 1215 2067 1279 Ecclesiam
2131 1215 2486 1279 Romanam
2553 1216 2745 1279 etiam
2816 1218 3023 1300 appel-

709 1314 887 1377 labat
956 1334 1356 1396 synagogam
1430 1317 1726 1388 satanae,
1797 1334 2121 1391 asserenS,
2190 1311 2536 1376 Ecclesiam
2603 1335 2820 1377 veram
2885 1336 3021 1377 esse

710 1412 1109 1493 complexum
1168 1411 1528 1493 justorum3
1598 1409 2070 1491 indulgentiae,
2144 1405 2525 1473 Sanctorum
2594 1410 3020 1475 canonisatio-

706 1529 855 1570 nem
912 1517 977 1569 et
1036 1507 1312 1582 cultum,
1371 1527 1582 1569 sacras
1636 1506 1981 1588 imagineS,
2042 1506 2149 1588 pia
2186 1507 2471 1591 jejunia,
2501 1507 2899 1570 ‘coelibatum
2956 1513 3025 1569 et

707 1603 833 1667 alia
895 1602 1334 1686 oppugnabat.
1444 1600 1810 1665 Universim
1864 1603 2105 1685 rejecta
2152 1602 2468 1666 Ecclesiae
2530 1609 2597 1666 et
2652 1608 3017 1668 sanctorum

714 1700 971 1763 Patrum
1040 1699 1463 1775 auctoritate,
1533 1697 1699 1761 nihil
1765 1698 2149 1762 credendum
2221 1720 2355 1762 esse
2421 1700 2783 1775 statuebat,
2851 1700 3020 1783 quod

705 1818 839 1859 non
895 1797 1064 1859 clare
1129 1796 1577 1860 contineretur
1637 1795 1705 1857 in
1775 1816 1958 1858 sacra
2016 1792 2375 1877 Scriptura,
2446 1818 2639 1878 quam
2698 1796 2891 1860 etiam
2948 1798 3012 1860 in

706 1895 980 1976 patriam
1030 1893 1317 1976 linguam
1364 1892 1741 1966 transtulit,
1792 1896 1865 1954 ut
1913 1913 2132 1955 omnes
2180 1914 2316 1955 eam
2366 1891 2530 1971 (sine
2577 1894 2749 1956 notis
2797 1897 2862 1955 et
2908 1915 3020 1955 ex-

704 1990 1191 2072 plicationibus)
1241 1989 1554 2071 legerent.

882 2087 985 2151 44.
1049 2084 1471 2150 Manifestum
1532 2088 1634 2148 est
1692 2085 1942 2149 Wiclefi
2010 2086 2255 2151 haeresi
2310 2109 2443 2151 non
2501 2091 2756 2151 tantum
2827 2108 3015 2169 pecu·

704 2182 892 2246 liares
963 2182 1263 2266 quosdam
1335 2182 1637 2246 articulos
1706 2182 1855 2245 fidei
1924 2184 2176 2265 impeti,
2246 2184 2357 2247 sed
2427 2185 2625 2266 ipsius
2697 2182 3020 2247 Ecclesiae

706 2278 1162 2356 fundamenta,
1221 2279 1783 2359 constitutionem,
1840 2279 2293 2355 hierarchiam,
2351 2284 2767 2363 potestatem,
2823 2280 3015 2344 insti·

702 2379 876 2453 tuta,
947 2377 1120 2459 leges
1181 2376 1433 2447 subrui,
1499 2376 1829 2459 ipsamque
1899 2376 2272 2440 societatem
2345 2377 2596 2439 civilem
2662 2378 2730 2439 in
2793 2376 3016 2441 discri-

708 2494 855 2536 men
907 2473 1138 2537 vocari.
1247 2470 1686 2537 Nihilominus
1746 2473 1998 2536 invenit
2056 2472 2295 2538 Wiclef
2342 2473 2414 2538 in
2473 2472 2714 2558 Anglia
2775 2474 3016 2538 multos

704 2573 1087 2647 sectatoreS,
1154 2574 1290 2632 tum
1352 2590 1428 2631 ex
1491 2569 1797 2633 litteratis
1855 2574 1920 2633 et
1972 2569 2411 2653 magnatibus„
2480 2576 2619 2634 tum
2682 2593 2758 2635 ex
2810 2570 3013 2635 homi·

702 2665 890 2730 nibus
937 2666 1226 2751 plebejiS.
1317 2664 1420 2728 Ad
1465 2665 1532 2729 id
1578 2667 1758 2729 varia
1802 2667 2230 2730 contulerunt.
2311 2665 2594 2749 Speciem
2641 2670 2814 2732 enim
2861 2689 3016 2751 prae

699 2784 765 2825 se
834 2762 1084 2825 ferebat
1152 2763 1323 2825 vitae
1396 2762 1764 2839 severioris,
1841 2769 1907 2826 et
1982 2763 2207 2839 aulici,
2283 2764 2655 2846 praesertim
2726 2764 3017 2828 Joannes

699 2858 827 2921 dux
879 2857 1294 2922 Lancastriae
1355 2881 1497 2922 eum
1556 2858 2013 2942 protegebant3
2077 2865 2267 2943 grata
2322 2860 2470 2922 dein
2530 2865 2667 2924 erat
2720 2861 3016 2924 doctrina

698 2955 808 3017 illa
871 2955 947 3017 de
1009 2956 1518 3036 praeeminentia
1579 2959 1925 3039 potestatis
1987 2958 2188 3021 civilis
2249 2979 2400 3040 prae
2457 2962 2775 3040 potestate
2839 2958 3011 3022 Pon-

697 3052 886 3115 tificis
952 3055 1018 3114 et
1083 3051 1551 3134 episcoporum,
1620 3074 1694 3116 ac
1758 3053 1834 3115 de
1898 3054 2278 3137 occupandis
2347 3076 2385 3117 a
2447 3057 2766 3136 potestate
2833 3055 3018 3138 regia

697 3148 884 3211 bonis
955 3149 1413 3214 ecclesiasticis,
1535 3149 1810 3213 Facilior
1885 3170 2137 3232 quoque
2216 3155 2354 3213 erat
2430 3172 2712 3213 errorum
2788 3172 3013 3233 propa·

697 3245 872 3328 gatio
942 3249 1202 3326 propter
1261 3244 1534 3309 schisma
1601 3254 1777 3329 post‘
1818 3245 2114 3330 Gregorii
2165 3244 2285 3310 XI.
2353 3254 2623 3311 mortem
2694 3252 3014 3311 exortum.

699 3340 1034 3404 Postremo
1095 3346 1344 3417 tamen,
1411 3364 1608 3425 quum
1668 3344 1925 3407 sectarii
1987 3344 2180 3406 etiam
2241 3345 2562 3407 tumultus
2623 3344 2837 3407 civiles
2904 3366 3011 3407 ex-

696 3438 1003 3513 citarent,
1073 3439 1249 3522 regia
1307 3461 1561 3522 quoque
1622 3439 1970 3503 auctoritas
2032 3439 2101 3501 in
2151 3439 2489 3502 haereseos
2539 3440 2708 3504 illius
2773 3441 3010 3504 exstir-

697 3535 1022 3617 pationem
1090 3536 1404 3600 incubuit.
1521 3536 1716 3599 Anno
1790 3536 1956 3600 1388
2031 3534 2391 3599 Richardus
2455 3535 2539 3599 Π.
2612 3558 2753 3609 rex,
2836 3536 3014 3600 edito

695 3631 962 3693 solemni
1022 3630 1257 3705 edicto,
1321 3631 1516 3697 libros
1579 3636 1645 3696 et
1703 3635 1941 3715 scripta
2001 3633 2219 3697 omnia
2276 3631 2559 3707 Wiclefi,
2622 3633 3014 3716 ubicumque

695 3728 763 3789 in
833 3747 1034 3809 regno
1099 3749 1215 3791 suo
1278 3729 1557 3793 inveniri
1618 3735 1916 3812 possent,
1984 3728 2064 3791 ad
2128 3729 2464 3792 consilium
2525 3751 2709 3792 suum
2773 3728 3011 3793 deferri

687 3824 884 3906 jussit
930 3822 1202 3888 flammis
1248 3825 1595 3902 tradenda,
1660 3847 1863 3908 eaque
1923 3848 1959 3889 a
2007 3827 2234 3908 quovis
2291 3848 2547 3892 suorum
2605 3826 3009 3891 subditorum

695 3920 994 3995 describi,
1055 3921 1243 3984 vendi
1304 3924 1419 3984 ant
1465 3924 1585 3986 emi
1643 3922 1970 4005 prohibuit
2016 3923 2138 3986 sub
2194 3944 2401 4004 poena
2448 3923 2739 3988 carceriS.
2830 3921 3012 3986 Hen-

696 4017 864 4079 ricus
916 4015 1028 4080 IV.
1089 4019 1356 4101 ejusque
1411 4040 1735 4082 successor
1789 4019 2104 4082 Henricus
2154 4017 2238 4083 V.
2311 4024 2536 4084 contra
2593 4018 2847 4082 Wiclefi
2902 4041 3006 4083 se-

694 4114 928 4177 ctarios
987 4114 1158 4197 leges
1221 4115 1415 4178 etiam
1471 4115 1816 4178 severiores
1874 4120 2254 4179 sanxerunt.
2358 4115 2529 4179 Hinc
2580 4118 2716 4206 jam
2776 4122 3014 4180 contra
