3281 5014
1204 419 1241 473 J
1244 435 1446 474 oannes
1484 419 1664 475 XXII.
2488 423 2587 474 159

281 560 484 623 ficam.
577 560 753 625 Dicit
799 564 970 628 enim
1030 563 1099 626 in
1146 583 1262 626 sua
1305 561 1738 627 declaratione
1788 580 2112 644 exponens
2163 560 2587 627 intentionem

286 674 479 737 quam
527 654 701 722 circa
744 656 877 724 ista
920 657 1111 722 habet
1155 661 1216 721 et
1259 656 1516 735 habuit,
1571 680 1638 723 se
1684 658 1878 725 fateri
1932 662 1998 722 et
2043 659 2295 723 credere
2341 660 2587 724 animas

287 764 543 817 sanctas
599 755 813 820 videre
861 756 1064 820 Deum
1121 756 1283 821 facie
1336 754 1414 819 ad
1469 754 1716 819 faciem.
1810 754 2065 820 Pariter
2115 757 2185 820 in
2238 755 2587 840 diplomate

285 847 804 917 Canonisationis
869 850 930 917 S.
996 852 1304 917 Ludovici
1370 851 1676 916 Tolosani
1745 852 2046 916 Pontifex
2112 854 2232 918 ait:
2305 852 2589 917 Tandem

282 943 633 1027 gloriosam
693 947 1016 1014 resolutus
1069 946 1144 1012 in
1190 950 1487 1025 mortem,
1545 946 1661 1028 qui
1715 945 1821 1012 hic
1871 947 2061 1013 vivus
2116 948 2473 1014 ambulavit
2517 948 2592 1014 in

285 1041 661 1108 innocentia
680 1092 695 1120 ,
757 1044 844 1108 ad
900 1042 1459 1126 contemplandum
1513 1042 1587 1108 in
1640 1043 1888 1127 qaudio
1939 1043 2113 1127 facie
2164 1045 2448 1111 revelata
2500 1049 2593 1111 est

286 1137 639 1222 inqressus’.
741 1142 827 1206 Et
875 1141 1135 1206 Parisiis
1187 1140 1417 1206 Frater
1468 1142 1579 1207 ille
1628 1140 1703 1206 O.
1750 1140 1853 1224 P.‚
1911 1142 2024 1226 qui
2075 1144 2211 1226 ipse
2265 1144 2591 1208 existima-

290 1236 432 1312 bat,
490 1237 733 1303 differri
787 1239 1094 1304 visionem
1157 1238 1548 1320 beatificam,
1608 1239 1920 1315 declarat,
1983 1236 2363 1319 Pontificem
2416 1238 2596 1304 haud

289 1335 502 1398 tenere
557 1331 742 1398 illam
798 1332 1178 1399 doctrinam.
1278 1331 1714 1399 Nihilominus
1767 1335 1982 1419 plures
2035 1336 2093 1401 ei
2149 1335 2318 1401 hanc
2363 1337 2591 1402 doctri·

289 1452 440 1493 nam
486 1431 992 1515 adscripserunt;
1040 1431 1151 1495 alii
1195 1432 1423 1494 saltem
1469 1431 1954 1508 existimarunt,
2008 1453 2154 1496 eum
2203 1434 2594 1517 propendere

286 1526 356 1590 in
402 1527 591 1592 istam
638 1528 1049 1593 sententiam.
1145 1526 1205 1591 N
1211 1549 1279 1591 ec
1324 1531 1545 1592 tamen
1591 1527 1977 1592 censendum
2025 1533 2153 1605 est,
2209 1532 2423 1595 minus
2469 1532 2594 1595 sin·

287 1644 495 1688 ceram
559 1623 756 1688 fuisse
820 1623 1318 1688 declarationem
1390 1622 1719 1689 Pontificis
1783 1629 1850 1689 et
1909 1625 2087 1689 illam
2150 1627 2592 1702 assertionem,

287 1718 396 1783 sed
456 1740 560 1783 res
624 1726 772 1804 apte
837 1720 1140 1803 explicari
1200 1723 1415 1801 potest
1479 1719 1578 1784 his
1643 1721 2214 1786 observationibus.
2329 1721 2597 1787 Praeter

289 1816 760 1899 quaestionem,
836 1822 1051 1881 utrum
1126 1815 1326 1880 beatis
1386 1818 1723 1883 animabus
1775 1817 1993 1882 statim
2049 1818 2206 1882 visio
2263 1817 2386 1883 Dei
2444 1841 2591 1883 con·

290 1912 583 1989 cedatur,
641 1935 725 1978 an
786 1936 933 1978 vero
989 1912 1325 1977 differatur
1379 1935 1580 1997 usque
1635 1915 1713 1979 ad
1773 1914 1940 1978 diem
1993 1914 2249 1998 judicii,
2313 1915 2439 1979 alia
2496 1925 2594 1980 est

293 2010 580 2091 quaestio
645 2009 721 2075 de
788 2012 1027 2095 majore
1092 2010 1487 2093 perfectione
1548 2009 1743 2094 hujus
1796 2010 2060 2076 visionis
2121 2015 2185 2076 et
2242 2017 2593 2096 augmento

288 2104 709 2171 beatitudinis
754 2112 896 2190 post
933 2107 1468 2171 resurrectionem
1517 2128 1871 2190 corporum.
1945 2108 2164 2193 Atque
2209 2109 2385 2173 inter
2429 2110 2596 2174 anti·

290 2222 450 2284 quos
497 2202 764 2268 fuerunt
806 2204 913 2288 qui
963 2204 1499 2268 existimaverunt
1543 2225 1687 2266 cum
1736 2202 1803 2268 S.
1835 2204 2225 2289 Augustin0‚
2273 2203 2337 2272 S.
2386 2205 2597 2271 Bona·

290 2302 566 2362 ventura
628 2307 691 2364 et
752 2299 1067 2365 Richardo
1127 2322 1166 2363 a
1227 2298 1290 2365 S.
1322 2298 1614 2378 Victore,
1675 2297 1994 2365 intensive
2048 2302 2228 2365 illam
2288 2303 2597 2367 visionem

286 2394 731 2477 perfectiorem
795 2399 930 2462 fore
948 2444 964 2474 ,
1040 2417 1113 2461 ac
1172 2398 1481 2480 majorem
1538 2395 2004 2462 beatitudinem
2064 2403 2391 2482 resumpto
2459 2420 2596 2464 cor-

288 2512 473 2574 pore,
539 2516 615 2559 eo
669 2492 838 2580 quod
891 2496 1104 2558 status
1160 2493 1411 2559 animae
1464 2498 1802 2577 separatae
1856 2494 2229 2579 praepediat
2282 2496 2599 2580 aliquate.

288 2608 412 2653 nus
469 2613 508 2655 a
566 2591 853 2674 perfecta
907 2589 1327 2656 beatitudine.
1430 2588 1569 2654 Alii
1628 2612 1771 2655 cum
1832 2590 1895 2657 S.
1952 2590 2200 2658 'I'homa
2256 2593 2595 2675 tenebant,

290 2684 613 2753 intensive
690 2688 868 2752 illam
929 2688 1239 2752 visionem
1308 2709 1380 2752 ac
1439 2687 1902 2752 beatitudinem
1968 2688 2138 2752 haud
2202 2688 2341 2753 fore
2404 2691 2600 2774 majo-

292 2781 507 2862 rem.¹)
614 2784 821 2848 Priori
874 2786 1241 2849 sententiae
1299 2784 1606 2848 favebant
1664 2785 1879 2867 plures
1940 2807 2195 2869 quoque
2246 2785 2598 2851 Doctorum

292 2878 775 2957 Parisiensium,
822 2904 981 2966 quos
1027 2903 1139 2946 rex
1186 2880 1524 2964 Philippus
1570 2883 1911 2946 consuluit.
2007 2880 2240 2946 Verum
2286 2886 2396 2960 est,
2444 2883 2597 2947 scri-

288 2976 387 3040 bit
419 2976 852 3042 Continuator
890 2976 954 3041 N
957 2979 1153 3063 angii,
1203 2974 1372 3058 quod
1416 2973 1626 3057 aliqui
1669 2974 1999 3056 dixerunt,
2048 2977 2216 3059 quod
2258 2977 2390 3043 ista
2440 2977 2600 3042 visio

291 3070 366 3137 in
413 3071 516 3136 die
554 3071 802 3154 judicii
856 3071 1203 3155 perfectior
1247 3072 1398 3151 erit,
1458 3075 1519 3135 et
1574 3091 1719 3136 cum
1775 3071 1925 3137 istis
1977 3074 2349 3156 praedictus
2393 3073 2597 3139 Mini-

292 3172 426 3233 ster
481 3189 613 3234 non
672 3174 894 3252 sponte
944 3169 1054 3234 sed
1114 3168 1304 3251 quasi
1365 3171 1619 3233 coactus
1681 3169 2103 3235 concordatas
2159 3174 2268 3235 est.
2370 3171 2599 3237 Eidem

293 3267 581 3349 opinioni
641 3266 873 3332 favisse
931 3266 1251 3332 Joannem
1294 3265 1500 3330 XXII.
1564 3266 1792 3350 conjici
1856 3274 2070 3350 potest
2124 3290 2203 3332 ex
2264 3291 2372 3347 eo,
2431 3269 2600 3354 quod

294 3364 364 3427 in
409 3385 527 3427 sua
570 3364 720 3428 fidei
765 3364 1196 3429 declaratione
1250 3362 1433 3427 dicit:
1497 3360 1728 3426 Vident
1773 3362 1992 3428 Deum
2049 3383 2125 3430 ac
2169 3364 2460 3430 divinam
2507 3385 2599 3429 es-

294 3457 571 3523 sentiam
626 3459 799 3541 facie
845 3458 931 3523 ad
978 3457 1243 3541 faciem,
1298 3457 1373 3522 in
1419 3461 1738 3539 quantum
1796 3462 2010 3525 status
2054 3464 2116 3524 et
2160 3460 2442 3526 conditio
2478 3480 2600 3544 pa-

297 3554 465 3620 titur
518 3556 779 3621 animae
828 3559 1184 3638 separatae.
1239 3593 1321 3602 —
1378 3554 1721 3621 Praeterea
1768 3556 2101 3637 Pontifex,
2161 3581 2359 3643 quum
2414 3580 2604 3644 quae·

297 3653 421 3717 stio
469 3652 546 3717 de
592 3654 837 3718 visione
893 3652 1189 3717 beatifica
1234 3654 1518 3717 nondum
1576 3674 1693 3736 per
1742 3656 2090 3721 solemnem
2147 3656 2423 3740 aliquam
2476 3653 2601 3719 Ec-

295 3748 521 3814 clesiae
566 3749 1062 3814 declarationem
1108 3749 1374 3814 definita
1405 3754 1592 3825 esset,
1637 3750 2056 3831 permittebat
2102 3750 2444 3836 theologis,
2490 3750 2603 3835 qui

297 3842 539 3911 differri
594 3847 759 3909 hanc
803 3845 1111 3910 visionem
1167 3846 1542 3926 censebant,
1596 3866 1777 3909 suam
1830 3848 2195 3930 opinionem
2250 3868 2602 3932 proponere

298 3944 363 4004 et
410 3946 794 4024 argumenta
835 3942 1134 4025 proferre.
1234 3942 1371 4006 Imo
1418 3945 1484 4005 et
1528 3943 1662 4025 ipse
1707 3944 1885 4007 varia
1930 3949 2335 4029 argumenta,
2383 3949 2459 4008 ut
2504 3966 2603 4009 res

481 4152 522 4217 ¹)
560 4151 699 4206 Vide
736 4151 920 4206 Tract.
956 4157 1205 4206 nostrum
1242 4152 1309 4205 de
1344 4149 1691 4217 Novissimis,
1728 4165 1781 4204 n.
1823 4153 1938 4207 170.

404 4245 667 4298 Jungmann,
701 4246 1054 4290 DissertationeS.
1083 4248 1204 4289 Tom.
1234 4247 1314 4289 VI.
2329 4240 2392 4290 11

2695 562 2822 605 Joan—

2644 622 2713 663 nis
2738 623 2884 665 XXII.

2646 686 2872 727 sententia.
