3281 5014
1186 445 1267 498 De
1308 443 1548 498 Concilio
1584 444 1909 501 Basileensi.
2602 450 2702 500 361

385 590 578 659 esset,
640 591 705 649 et
766 585 1082 668 principes
1144 585 1219 649 de
1265 586 1363 649 his
1411 588 1836 653 convenisset.
1927 589 2145 664 Quoad
2205 589 2707 655 declarationem

386 682 464 746 de
511 679 937 746 Conciliorum
985 683 1371 747 auctoritate
1426 683 1739 767 quaedam
1806 687 2090 769 apprime
2147 685 2433 751 notanda
2489 708 2706 751 occur—

393 782 566 842 runt

565 876 669 939 26.
747 875 954 971 Jan‘us
1003 874 1093 958 (p.
1145 875 1298 957 353)
1345 876 1646 941 conviciis
1696 876 1898 941 afficit
1946 877 2340 962 Eugenium,
2398 880 2509 963 qui
2556 878 2703 962 dqx·
2725 885 2909 937 Eugenii
2945 885 3039 955 ‚IV-

388 973 651 1071 ηεξ-19936
714 994 832 1036 sua
901 973 1234 1050 victoriam
1300 973 1754 1056 reportaverit3
1833 973 2169 1039 contendit
2238 980 2488 1052 tamen,
2559 998 2704 1039 eum
2770 949 2996 988 sententm.

387 1069 729 1153 agnovisse
794 1069 864 1132 in
934 1069 1172 1133 litteris
1232 1071 1364 1134 suis
1429 1068 1696 1153 publicis
1759 1070 2013 1134 decreta
2078 1070 2320 1154 Synodi
2385 1071 2708 1137 Constan-

386 1166 612 1231 tiensis
677 1164 755 1229 de
817 1166 1272 1248 superioritate
1339 1165 1794 1230 Conciliorum.
1864 1203 1951 1211 —-—
2015 1167 2243 1232 Posset
2311 1168 2374 1232 id
2436 1169 2708 1233 ulterius

388 1263 537 1326 inde
583 1263 967 1337 confirmari,
1029 1262 1199 1346 quod
1245 1263 1573 1346 postulata
1616 1268 1755 1328 erat
1801 1265 2113 1347 professio
2150 1263 2709 1359 praeeminentiae

384 1358 840 1437 Consiliorum,
906 1365 971 1423 et
1033 1358 1333 1423 Pontifex
1387 1361 1607 1443 petitis
1663 1363 2000 1444 acquievit.
2066 1399 2152 1408 —
2218 1352 2535 1426 Attamen
2584 1362 2710 1424 Eu·

387 1456 614 1539 genius
685 1455 1059 1550 nul-lajtenus
1107 1457 1654 1539 superioritatem
1728 1456 2154 1522 Conciliorum
2222 1481 2415 1542 supra
2491 1458 2708 1523 Ponti·

389 1554 568 1616 ficem
636 1552 911 1617 admisit.
1004 1551 1262 1617 Etenim
1320 1555 1390 1616 in
1451 1554 1687 1617 litteris
1736 1556 2064 1619 occasione
2128 1554 2384 1627 illorum
2434 1554 2707 1619 Concor·

387 1649 679 1714 datorum
745 1649 1086 1732 publicatis
1143 1649 1236 1713 ita
1298 1649 1597 1714 habetur:
1669 1649 2066 1730 „Concilium
2127 1656 2341 1716 autern
2406 1650 2710 1736 generale

391 1744 913 1822 Constantiense,
973 1746 1295 1810 decretum
1344 1743 1683 1826 Frequens
1729 1770 1801 1813 ac
1855 1749 1981 1810 alia
2029 1750 2163 1832 ejus
2210 1748 2488 1823 decreta,
2546 1748 2711 1811 sicut

389 1849 640 1908 caetera
685 1844 811 1907 alia
863 1842 1148 1907 Concilia
1193 1842 1571 1906 catholicam
1627 1845 2012 1909 militantem
2066 1844 2412 1909 Ecclesiam
2459 1865 2710 1928 reprae-

388 1940 738 2014 sentantia,
785 1940 1062 2022 ipsorum
1109 1940 1578 2023 auctoritatem,
1625 1946 2033 2025 potestatem,
2089 1942 2396 2007 honorem
2444 1950 2509 2007 et
2553 1939 2711 2025 emi·

390 2036 708 2115 nefflm2
773 2037 940 2100 sicut
1004 2042 1071 2100 et
1146 2038 1382 2101 caeteri
1461 2042 1900 2102 antecessores
1971 2038 2211 2112 nostri,
2293 2038 2369 2102 de
2438 2059 2708 2122 quorum

391 2135 675 2218 vestigiis
734 2133 989 2205 deviare
1046 2155 1457 2217 nequaquam
1514 2134 1944 2211 intendimus,
2004 2136 2410 2217 suscipimuS,
2471 2134 2713 2217 ample-

389 2233 650 2307 ctimur,
726 2236 793 2293 et
856 2228 1302 2296 veneramur.“
1413 2229 1646 2314 Itaque
1720 2227 1788 2293 1⁰
1855 2231 1959 2295 hic
2028 2237 2288 2295 tantum
2359 2231 2710 2295 universim

392 2327 697 2392 Pontifex
746 2328 1101 2410 profitetur,
1158 2349 1223 2390 se
1281 2327 1559 2410 recipere
1606 2327 1963 2391 Concilium
2012 2327 2543 2405 Constantiense,
2601 2327 2713 2390 de-

393 2429 637 2488 cretum
703 2421 1039 2503 Frequens
1111 2427 1176 2487 et
1246 2425 1374 2488 alia
1436 2424 1570 2506 ejus
1634 2423 1920 2499 decreta;
1990 2425 2140 2488 inde
2209 2429 2428 2488 autem
2498 2423 2710 2487 nnlla-

393 2528 583 2586 tenus
653 2522 1077 2605 sequebatur,
1154 2523 1346 2586 etiam
1421 2521 1667 2586 famosa
1741 2522 1853 2587 illa
1933 2522 2231 2587 sessionis
2305 2526 2576 2605 quartae
2647 2528 2714 2585 et

395 2620 663 2702 quintae
722 2618 979 2683 decreta
1041 2619 1266 2701 recipi,
1325 2640 1522 2703 quum
1575 2619 1710 2701 jam
1761 2619 2086 2683 Martinus
2124 2617 2184 2683 V
2244 2621 2713 2710 restrictionem

395 2716 674 2790 fecisset,
753 2716 1018 2799 ipseque
1086 2715 1420 2800 Eugenius
1484 2716 1728 2798 pariter
1798 2719 1994 2780 antea
2055 2709 2715 2780 limites—statuisset.

394 2811 703 2897 Apprime
747 2833 937 2895 porro
984 2811 1440 2876 advertendum
1490 2817 1615 2887 est,
1682 2834 2090 2895 nequaquam
2127 2809 2714 2893 praeeminentiam

396 2909 827 2974 Conciliorum
907 2911 1200 2990 agnosci,
1277 2909 1399 2991 sed·
1463 2896 1895 2994 dignitatern*'
1922 2907 1988 2973 et
2057 2907 2502 2987 eminentiam,
2572 2930 2713 2971 ver-

396 3006 676 3090 bumque
732 3005 920 3082 illud,
986 3005 1155 3089 quod
1218 3005 1739 3088 superioritatem
1802 3005 2227 3071 Conciliorum
2294 3006 2713 3089 exprimebat,

397 3102 615 3167 sedulo
665 3102 908 3166 evitari.
1001 3101 1201 3165 Addit
1248 3104 1442 3166 etiam
1488 3101 1848 3185 EugeniuS,
1902 3123 1969 3165 se
2018 3102 2305 3185 vestigiis
2361 3106 2718 3166 antecesso-

398 3221 539 3263 rum
596 3199 923 3276 insistere,
991 3198 1275 3283 adeoque
1332 3199 1578 3272 innuit,
1647 3200 1895 3262 nullam
1959 3220 2187 3262 novam
2245 3199 2716 3264 concessionem

398 3319 436 3359 a
519 3318 585 3359 se
671 3296 826 3360 fieri.
942 3295 1015 3357 20
1100 3294 1592 3379 Significaverat
1660 3294 1992 3379 Eugenius
2068 3317 2242 3360 anno
2321 3295 2718 3379 praecedente

399 3394 674 3476 epistola
743 3393 895 3457 data
963 3392 1075 3457 XI.
1142 3392 1270 3457 kal.
1343 3393 1654 3475 Augusti,
1743 3393 1972 3476 legatis
2037 3392 2168 3457 suis
2231 3393 2302 3456 in
2373 3391 2721 3456 Germania

401 3489 846 3572 existentibus,
896 3512 964 3553 se
999 3491 1280 3574 recipere
1317 3488 1676 3553 Concilium
1708 3487 2209 3552 Constantiense
2257 3494 2320 3553 et
2354 3487 2720 3552 Basileense

401 3608 603 3669 usque
671 3586 749 3650 ad
825 3587 1351 3668 translationem,
1436 3583 1673 3665 absque
1756 3587 1973 3649 tamen
2039 3583 2453 3668 praejudicio
2514 3581 2718 3664 juriS,
2778 3576 2865 3682 >Q

400 3681 747 3765 diynitatis
815 3686 875 3746 et
932 3679 1489 3765 praeeminentiae
1559 3678 1746 3745 Sedis
1821 3679 2241 3763 Apostolicae.
2367 3681 2538 3745 Hinc
2608 3702 2720 3763 per
2762 3675 2777 3692 ²

367 3780 727 3862 postulata
793 3781 872 3843 ab
943 3780 1168 3843 Aenea
1228 3777 1449 3861 Sylvio
1533 3799 1859 3861 expressa,
1936 3785 2008 3841 ut
2079 3778 2413 3862 Eugenius
2485 3776 2720 3841 litteris

403 3877 688 3940 firmaret
755 3876 924 3959 quod
997 3898 1107 3960 per
1175 3880 1458 3939 oratores
1536 3874 1748 3958 quoad
1815 3875 2218 3958 agnitionem
2288 3874 2717 3939 Conciliorum

402 3973 812 4055 promiserat,
871 3974 1006 4056 jam
1072 3994 1186 4056 per
1244 3995 1313 4037 se
1378 3972 1660 4055 intelligi
1724 3993 1858 4035 non
1923 3979 2210 4055 poterat,
2280 3972 2404 4035 nisi
2472 3970 2721 4054 agnitio

402 4091 546 4133 cum
607 4070 723 4134 tali
783 4070 1206 4134 restrictione.
1299 4068 1580 4134 Verbum
1643 4068 1903 4152 quidem
1950 4065 2503 4150 praeeminentiae
2559 4065 2723 4129 Con-

403 4167 693 4230 eiliorum
743 4166 809 4229 in
854 4168 1195 4249 postulatis
1245 4167 1599 4230 adhibitum
1651 4170 1768 4242 est,
1818 4166 1926 4228 sed
1977 4168 2288 4230 evitatum
2339 4164 2603 4228 omnino
2651 4162 2718 4226 in
