3281 5014
1077 429 1160 482 De
1200 428 1413 495 Synodo
1450 430 1786 486 Florentino..
2489 436 2591 487 369

274 570 914 636 recenseatur‘inter
961 569 1248 634 Concilia
1307 572 1656 655 generalia.
1759 573 1935 649 Quod
1990 595 2139 636 vero
2204 575 2281 638 ad
2340 573 2591 640 decreta

271 672 553 750 spectat,
620 689 749 731 non
811 672 1105 750 apparet,
1169 666 1450 750 Eugenii
1507 667 2005 735 declarationem
2059 693 2126 734 se
2186 671 2263 734 ad
2319 671 2432 735 illa
2480 694 2591 736 ex-

271 765 563 829 tendere.
656 762 780 827 Sed
824 763 1357 847 quemadmodum
1406 767 1542 849 jam
1603 766 1670 827 in
1718 765 2006 831 Concilio
2055 764 2437 830 Florentino
2485 768 2591 831 de-

272 863 661 936 claraverat,
717 882 785 924 se
842 861 1229 943 approbasse
1284 861 1837 927 continuationem
1894 863 2190 940 Concilii,
2254 885 2386 927 non
2445 886 2595 928 vero

276 960 416 1042 ejus
474 957 758 1033 decreta,
814 957 909 1021 ita
964 957 1156 1021 etiam
1213 944 1521 1022 anesim
1576 959 1920 1024 declaratio
1976 959 2314 1024 referenda
2372 967 2468 1025 est
2514 962 2594 1025 ad

271 1052 763 1118 celebrationem
810 1053 1095 1131 Concilii,
1137 1054 1381 1139 judicio
1428 1054 1505 1119 de
1551 1055 1823 1120 decretis
1868 1065 2211 1121 reservato,

456 1205 558 1266 35.
617 1202 737 1267 His
781 1225 945 1286 quae
1001 1203 1275 1268 diximus
1322 1206 1481 1269 satis
1539 1210 1899 1270 consonant
1947 1228 2109 1289 quae
2159 1206 2480 1270 habentur
2522 1207 2593 1270 in
2636 1217 2901 1260 Constantio

275 1300 762 1364 Constitutione
808 1299 1051 1364 Pastor
1097 1303 1402 1365 aeternus
1447 1324 1483 1364 a
1531 1301 1750 1365 Leone
1795 1300 1911 1379 X.,
1969 1324 2150 1366 sacro
2197 1304 2594 1386 approbante
2622 1285 2918 1384 ‘'⁶²⁸‘⁰‚su3‘f⁰‘e’''

274 1397 565 1460 Concilio
616 1396 1041 1462 Lateranensi
1076 1397 1180 1473 V„
1239 1397 1339 1462 die
1398 1395 1469 1462 9⁰
1515 1396 1885 1462 Decembris
1944 1421 2115 1463 anno
2181 1400 2348 1474 1516
2405 1400 2596 1464 edita.

275 1491 415 1557 Nec
468 1490 636 1556 illad
692 1513 810 1557 nos
864 1513 1113 1557 movere
1170 1493 1373 1573 debet,
1438 1492 1607 1574 qaod
1653 1491 1919 1558 Sanctio
1970 1493 2116 1576 ipsa
2178 1495 2597 1580 (pragmatica
2661 1506 2696 1538 v

278 1590 494 1654 Caroli
529 1589 703 1673 VH.)
765 1595 825 1654 et
878 1589 952 1655 in
1010 1609 1083 1653 ea
1140 1594 1439 1655 contenta·
1495 1589 1569 1653 in
1626 1588 1997 1655 Basileensi
2061 1590 2345 1657 Concilio
2403 1591 2595 1671 edita,

276 1690 370 1765 et,
427 1684 569 1768 ipso
633 1685 917 1752 Concilio
970 1686 1261 1751 instante
1315 1707 1357 1750 a
1414 1685 1827 1752 Bituricensi
1883 1687 2374 1769 conyreyatione
2429 1709 2598 1754 rece-

267 1787 396 1867 pta
457 1787 517 1846 et
577 1788 905 1866 acceptata
959 1783 1267 1865 fuerunt,
1343 1804 1542 1865 quum
1605 1804 1680 1848 ea
1741 1784 1960 1849 omnia
2012 1789 2164 1867 post
2223 1785 2599 1851 translatio-

282 1900 430 1944 nem
490 1879 773 1962 ejusdem
831 1879 1233 1944 Basileensis
1298 1878 1572 1945 Concilii
1621 1902 1748 1963 per
1807 1882 2191 1947 reverendae
2253 1883 2601 1948 memoriae

284 1975 663 2058 Enyenium
720 1975 974 2059 Papam
1031 1975 1183 2056 1V.,
1248 1976 1443 2040 etiam
1503 1977 2058 2059 praedecessorem
2111 1982 2408 2044 nostram
2419 2029 2437 2060 ,
2480 1979 2598 2061 fa-

278 2077 475 2151 ctam,
525 2093 567 2136 a
612 2072 987 2139 Basileensi
1032 2072 1458 2138 conciliabulo
1503 2094 1617 2138 sea
1660 2074 1880 2157 potius
1927 2076 2387 2155 conventicula,
2437 2096 2601 2158 quae

267 2169 760 2253 praesertim
819 2174 968 2251 post
1030 2169 1408 2253 hujusmodi
1471 2170 1968 2235 translationem
2037 2170 2393 2237 Concilium
2464 2192 2598 2238 am-

270 2263 460 2350 plius
515 2256 838 2349 appellari
892 2288 1024 2332 non
1079 2266 1474 2346 merebatur,
1512 2267 1712 2348 facta
1766 2267 2151 2332 exstiterint.
2246 2269 2402 2334 Cum
2453 2292 2598 2335 con·

286 2369 536 2447 temptu
602 2363 875 2448 quodam
943 2365 1045 2429 hic
1116 2366 1191 2429 de
1257 2363 1518 2448 Synodo
1583 2365 1711 2429 ista
1776 2363 2081 2429 Pontifex
2146 2367 2462 2448 loquitur,
2536 2372 2600 2430 et

278 2483 484 2545 quum
530 2459 722 2537 dicat,
767 2459 1158 2543 praesertim
1202 2467 1349 2545 post
1394 2461 1891 2526 translationem
1938 2461 2105 2527 haud
2153 2484 2334 2546 posse
2383 2463 2600 2547 appel-

287 2558 407 2621 lari
455 2552 1333 2642 Conciliumsadsignificat,
1398 2558 1686 2623 rationes
1750 2558 1942 2622 etiam
2001 2582 2131 2623 non
2188 2559 2428 2637 deesse,
2491 2583 2604 2624 cur

281 2655 388 2719 vel
435 2660 587 2719 ante
629 2655 831 2738 ipsam
882 2656 1400 2729 translationem,
1447 2656 1577 2719 tale
1624 2678 1864 2719 nomen
1911 2655 2017 2718 vix
2065 2661 2409 2722 mereatur.
2503 2656 2599 2720 Ex

280 2774 414 2836 quo
468 2751 824 2836 colligitur,
881 2752 961 2815 ab
1010 2751 1296 2816 Ecclesia
1358 2773 1432 2816 eo
1487 2758 1776 2835 tempore
1826 2751 2182 2817 Concilium
2231 2752 2602 2818 Basileense

278 2854 361 2912 'ut
409 2850 885 2912 oecumenicum
935 2870 1136 2932 usque
1184 2848 1261 2911 acl
1305 2849 1818 2931 translationem,
1865 2850 2162 2933 agnitum
2207 2872 2337 2914 non
2385 2850 2602 2914 fuisse.

285 2945 365 3009 In
414 2945 695 3009 editione
745 2944 1176 3009 Conciliorum
1225 2944 1466 3009 Romae
1514 2968 1570 3010 a.
1618 2945 1787 3008 1609
1839 2947 2024 3027 facta,
2071 2945 2380 3011 suadente
2426 2946 2602 3011 Bell-

278 3043 555 3119 armino‚
604 3042 958 3108 Concilium
1005 3041 1381 3106 Basileense
1423 3042 1720 3105 omissum
1773 3040 1976 3123 fuit.¹)

1400 3361 1495 3428 11.

903 3501 1034 3567 De
1080 3501 1403 3581 synodo
1450 3498 1977 3564 Florentiam.

465 3675 567 3738 36.
627 3673 840 3737 Pauca
898 3674 1243 3737 innuamus
1305 3672 1382 3736 de
1437 3670 1728 3736 fontibus
1793 3670 1904 3754 qui
1945 3667 2281 3733 historiam
2332 3667 2601 3732 Concilii
2692 3698 2869 3739 Fontes,

283 3770 651 3835 Florentini
723 3770 1079 3834 continent.
1201 3768 1614 3853 Locupletem
1678 3767 1870 3852 hujus
1932 3765 2200 3829 Concilii
2270 3764 2602 3828 historiam

273 3888 511 3951 graece
569 3866 993 3949 conscriptam
1049 3888 1193 3930 011111
1253 3866 1414 3931 actis
1474 3870 1537 3929 et
1595 3863 1995 3928 documentis
2053 3863 2182 3946 jam
2242 3861 2416 3925 brevi
2462 3867 2605 3944 post

274 3963 648 4029 Concilium
712 3963 990 4027 confecit
1054 3969 1278 4027 auctor
1340 3984 1637 4046 graecuS,
1706 3962 1815 4045 qui
1880 3981 2117 4025 nomen
2179 3981 2365 4023 suum
2429 3961 2601 4041 operi

474 4170 511 4240 1)
555 4171 618 4225 v,
659 4171 870 4237 Hefele,
908 4169 966 4224 C.
1005 4171 1086 4235 G„
1124 4171 1186 4223 Β.
1225 4171 1269 4223 Ι.
1306 4169 1650 4238 Einleitung.
2289 4252 2389 4306 24*
