3281 5014
698 443 801 497 102
1152 442 1356 497 XXXI.
1393 444 1477 500 De
1513 444 1813 501 abolitione
1850 445 2068 500 Ordinis
2106 446 2551 515 Templariorum.

383 582 636 627 ⁰⁰¹²¹¹¹²i⁸⁸¹⁰
870 586 973 654 21.
1045 584 1528 651 Constitutione
1596 585 1720 651 hac
1782 584 2063 670 Faciem-s·
2127 585 2673 653 misericordiam
2710 588 3005 676 Clemens

394 646 640 766 fogei&
695 663 1224 748 Commissionem
1268 682 1566 748 instituit
1609 663 1969 766 specialem,
2017 707 2100 750 ex
2132 685 2425 769 pluribus
2472 686 2782 772 episcopis
2827 687 3007 751 aliis-

693 801 819 862 que
889 780 1043 845 viris
1105 778 1557 855 ecclesiasticis
1625 781 2067 864 compositam,
2144 803 2310 866 quae
2374 782 2652 866 primum
2720 783 2789 847 in
2857 805 3002 867 pro-

691 876 904 941 vincia
944 860 1335 951 Senonensi,
1395 874 1545 942 dein
1598 876 1670 939 in
1725 876 1868 942 aliis
1921 878 2265 961 provinciis
2310 900 2579 944 examen
2635 878 2712 944 de
2762 877 3006 945 Ordine

692 971 1200 1058 Templariorum
1269 972 1657 1061 susciperet,
1724 973 1819 1037 ita
1886 978 1964 1040 ut
2025 971 2373 1058 Templarii
2441 976 2798 1042 citarentur
2865 981 3007 1041 tan·

691 1091 886 1153 quam
916 1071 1128 1133 testes
1172 1067 1488 1134 audiendi.
1583 1068 1882 1140 Facultas
1928 1070 2121 1134 etiam
2175 1071 2330 1155 ipsis
2375 1072 2550 1137 facta
2596 1076 2726 1151 est,
2781 1078 2855 1138 ut
2898 1072 3004 1137 de·

689 1165 974 1230 fensores
1024 1188 1099 1231 ex
1148 1163 1387 1230 Ordine
1444 1165 1567 1229 sibi
1621 1165 1956 1255 eligerent.
2046 1164 2302 1232 Similes
2360 1169 2840 1235 commissiones
2890 1191 3005 1253 pro

686 1262 900 1337 Italia,
951 1260 1317 1339 Germania,
1368 1262 1623 1346 Anglia,
1670 1262 1935 1337 Castilia
1979 1267 2045 1328 et
2092 1264 2233 1336 aliis
2279 1252 2493 1351 regnis
2543 1266 2785 1350 pariter
2833 1266 3008 1332 Pon-

688 1358 849 1443 tifex
896 1359 1268 1440 constituit,
1322 1349 1847 1443 principibusque
1897 1347 2258 1445 mandavit,
2318 1366 2393 1426 ut
2446 1384 2666 1428 omnes
2711 1361 3002 1447 Templass

689 1454 770 1518 rii
816 1455 897 1518 in
950 1440 1237 1519 custodia
1297 1454 1763 1520 detinerentur.
1874 1455 2184 1522 Poterant
2241 1411 2468 1524 ’tamen
2529 1463 2784 1544 praeter
2841 1481 3004 1525 com·

687 1551 1050 1616 missionem
1135 1552 1534 1635 pontificiam
1608 1552 2027 1636 inquisitores
2099 1559 2165 1619 et
2239 1556 2545 1640 episcopi,
2621 1560 2697 1620 ut
2758 1555 3003 1640 judices

571 1669 575 1673 ·
688 1646 1025 1725 ordinarii,
1086 1669 1417 1731 processus
1475 1653 1704 1713 contra
1763 1646 2160 1733 Templarios
2218 1653 2511 1738 singulos
2573 1653 2793 1717 eodem
2849 1659 3005 1718 tem·

689 1766 840 1827 pore
881 1746 1199 1828 prosequi.
1286 1743 1634 1809 Praeterea
1682 1767 1794 1829 per
1836 1744 2093 1810 Bullam
2140 1746 2459 1831 Reqnans
2502 1747 2577 1813 in
2622 1747 2809 1813 coelis
2851 1748 2911 1813 d.
2942 1748 3001 1833 d,

693 1836 805 1908 12⁰
873 1842 1182 1930 Augusti,
1246 1840 1560 1926 ‘Clemens
1632 1842 1991 1907 universale
2069 1843 2305 1909 indixit
2383 1844 2740 1910 Concilium
2802 1844 3002 1910 Vien-

686 1959 823 2016 nae
869 1937 970 2000 die
1036 1937 1129 2000 1⁰u
1162 1936 1460 2003 Octobris
1512 1938 1672 2003 anni
1707 1939 1890 2029 ..1310
1952 1940 2436 2017 celebrandum,
2496 1946 2570 2006 ut
2626 1941 2859 2006 ibidem
2926 1940 3004 2005 de

687 2035 951 2118 negotio
1026 2032 1535 2117 Templariorum
1562 2081 1576 2109 ,
1664 2034 1742 2098 de
1820 2037 2225 2121 suscipienda
2311 2038 2717 2123 expeditione
2800 2038 3003 2115 cruci-

689 2135 829 2205 ata,
885 2136 951 2217 et
990 2130 1074 2204 ¹de
1121 2131 1574 2196 reformatione
1622 2130 1942 2196 Ecclesiae
1987 2139 2310 2216 ageretur.
2398 2133 2635 2201 Postea
2681 2156 2830 2199 vero
2875 2135 3002 2220 ἰιιὶ-Δ

688 2227 853 2290 tium
899 2224 1169 2291 Concilii
1225 2249 1426 2312 usque
1487 2228 1565 2292 ad
1619 2227 1789 2292 diem
1851 2230 1957 2292 1¹²¹*
1987 2229 2299 2306 Octobris
2343 2253 2515 2297 auno
2570 2233 2731 2296 1311
2782 2253 3004 2316 proro-

687 2328 910 2409 gatum
956 2325 1103 2390 fuit.

863 2457 967 2521 22.
1038 2454 1252 2522 Annis
1318 2456 1739 2540 sequentibus
1800 2479 2003 2543 usque
2066 2457 2146 2522 ad
2209 2457 2706 2525 celebrationem
2771 2457 3000 2526 Conci-

687 2553 757 2617 lii
817 2552 1208 2619 Viennensis
1276 2575 1606 2637 processus
1680 2560 1907 2620 contra
1976 2554 2283 2621 Ordinem
2354 2554 2604 2641 Templi
2670 2558 2862 2622 variis
2930 2559 2998 2621 in

686 2649 1085 2734 regionibus·
1126 2651 1540 2716 continuatus
1608 2651 1764 2729 fuit,
1835 2658 2031 2736 atque
2098 2656 2265 2716 tum'
2308 2653 2784 2718 commissiones
2848 2676 3001 2738 pon-

685 2747 954 2825 tificiae,
1025 2753 1163 2811 tum
1227 2749 1335 2812 a'lii
1394 2747 1642 2832 judices
1710 2749 2060 2832 permultos
2124 2747 2520 2831 Templarios
2589 2751 3000 2815 examinave-

684 2853 857 2907 runt.
950 2844 1150 2909 Varia
1202 2843 1584 2911 documenta
1638 2844 1759 2910 hoc
1812 2845 1890 2910 de
1944 2846 2208 2929 negotio
2264 2849 2556 2922 exstant,
2612 2846 2786 2910 inter
2832 2868 2999 2930 quae

684 2940 1096 3024 praecipuum
1157 2946 1342 3006 tenet
1395 2942 1605 3007 locum
1662 2963 1929 3006 examen
1982 2941 2443 3006 commissionis
2499 2941 2876 3025 pontificiae*
2927 2944 2996 3008 in

687 3035 899 3101 Gallia
966 3037 1306 3102 institutae
1326 3086 1342 3112 ‚
1414 3034 1598 3121 cujus
1663 3037 1953 3102 'membra
2022 3043 2208 3102 erant
2275 3037 2581 3122 Aegidius
2648 3037 2997 3107 d’Aiscelin

685 3133 1193 3219 archiepiscopus
1265 3133 1326 3197 N
1332 3134 1758 3199 arbonnensis
1773 3163 1791 3211 ,<
1853 3132 2202 3199 Durandus
2269 3135 2600 3218 episcopus
2660 3126 2999 3200 Mimaten-

683 3230 770 3294 sis
825 3226 1142 3314 (Mende),
1207 3231 1482 3315 episcopi
1538 3229 1907 3314 Bajocensis
1966 3235 2035 3294 et
2096 3229 2569 3296 Lemovicensis
2624 3229 2997 3315 (Limoges)‚

684 3327 926 3410 aliique
983 3334 1264 3411 quatuor
1311 3326 1642 3412 dignitarii
1690 3326 1966 3392 minores
2022 3325 2431 3392 ecclesiastici
2486 3348 2628 3391 cum
2675 3325 2997 3412 adjunctis

684 3424 971 3490 notariis.
992 3421 1041 3509 1)
1150 3424 1534 3488 Habuerunt
1594 3421 1662 3486 hi
1720 3422 1980 3488 Parisiis
2021 3424 2350 3488 sessiones
2410 3444 2586 3498 suas,
2653 3423 2997 3489 intervallo

684 3516 963 3604 quodam
1022 3521 1432 3604 interposito,
1497 3518 1647 3583 inde
1709 3542 1748 3584 a
1815 3518 1916 3584 die
1982 3516 2053 3584 70
2106 3519 2383 3604 Augusti
2445 3541 2503 3583 a.
2568 3520 2737 3584 1309
2797 3541 2996 3604 usque

683 3616 763 3682 ad
819 3617 975 3681 26⁰⁸·
1021 3612 1182 3701 Maji
1229 3610 1412 3681 'anno
1470 3615 1662 3681 1311.
1763 3616 1942 3684 Haec
1986 3615 2362 3682 Commissio
2398 3617 2998 3700 ‘negotium-suum*

828 3851 832 3859 v
865 3789 906 3856 ¹)
955 3790 1099 3855 Acta
1138 3791 1274 3845 haec
1326 3795 1550 3858 exstant
1599 3806 1685 3858 ap.
1725 3789 2012 3856 Michelet‚
2061 3789 2262 3844 Proces
2313 3789 2407 3844 des
2444 3788 2776 3856 Templiers,
2833 3789 2994 3844 Paris

684 3872 1050 3925 1841—1851.
1124 3870 1421 3925 Continent
1457 3870 1562 3924 duo
1607 3869 1913 3930 volumina:
1962 3869 2020 3922 1⁰
2053 3868 2257 3923 Proces
2296 3869 2392 3923 des
2431 3868 2759 3936 Templiers,
2811 3884 2994 3924 coram

684 3949 833 4004 dicta
870 3949 1276 4004 Commissione.
1329 3980 1394 3987 —
1444 3948 1503 4002 2⁰
1536 3948 1974 4016 Interrogatoire
2024 3946 2145 4001 subi
2167 3967 2173 3973 ·
2193 3964 2260 4001 au
2310 3946 2534 4015 Temple
2584 3947 2651 4000 de
2687 3946 2847 4001 Paris
2893 3962 2995 4014 par

688 4031 788 4083 140
812 4028 1120 4096 Templiers
1166 4029 1372 4083 devant
1414 4028 1467 4083 le
1510 4027 1657 4081 frere
1702 4027 2011 4082 Guillaume
2059 4027 2125 4082 de
2167 4026 2326 4081 Paris
2373 4026 2443 4080 du
2497 4028 2562 4079 19
2600 4025 2835 4082 Octobre
2872 4025 2994 4094 jus·

683 4107 843 4176 qu’au
896 4111 968 4161 24
1020 4107 1156 4161 Nov.
1216 4109 1369 4160 1307.
1425 4136 1494 4144 ——
1548 4104 1609 4158 3⁰
1650 4105 2087 4174 Interrogatoire
2140 4106 2235 4161 des
2291 4103 2596 4174 Templiers
2652 4104 2722 4157 du
2774 4103 2991 4159 diocese

684 4186 890 4242 d'Elne.
