3281 5014
1004 410 1087 464 De
1126 410 1574 466 condemnatione
1612 411 1819 466 Hussii.
2467 414 2571 466 335

253 559 388 620 stas
454 553 650 618 nullis
706 555 940 636 pactiS,
1004 553 1540 617 conventionibus
1607 558 1722 617 aut
1782 554 2109 637 promissis
2174 554 2568 637 spiritualem

252 655 468 736 potest
514 651 746 734 ligare,
792 650 894 713 vel
939 648 1305 733 prohibere,
1355 671 1437 712 ne
1475 649 1792 732 judicium
1835 651 2008 714 ferat
2052 652 2122 714 in
2169 672 2359 714 causa
2404 672 2570 734 quae

255 747 378 812 fori
438 747 850 812 ecclesiastici
911 752 1026 810 est.
1115 744 1297 808 Istud
1344 745 1614 810 Concilii
1681 747 2002 811 decretum
2069 745 2364 810 omnibus
2428 746 2570 809 aliis

250 843 499 928 legibus
556 843 994 907 ecclesiasticis
1041 863 1393 906 consonum
1439 842 1792 908 invenitur.
1846 878 1934 887 —
1990 844 2178 907 Alter
2220 842 2414 926 hujus
2463 842 2567 904 de-

252 941 409 1004 creti
479 940 785 1005 articulus
856 937 1082 1014 habet,
1151 938 1541 1002 saecularem
1608 939 1989 1022 principem,
2055 940 2163 1023 qui
2230 938 2570 1002 haereticis

250 1037 621 1100 hominibus
669 1036 1075 1099 securitatem
1119 1035 1433 1117 promisit,
1481 1054 1623 1098 cum
1670 1033 1898 1115 fecerit
1943 1034 2113 1115 quod
2157 1034 2232 1098 in
2275 1033 2416 1116 ipso
2456 1038 2566 1114 est,

251 1156 384 1197 non
431 1154 692 1197 manere
737 1133 806 1196 in
855 1131 1071 1215 aliquo
1119 1131 1495 1215 obligatum.
1568 1133 1664 1195 Ac
1709 1153 1829 1196 nec
1875 1132 2069 1214 istud,
2115 1132 2340 1196 violari
2384 1153 2568 1214 posse

250 1232 467 1295 datam
528 1228 865 1292 haereticis
925 1226 1145 1310 fidem,
1208 1228 1309 1291 vel
1372 1227 1601 1292 leviter
1663 1228 1898 1292 innuit.
1991 1227 2306 1312 Majorem
2364 1229 2567 1291 enim-

249 1348 400 1390 vero
461 1326 868 1390 securitatem
925 1346 1115 1389 nemo
1173 1324 1550 1407 promittere
1604 1328 1927 1400 censetur,
1991 1344 2183 1406 quam
2243 1330 2567 1407 praestare

248 1425 471 1507 possit.
565 1422 728 1486 Cum
788 1442 941 1505 ergo
996 1421 1152 1484 facit
1209 1421 1378 1505 quod
1436 1422 1506 1485 in
1562 1443 1630 1485 se
1687 1424 1814 1496 est,
1874 1442 2007 1486 non
2066 1425 2283 1502 peccat
2341 1427 2568 1485 contra

246 1519 437 1583 fidem
486 1517 943 1602 promissionis.
1037 1515 1228 1581 Unde
1282 1539 1425 1581 cum
1472 1516 1831 1581 Concilium
1885 1521 2041 1581 tunc
2086 1517 2291 1579 solum
2339 1539 2376 1579 a
2421 1538 2565 1600 pro·

249 1615 424 1681 missi
455 1614 713 1679 vinculo
760 1613 1127 1678 absolutum
1176 1613 1526 1697 principem
1573 1613 1969 1697 pronuntiet,
2019 1634 2161 1677 cum
2198 1612 2351 1676 fecit
2396 1613 2566 1697 quod

246 1712 319 1776 in
376 1714 515 1795 ipso
577 1714 704 1792 est,
761 1710 881 1776 dici
944 1710 1173 1794 nequit
1230 1711 1391 1774 citra
1447 1710 1866 1788 calumniam,
1928 1709 2097 1792 quod
2153 1710 2340 1773 fidem
2402 1711 2565 1774 salvi

249 1808 600 1873 conductus
645 1807 985 1872 haereticis
1034 1828 1164 1870 non
1213 1828 1352 1870 csse
1397 1807 1777 1871 servandam
1824 1803 2256 1887 decreverit.1)

425 1940 528 2004 61.
575 1938 773 2003 Aliud
817 1939 967 2003 dein
1013 1937 1081 2023 (a
1114 1937 1433 2021 Gieseler)
1481 1939 1720 2003 citatur
1752 1938 2100 2014 decretum,
2144 1938 2240 2001 uti
2280 1938 2390 2015 ait,
2437 1960 2564 2021 quo

247 2035 503 2112 dicitur,
556 2035 905 2115 „Hussium
953 2040 1027 2099 ut
1063 2035 1455 2119 pertinacem
1503 2035 1937 2099 adversarium
1967 2034 2298 2099 doctrinae
2344 2033 2563 2098 ortho-

246 2132 448 2196 doxae
494 2155 561 2196 se
608 2131 959 2196 inhabilem
1004 2131 1349 2197 reddidisse
1396 2133 1854 2219 cujuscumque
1899 2131 2060 2194 salvi
2107 2130 2454 2194 conductus
2502 2137 2568 2196 et-

245 2229 593 2313 privilegii,
656 2232 841 2314 eique
894 2229 1242 2294 secundum
1295 2230 1446 2312 jura
1501 2228 1722 2292 divina
1778 2236 1845 2292 et
1902 2227 2189 2290 humana
2244 2228 2311 2290 in
2368 2226 2566 2291 detri-

246 2333 537 2389 mentum
600 2326 931 2410 religionis
995 2326 1183 2389 fidem
1248 2330 1316 2389 et
1378 2325 1692 2407 promissa
1752 2323 1925 2387 haud
1982 2344 2117 2386 esse
2181 2324 2558 2387 servanda.“

246 2421 367 2487 Sed
413 2422 598 2503 haec,
650 2443 816 2506 quae
862 2425 1120 2485 tantum
1169 2422 1236 2484 in
1282 2421 1470 2485 unico
1514 2420 1727 2485 codice
1773 2419 2093 2484 Dorriano
2137 2417 2564 2500 (Vindoboni)

243 2520 691 2597 inveniuntur,
738 2519 1112 2583 nullatenus
1153 2517 1476 2583 decretum
1527 2517 1952 2597 constituunt,
1997 2517 2296 2600 omnique
2339 2522 2564 2582 carent

246 2616 513 2681 Concilii
560 2617 662 2678 vel
717 2613 984 2679 alterius
1040 2615 1519 2697 approbatione.
1614 2612 1887 2678 Schema
1936 2612 2192 2695 aliquod
2247 2614 2422 2678 istud
2468 2619 2568 2678 est

244 2714 514 2797 alicujus
553 2712 850 2788 membri,
898 2712 1068 2795 quod
1114 2734 1151 2775 a
1196 2710 1484 2775 Concilio
1532 2731 1666 2775 non
1710 2711 1838 2775 fuit
1886 2714 2238 2791 acceptum,
2290 2712 2563 2774 nullam·

243 2831 372 2894 que
436 2809 636 2874 habet
704 2809 1176 2872 auctoritatem.
1291 2806 1475 2871 Talia
1542 2807 1870 2871 schemata
1933 2806 2001 2869 in
2072 2809 2230 2871 actis
2292 2806 2561 2873 Concilii

240 2906 762 2971 Constantiensis
822 2906 1008 2988 plura
1061 2904 1504 2968 inveniuntur.
1614 2903 1777 2968 Rem
1842 2923 1991 2967 vero
2051 2905 2148 2969 ita
2197 2929 2264 2970 se
2324 2905 2561 2969 habere

242 3002 484 3067 eruditi
527 3004 607 3067 ad
656 3001 1047 3065 evidentiam
1094 2998 1533 3083 probarunt.2)

422 3134 525 3197 62.
571 3131 638 3197 Si
689 3132 787 3196 cui
825 3130 1145 3195 crudelius
1191 3130 1388 3195 fuisse
1425 3130 1678 3196 videtur
1721 3133 2099 3216 supplicium
2145 3134 2286 3217 rogi
2322 3133 2560 3197 Hussio
2577 3144 2790 3198 Supplieii
2825 3148 2889 3189 in-

239 3229 590 3308 inflictum,
660 3226 1303 3293 animadvertendum
1372 3232 1500 3306 est,
1571 3249 1876 3310 poenam.
1910 3231 2106 3294 istam
2175 3253 2308 3295 non
2371 3231 2561 3314 juxta
2665 3208 2804 3250 ‘mm’

240 3326 455 3391 nostri
503 3325 811 3408 temporis
869 3323 1428 3401 consuetudinem,
1493 3324 1630 3387 sed·
1662 3325 2010 3392 secundum
2064 3329 2175 3411 jus
2228 3326 2560 3391 criminale

239 3423 437 3488 medii
484 3422 624 3487 aevi
672 3443 809 3485 esse
858 3420 1352 3505 dijudicandam.
1444 3419 1614 3484 Illud
1660 3423 1769 3504 jus
1828 3423 2157 3488 criminale
2214 3424 2418 3487 multo
2463 3446 2560 3487 se-

239 3520 457 3584 verius
519 3522 688 3596 erat,
751 3518 846 3582 ita
906 3521 982 3581 ut
1042 3539 1102 3581 v.
1148 3537 1209 3600 g.
1268 3538 1383 3600 per
1444 3514 1820 3581 Carolinam
1882 3541 2056 3584 anno
2123 3521 2291 3583 1532
2354 3540 2560 3601 poena

242 3616 573 3699 suspendii
635 3615 704 3678 in
767 3614 1011 3678 furtum
1073 3636 1216 3678 cum
1278 3613 1665 3696 irruptione,
1729 3616 1831 3677 vel
1883 3616 2130 3682 furtum
2189 3616 2560 3698 repetitum,

241 3712 727 3788 decerneretur,
789 3732 996 3794 poena
1056 3711 1225 3794 ignis
1283 3710 1353 3773 in
1416 3709 1603 3792 plura
1658 3710 2094 3794 impudicitiae
2140 3716 2428 3797 peccata,
2489 3712 2560 3775 in

241 3810 552 3893 magiam,
601 3830 857 3873 necnon
902 3808 973 3872 in
1018 3806 1462 3872 falsificatores
1507 3813 1828 3873 monetae.
1919 3808 2112 3873 Haud
2158 3810 2390 3873 mirum
2437 3809 2559 3892 igi-

428 3979 470 4049 ¹)
510 3982 809 4036 Secundam
845 3987 1059 4049 partem
1098 3979 1304 4034 decreti
1343 3979 1589 4034 Gieseler
1626 3979 1843 4035 omnino
1881 3980 2082 4037 omisit.

417 4058 459 4126 ²)
500 4060 607 4114 Cfr.
646 4060 860 4124 Hefele,
899 4060 956 4113 O.
997 4059 1061 4115 G.
1092 4059 1219 4112 VII.
1258 4058 1307 4127 ξ.
1346 4061 1464 4112 767.
1529 4059 1673 4113 Tota
1711 4061 1956 4128 quaestio
1995 4062 2061 4114 de
2099 4061 2250 4114 salvo
2289 4061 2557 4114 conductu

243 4155 279 4193 a
318 4138 385 4192 cl.
425 4143 651 4193 auctore
686 4139 967 4207 praeclare
1006 4143 1296 4192 tractatur.

353 4233 616 4286 Jungmann‚
648 4235 1004 4276 Dissertationos.
1033 4234 1153 4275 Tom.
1183 4234 1264 4275 VI.
2277 4228 2347 4279 22
