3281 5014
345 2186 624 2229 Innocentius

443 2248 527 2289 VI.

662 434 762 485 164
1083 433 1314 488 XXXII.
1351 435 1433 489 De
1468 433 1830 489 Pontificibus
1866 436 2149 491 Avenione‘
2185 437 2544 492 commoratis.

647 572 1122 658 prodeuntibus
1198 573 1356 655 quid
1429 574 1819 640 dicendum?
1926 574 2061 642 Suo
2127 576 2298 642 enim
2374 582 2653 661 tempore
2725 599 2965 661 suoque

657 671 883 754 favore
922 691 997 735 ac
1033 674 1302 752 propter
1348 691 1492 735 eum
1537 670 1782 737 multas
1828 671 2123 751 divitias,
2170 694 2439 757 maqnos
2480 674 2758 755 reditus,
2812 675 2963 759 plu·

659 768 834 832 rima
896 765 1215 846 dominia,
1282 767 1554 833 honores
1616 771 1678 832 et
1736 773 1948 835 status
2011 769 2315 836 sublimes
2376 776 2534 838 sunt
2593 772 2966 837 multimode

660 863 1011 930 consecuti:
1071 863 1471 947 fueruntque
1521 885 1647 948 per
1705 864 2067 947 affinitates
2128 868 2561 950 confoederati
2618 868 2845 935 multis
2907 873 2966 934 et

663 960 936 1044 maqnis.
1015 960 1246 1043 Sicque
1286 961 1681 1044 qeneraliter
1716 966 1932 1027 actum
1979 966 2089 1042 est,
2139 964 2306 1045 quod
2348 965 2420 1030 in
2469 969 2742 1049 utroque
2787 969 2964 1032 statu

651 1061 800 1141 post
863 1079 1006 1123 eum
1071 1057 1273 1123 altero
1339 1078 1418 1122 ex
1484 1057 1694 1123 modis
1749 1057 2111 1140 praedictis
2170 1059 2386 1142 ipsum
2451 1061 2961 1145 continyentium

659 1158 1114 1219 remanserunt
1159 1153 1570 1236 paucissimi,
1625 1154 1742 1236 qui
1801 1176 1991 1221 suam
2047 1155 2596 1238 maqnificentiam
2651 1179 2783 1224 non
2826 1180 2964 1224 scn-

662 1250 869 1316 serint
914 1249 1040 1315 sibi
1086 1255 1147 1315 et
1200 1250 1340 1315 suis
1384 1255 1445 1316 et
1490 1250 1564 1316 in
1605 1253 1892 1334 posteris
1937 1252 2134 1317 etiam
2187 1252 2395 1336 fuisse
2445 1259 2505 1319 et
2554 1275 2685 1320 esse
2739 1254 2964 1321 utilem

659 1352 719 1413 et
763 1349 1191 1431 fructuosam.
1249 1386 1336 1393 ——
1391 1347 1541 1431 Ipse
1583 1352 1801 1414 tamen
1851 1347 2143 1429 finaliter
2192 1348 2578 1431 infirmitate
2626 1357 2961 1434 qravatus,

659 1443 954 1525 humilis,
1010 1444 1349 1527 poenitens
1392 1445 1469 1509 de
1523 1444 1904 1525 commissis,
1967 1445 2304 1528 devoteque
2360 1448 2632 1531 acceptis
2677 1448 2962 1513 ecclesia·

660 1539 839 1606 sticis
885 1540 1329 1606 Sacramentis
1386 1541 1461 1607 in
1505 1541 1777 1607 veritate
1832 1546 1893 1606 et
1945 1541 2319 1609 sinceritate
2375 1543 2528 1624 fidei
2584 1565 2659 1610 ac
2710 1544 2962 1610 unitate

659 1642 920 1703 sanctae
965 1637 1200 1703 matris
1230 1637 1573 1718 Ecclesiae,
1619 1638 1932 1721 spiritum
1964 1638 2251 1705 Domino
2283 1641 2745 1706 commendavit
2790 1661 2965 1706 anno

661 1733 937 1800 Domini
991 1735 1164 1799 1352
1221 1735 1325 1800 die
1385 1725 1568 1800 sexta
1631 1734 1871 1800 mensis
1920 1734 2324 1816 Decembris,
2382 1737 2806 1820 pontificatus
2858 1736 2965 1803 sui

660 1852 835 1897 anno
889 1831 1254 1911 undecimO,
1293 1831 1568 1914 fuitque
1620 1832 1912 1916 sepultus
1965 1832 2039 1897 in
2092 1832 2351 1898 ecclesia
2404 1832 2644 1916 majori
2689 1833 2963 1899 Avenio-

660 1926 875 2007 nensi,
935 1928 1188 1994 demum
1236 1929 1736 2011 transferendus
1779 1928 1866 1994 ad
1910 1929 2375 1995 monasterium
2427 1928 2628 1995 Casae
2674 1929 2833 2010 Dei,
2891 1929 2965 1995 in

661 2045 784 2106 quo
828 2024 1050 2089 vivens
1094 2046 1283 2090 suam
1321 2030 1704 2108 perpetuam
1753 2025 2027 2108 eleyerat
2071 2025 2550 2111 sepulturamst)

841 2175 939 2238 18.
1002 2173 1515 2241 Innocentius
1546 2173 1661 2241 VI.
1725 2178 1807 2253 (a.
1870 2175 2364 2255 1352—1362).
2422 2212 2505 2221 —
2572 2175 2761 2241 Brevi
2820 2184 2964 2261 post

663 2276 932 2336 mortem
998 2272 1348 2336 Clementis
1391 2270 1536 2349 VI.,
1601 2271 1896 2336 videlicet
1963 2271 2064 2336 die
2131 2270 2242 2335 18⁰
2299 2272 2536 2337 mensis
2598 2273 2966 2339 Decembris

661 2392 718 2435 a.
770 2369 937 2432 1352
986 2369 1223 2432 electus
1267 2368 1396 2432 fuit
1439 2365 2027 2456 Innocentius-131„
2077 2373 2273 2433 antea
2317 2367 2683 2452 Stephanus
2731 2369 2961 2433 Alber-

659 2471 765 2559 tus
812 2463 1120 2549 (Aubert)
1180 2462 1538 2529 Cardinalis
1594 2465 1921 2549 episcopus
1970 2462 2303 2529 Ostiensis
2405 2457 2532 2531 Hic
2584 2466 2818 2531 iterum
2872 2486 2962 2530 se·

661 2554 911 2628 veriora
970 2583 1246 2646 sequens
1307 2560 1652 2644 principia,
1715 2561 1796 2624 ab
1851 2562 2039 2626 initio
2096 2562 2530 2627 restituendae
2592 2561 2963 2646 disciplinae

663 2665 726 2725 et
780 2658 1220 2724 reformandae
1268 2656 1498 2722 Curiae
1546 2656 1839 2721 *animum
1893 2659 2227 2742 applicuit,
2287 2659 2738 2723 beneficiorum
2794 2680 2961 2723 com-

659 2753 925 2821 mendas
989 2755 1281 2832 sustulit,
1343 2753 1511 2839 quod
1576 2776 1794 2818 earum
1856 2757 2185 2820 occasione
2230 2756 2433 2820 divini
2494 2756 2704 2820 cultus
2767 2757 2965 2839 maje-

659 2858 815 2932 stas,
864 2853 1222 2916 animarum
1268 2872 1419 2915 cura
1467 2856 1532 2915 et
1580 2852 1984 2916 ecclesiarum
2018 2853 2171 2935 jura
2214 2851 2737 2937 negligebantur3
2787 2875 2963 2936 prae·

657 2951 806 3015 latis
863 2950 1129 3033 aliisque
1186 2947 1606 3012 beneficiariis
1663 2948 1733 3011 in
1790 2949 1968 3013 curia
2028 2949 2368 3033 agentibus
2426 2949 2546 3013 sub
2598 2971 2808 3033 poena
2854 2972 2964 3015 ex-

659 3044 1256 3112 communicationis
1330 3044 1606 3108 reditum
1682 3044 1761 3109 ad
1829 3042 1976 3108 suas
2053 3045 2346 3110 ecclesias
2416 3049 2483 3109 et
2551 3046 2961 3111 residentiam

658 3142 1008 3209 secundum
1069 3162 1345 3206 canones
1408 3142 1774 3224 imperavit,
1843 3141 2094 3223 volem,
2157 3146 2231 3206 ut
2291 3163 2440 3207 oves
2494 3158 2538 3205 'a
2597 3143 2962 3226 pastoribus

659 3263 792 3305 non
841 3261 991 3303 vero
1047 3262 1085 3303 a
1139 3237 1548 3302 mercenariis
1603 3241 2039 3320 pascerentur.
2145 3239 2479 3322 Impensas
2537 3244 2602 3302 et
2656 3238 2960 3303 familiam

662 3337 926 3414 minuit,
984 3336 1280 3418 idemque
1328 3332 1774 3398 Cardinalibus
1830 3333 2192 3399 faciendum
2247 3336 2480 3414 suasit,
2540 3338 2614 3398 ut
2667 3334 2965 3398 omnibus

659 3432 1038 3510 severitatiS,
1086 3429 1436 3495 modestiae
1476 3434 1541 3494 et
1571 3431 2038 3496 misericordiae
2071 3432 2428 3515 exemplum
2477 3436 2711 3496 essent.
2788 3429 2963 3495 Sacri

663 3527 899 3593 Palatii
945 3549 1060 3592 seu
1108 3527 1317 3593 Rotae
1364 3526 1788 3599 auditoribus,
1846 3528 1957 3612 qui
2002 3528 2314 3592 hactenus
2359 3527 2552 3592 officii
2598 3527 2698 3591 sui
2744 3527 2962 3592 fructi-

660 3624 777 3689 bus
836 3625 1398 3702 sustentabantur,
1459 3623 1778 3706 stipendia
1843 3625 2213 3701 constituit,
2280 3647 2362 3688 ne
2418 3626 2487 3689 in
2550 3615 2966 3688 decernendis

660 3727 726 3785 et
783 3722 1236 3804 componendis
1302 3721 1505 3785 causis
1560 3721 1934 3786 muneribus
1997 3725 2574 3805 corrumperentur.
2638 3758 2719 3764 —
2775 3720 2965 3804 Aegi·

658 3817 832 3881 dium
879 3818 1330 3883 Albernotium
1377 3817 1738 3901 Hispanum
1785 3816 2186 3882 Cardinalem
2242 3818 2308 3881 in
2356 3818 2605 3883 Italiam
2667 3817 2745 3881 ad
2792 3820 2967 3881 coer-

661 3914 892 3978 cendas
938 3913 1162 3979 turbas
1210 3918 1274 3979 et
1329 3912 1794 3979 restituendam
1849 3913 2248 3979 concordiam
2292 3914 2564 3998 legavit,
2622 3914 2802 3998 isque
2850 3934 2967 3977 sua

844 4164 885 4231 ¹)
924 4164 1123 4228 Balut.,
1159 4164 1343 4218 Prima
1373 4163 1506 4218 Vita
1543 4166 1841 4220 Clementis
1871 4165 1964 4218 VI.
2001 4180 2054 4231 p.
2092 4166 2213 4218 265.
