3281 5014
564 403 751 514 {3120
1099 429 1300 481 XXXI.
1339 430 1420 483 De
1448 426 1758 483 abolitione
1793 427 2013 482 Ordinis
2050 429 2496 496 Templariorum.

504 563 559 658 JV
628 565 787 642 scum
859 570 1358 653 exaggeratione
1430 569 1750 634 dicuntur.
1874 569 2240 635 Universim
2313 567 2955 634 animadvertendum

370 681 437 764 ᾗ
502 683 527 710 2
647 668 774 740 est,
843 686 920 728 ex
981 666 1263 731 moribus
1326 670 1392 730 et
1442 668 1591 750 jure
1652 667 1912 731 illorum
1964 671 2356 750 temporum,
2422 687 2623 749 quum
2688 688 2765 730 ex
2811 686 2960 749 gra-

430 837 465 868 N

354 877 379 924 a}
388 866 395 873 ὓ

350 939 371 960 *x

282 887 418 1022 Χ

647 760 829 824 vibus
875 762 1126 827 indiciis
1173 763 1524 846 semiplena
1568 761 1791 827 aderat
1836 763 2127 846 probatio
2172 762 2541 838 criminum,
2588 784 2769 827 usum
2821 769 2960 826 tor-

645 860 834 921 turae
891 856 1182 923 habitum
1241 860 1437 924 fuisse
1482 867 1557 923 ut
1614 858 1881 923 licitum.
1971 858 2057 923 Et
2115 860 2404 943 quamvis
2459 858 2687 923 merito
2734 863 2962 923 aetate

642 959 866 1017 nostra
923 954 1200 1019 medium
1260 955 1417 1019 illud
1480 955 1884 1041 indagandae
1948 956 2234 1020 veritatis
2296 955 2526 1039 fragile
2581 961 2649 1020 et
2703 955 2947 1039 pericu·

641 1049 849 1113 losum
906 1051 1218 1115 abolitum
1274 1052 1388 1124 sit,
1454 1052 1925 1118 conveniebant
1984 1060 2205 1117 tamen
2266 1074 2378 1136 per
2437 1053 2642 1117 multa
2697 1052 2962 1117 saecula

641 1147 998 1229 gravissimi
1032 1149 1171 1221 viri,
1221 1147 1528 1212 adhibitis
1574 1149 1845 1213 cautelis
1878 1153 2194 1213 torturam
2237 1150 2384 1233 jure
2416 1149 2703 1214 adhiberi
2748 1169 2953 1233 posse,

643 1247 717 1305 ut
770 1265 808 1306 a
868 1266 978 1308 reo
1033 1248 1256 1328 culpae
1315 1246 1632 1310 confessio
1692 1243 2136 1325 obtineatur.¹)
2241 1246 2675 1329 praescriptae
2732 1250 2945 1310 autem

642 1345 857 1416 erant,
921 1341 1259 1425 praecipue
1313 1343 1460 1425 jure
1521 1341 1944 1406 ecclesiastico
1999 1346 2066 1407 et
2120 1364 2233 1425 pro
2278 1342 2797 1426 inquisitoribus,
2853 1362 2960 1404 ac-

641 1442 861 1501 curate
899 1438 1234 1502 cautiones
1281 1437 1622 1522 ejusmodi,
1680 1459 1765 1502 ne
1809 1443 2063 1502 tortura
2125 1439 2314 1502 nimis
2360 1438 2714 1502 inhumana
2760 1441 2952 1510 esset,

641 1554 712 1597 ac
757 1534 987 1598 merito
1039 1536 1577 1617 praesumendum
1622 1538 1752 1609 est,
1813 1535 1892 1598 ab
1950 1534 2442 1620 inquisitoribus
2491 1534 2958 1611 ecclesiasticiS,

640 1630 692 1694 si
742 1634 995 1694 tortura
1049 1629 1504 1709 adhibebatur,
1562 1631 1815 1715 regulas
1871 1630 2014 1694 illas
2069 1631 2437 1694 observat-as
2498 1631 2711 1695 fuisse.
2799 1628 2954 1695 Jam.

641 1726 934 1803 vidimuS,
1006 1726 1373 1793 Florentiae
1437 1729 1504 1792 in
1573 1727 1866 1792 examine
1929 1727 2010 1790 ab
2069 1728 2375 1811 episcopis
2428 1728 2760 1805 instituto,
2835 1747 2953 1789 sex.

639 1823 870 1887 fratres
918 1825 1271 1888 servientes
1317 1826 1511 1889 etiam
1560 1828 1813 1889 tortura
1845 1823 2135 1888 adhibita
2181 1824 2342 1887 nihil
2389 1825 2711 1888 confessos
2755 1821 2959 1887 fuisse

639 1943 713 1984 ac
761 1920 1013 1984 habitos
1060 1926 1131 1984 ut
1175 1943 1306 1985 non
1342 1943 1503 2002 reOS,
1553 1943 1747 2005 quum
1797 1921 2044 2004 equites
2090 1921 2261 1984 ultro
2297 1920 2565 1983 crimina
2611 1918 2951 1983 commissa

639 2016 914 2081 confessi
972 2023 1208 2082 essent.
1304 2017 1573 2083 Etiamsi
1629 2017 1829 2102 igitur
1884 2016 2085 2100 aliqui
2130 2016 2643 2099 Templariorum
2688 2020 2954 2099 propter

637 2118 964 2177 tormenta
1004 2115 1103 2178 vel
1150 2120 1395 2180 terrore
1441 2115 1741 2180 commoti
1790 2114 1951 2177 falso
1996 2135 2063 2177 se
2107 2134 2249 2177 reos
2293 2134 2428 2177 esse
2475 2112 2748 2176 confessi
2791 2111 2952 2185 sint,

639 2217 772 2275 tam
834 2212 1162 2296 ingentem
1222 2220 1442 2276 tamen
1486 2210 1969 2275 multitudinem
2028 2232 2273 2285 eorum,
2330 2211 2505 2273 inter
2555 2229 2713 2293 qnos
2766 2207 2959 2271 fuere

821 2421 862 2489 ¹)
919 2421 1131 2487 Operae
1183 2421 1415 2487 pretium
1462 2427 1550 2475 est
1598 2422 1701 2473 hoc
1749 2420 1867 2473 loco
1918 2435 1985 2474 ea
2033 2418 2208 2473 citare
2258 2435 2394 2486 quae
2444 2420 2510 2473 de
2556 2423 2802 2472 torturae
2848 2433 2953 2471 usu·

639 2501 784 2558 inter
819 2501 933 2556 alia
955 2499 1182 2555 Lessius
1221 2498 1428 2555 scribit.
1496 2499 1857 2568 „Notandum‚
1887 2499 2082 2567 inquit,
2119 2504 2394 2553 torturam
2426 2515 2543 2554 esse
2580 2498 2954 2553 introductam.

635 2599 743 2636 non
796 2582 855 2635 in
904 2597 1132 2650 poenam
1188 2579 1431 2634 criminis
1488 2579 1789 2647 commissi,
1845 2581 1971 2644 (hoc
2019 2578 2160 2633 enim
2212 2595 2329 2632 cum
2378 2579 2616 2632 nondum
2662 2577 2738 2632 sit
2787 2577 2956 2645 plene·

639 2662 929 2728 probatum
983 2676 1090 2714 non
1144 2663 1329 2727 potest
1381 2659 1613 2727 puniri);
1670 2660 1765 2712 sed
1819 2659 1878 2712 in
1929 2656 2228 2711 subsidium
2287 2656 2653 2724 probationis,
2708 2661 2769 2711 ut
2821 2655 2958 2722 quia

637 2739 912 2794 sufficiens
949 2744 1007 2793 et
1052 2739 1215 2806 plena
1260 2737 1512 2806 probatio
1560 2738 1736 2804 deest,
1783 2737 1901 2806 ipse
1945 2752 2069 2791 reus
2117 2736 2420 2791 confitendo
2456 2737 2775 2802 veritatem,
2822 2751 2957 2803 sup-

636 2820 785 2886 pleat
839 2820 981 2886 quod
1034 2819 1105 2871 ad
1155 2817 1373 2885 plenam
1426 2816 1800 2882 probationem
1853 2816 2175 2884 requiritur:
2241 2823 2304 2870 ut
2367 2817 2527 2871 docet
2581 2813 2956 2869 Covarruvias.

635 2898 858 2966 practic.
897 2901 1105 2965 quaest.
1154 2912 1202 2962 q.
1237 2899 1306 2949 23
1348 2911 1413 2949 ex
1450 2895 1719 2949 communi
1756 2895 2031 2951 sententia
2071 2896 2189 2949 DD.
2229 2902 2287 2950 et
2324 2895 2514 2948 Clarus
2552 2912 2639 2962 qu.
2677 2897 2762 2947 64.
2805 2911 2856 2947 n.
2894 2896 2953 2946 6..

636 2979 793 3033 Unde
849 2977 1120 3044 sequitur,
1174 2980 1441 3030 torturam
1498 2975 1744 3028 adhiberi
1798 2990 1905 3029 non
1950 2991 2142 3043 posse,
2196 2975 2303 3028 nisi
2350 2975 2563 3043 quando
2611 2974 2814 3030 crimen
2859 2983 2946 3030 est

637 3056 1086 3125 semiprobatum,
1133 3055 1225 3109 vel
1270 3055 1483 3122 quando
1530 3053 1879 3109 vehementia
1924 3053 2127 3108 indicia
2175 3059 2401 3122 urgent,
2447 3052 2529 3106 ita
2576 3060 2640 3106 ut
2687 3054 2800 3108 fere
2836 3071 2950 3108 mo-

633 3136 826 3190 raliter
872 3142 1086 3190 certum
1132 3135 1232 3200 sit,
1276 3134 1455 3201 ipsum
1500 3138 1779 3187 auctorem
1827 3148 1961 3186 esse.
2034 3134 2101 3187 In
2145 3133 2248 3187 hoc
2292 3138 2473 3186 autem
2520 3148 2652 3186 casu
2698 3148 2814 3186 eam
2851 3133 2947 3187 ad-

634 3215 810 3270 hiberi
862 3230 1023 3282 posse
1074 3215 1144 3268 ad
1195 3211 1619 3276 confessionem,
1676 3218 1763 3266 est
1813 3217 2232 3266 consentaneum
2287 3211 2491 3265 rationi
2548 3211 2802 3267 naturali.
2887 3210 2945 3265 Si

636 3295 780 3350 enim
816 3310 925 3348 non
973 3301 1189 3360 posset,
1235 3291 1467 3359 improbi
1504 3292 1769 3345 audacter
1815 3299 1872 3345 et
1910 3291 2126 3358 impune
2171 3300 2489 3358 peccarent,
2540 3292 2735 3345 damna
2770 3293 2826 3344 et
2862 3288 2948 3343 in-

627 3374 805 3442 jurias
841 3372 968 3427 aliis
1016 3371 1309 3437 inferrent,
1358 3371 1571 3438 quando
1607 3374 1893 3438 putarent,
1940 3385 1998 3423 se
2042 3369 2280 3424 testibus
2317 3370 2408 3423 vel
2451 3369 2689 3424 externis
2724 3368 2950 3423 indiciis

634 3470 742 3508 non
778 3450 1201 3507 convincendOS.
1267 3450 1399 3504 Cum
1439 3465 1566 3503 vero
1607 3449 1798 3502 vident
1834 3465 1903 3503 ex
1939 3447 2158 3501 indiciis
2195 3449 2288 3502 vel
2325 3464 2432 3503 uno
2469 3453 2617 3503 teste
2653 3446 2948 3502 tormentis

637 3527 1035 3600 subjiciendos,
1083 3545 1141 3582 se
1179 3530 1476 3584 continent.
1549 3527 1804 3590 Accedit,
1843 3526 1985 3594 quod
2019 3526 2276 3594 pleraque
2314 3526 2580 3580 maleficia
2615 3525 2953 3596 gravissima

634 3627 741 3665 non
791 3614 1018 3677 possent
1062 3608 1244 3674 puniri
1296 3608 1422 3676 quia
1472 3607 1663 3673 paucis
1713 3606 1805 3660 vel
1840 3605 2007 3659 nullis
2052 3605 2284 3658 consciis
2335 3607 2772 3671 committuntur,
2824 3622 2942 3660 cum

633 3698 818 3742 tamen
855 3687 911 3741 id
950 3687 1019 3741 ad
1054 3687 1249 3741 bonum
1294 3686 1627 3754 reipublicae
1674 3685 1751 3738 sit
1793 3683 2187 3745 necessarium:
2233 3684 2476 3753 alioquin
2512 3685 2693 3740 omnia
2728 3685 2946 3740 sceleri-

635 3768 733 3821 bus
772 3772 830 3820 et
876 3765 1160 3820 sceleratis
1198 3775 1386 3820 essent
1436 3766 1613 3834 plena.
1688 3763 1802 3819 Nec
1839 3764 2054 3828 obstat,
2101 3761 2377 3817 interdum
2421 3763 2536 3818 fieri
2587 3769 2650 3817 ut
2686 3765 2945 3818 innocens

634 3853 972 3914 torqueatur,
1019 3844 1144 3911 quia
1181 3845 1239 3898 in
1273 3845 1436 3899 rebus
1473 3844 1723 3897 humanis
1758 3858 1865 3896 non
1903 3841 2084 3896 omnia
2119 3841 2458 3897 incommoda
2492 3843 2661 3898 vitari
2696 3847 2946 3911 possunt.

633 3924 819 3978 Etiam
854 3922 1132 3977 interdum
1167 3922 1260 3989 fit,
1298 3933 1360 3977 ut
1393 3923 1656 3977 innocens
1695 3922 2004 3974 damnetur:
2043 3936 2154 3974 non
2189 3920 2312 3976 ideo
2351 3938 2505 3976 omne
2537 3921 2802 3991 judicium
2840 3921 2946 3975 tol-

632 4004 866 4058 lendum.
939 4001 1085 4056 Satis
1133 4007 1221 4055 est
1267 4017 1332 4056 ea
1377 4001 1557 4055 media
1598 4015 1799 4067 easque
1846 3998 2128 4053 cautiones
2175 4001 2449 4067 adhiberi,
2500 4001 2691 4068 quibus
2735 4001 2950 4068 majora

634 4084 906 4147 vitentur,
967 4080 1075 4136 etsi
1129 4080 1321 4135 iisdem
1367 4080 1640 4135 interdum
1689 4079 1904 4132 minora
1946 4084 2169 4146 praeter
2216 4079 2576 4135 intentionem
2632 4079 2946 4149 eveniant.}‘

634 4163 715 4216 De
745 4161 871 4230 jure
909 4165 967 4215 et
997 4161 1135 4229 just.
1173 4160 1234 4213 L.
1272 4159 1347 4214 Π.
1386 4159 1442 4212 C.
1483 4157 1685 4212 XXIX.
1722 4157 1910 4211 Dubit.
1953 4159 2032 4209 17.
