<?xml version="1.0" encoding="UTF-8"?>
<!DOCTYPE html PUBLIC "-//W3C//DTD XHTML 1.0 Transitional//EN"
    "http://www.w3.org/TR/xhtml1/DTD/xhtml1-transitional.dtd">
<html xmlns="http://www.w3.org/1999/xhtml" xml:lang="en" lang="en">
 <head>
  <title>
</title>
<meta http-equiv="Content-Type" content="text/html;charset=utf-8" />
  <meta name='ocr-system' content='tesseract 3.04.00' />
  <meta name='ocr-capabilities' content='ocr_page ocr_carea ocr_par ocr_line ocrx_word'/>
</head>
<body>
  <div class='ocr_page' id='page_1' title='image "./dissertationess05junggoog_0418.png"; bbox 0 0 3281 5014; ppageno 0'>
   <div class='ocr_carea' id='block_1_1' title="bbox 638 356 2560 425">
    <p class='ocr_par' dir='ltr' id='par_1_1' title="bbox 638 356 2560 425">
     <span class='ocr_line' id='line_1_1' title="bbox 638 356 2560 425; baseline 0.002 -16"><span class='ocrx_word' id='word_1_1' title='bbox 638 358 746 409; x_wconf 77' lang='lat'>412</span> <span class='ocrx_word' id='word_1_2' title='bbox 1039 356 1293 410; x_wconf 88' lang='lat' dir='ltr'>XXXVI.</span> <span class='ocrx_word' id='word_1_3' title='bbox 1329 357 1412 410; x_wconf 91' lang='lat' dir='ltr'>De</span> <span class='ocrx_word' id='word_1_4' title='bbox 1450 362 1603 409; x_wconf 86' lang='lat' dir='ltr'>statu</span> <span class='ocrx_word' id='word_1_5' title='bbox 1640 357 1922 412; x_wconf 83' lang='lat' dir='ltr'><strong>Ecclesiae</strong></span> <span class='ocrx_word' id='word_1_6' title='bbox 1957 362 2229 425; x_wconf 80' lang='lat' dir='ltr'>vergente</span> <span class='ocrx_word' id='word_1_7' title='bbox 2262 374 2404 412; x_wconf 88' lang='lat' dir='ltr'>saec.</span> <span class='ocrx_word' id='word_1_8' title='bbox 2441 358 2560 412; x_wconf 88' lang='lat' dir='ltr'>XV.</span> 
     </span>
    </p>
   </div>
   <div class='ocr_carea' id='block_1_2' title="bbox 638 496 2956 699">
    <p class='ocr_par' dir='ltr' id='par_1_2' title="bbox 638 496 2956 699">
     <span class='ocr_line' id='line_1_2' title="bbox 640 496 2956 584; baseline 0.001 -22"><span class='ocrx_word' id='word_1_9' title='bbox 640 496 778 563; x_wconf 86' lang='lat' dir='ltr'>Nec</span> <span class='ocrx_word' id='word_1_10' title='bbox 826 499 1016 562; x_wconf 83' lang='lat' dir='ltr'>aliter</span> <span class='ocrx_word' id='word_1_11' title='bbox 1069 496 1419 581; x_wconf 76' lang='lat' dir='ltr'>prohibitio</span> <span class='ocrx_word' id='word_1_12' title='bbox 1475 498 1772 561; x_wconf 89' lang='lat' dir='ltr'>effectum</span> <span class='ocrx_word' id='word_1_13' title='bbox 1830 499 2182 563; x_wconf 84' lang='lat' dir='ltr'>habuisset.</span> <span class='ocrx_word' id='word_1_14' title='bbox 2282 498 2452 564; x_wconf 88' lang='lat' dir='ltr'>Nam</span> <span class='ocrx_word' id='word_1_15' title='bbox 2505 501 2613 584; x_wconf 87' lang='lat' dir='ltr'>qui</span> <span class='ocrx_word' id='word_1_16' title='bbox 2672 500 2956 584; x_wconf 87' lang='lat' dir='ltr'>appella-</span> 
     </span>
     <span class='ocr_line' id='line_1_3' title="bbox 638 594 2824 699; baseline 0.002 -42"><span class='ocrx_word' id='word_1_17' title='bbox 638 594 801 658; x_wconf 88' lang='lat' dir='ltr'>bant</span> <span class='ocrx_word' id='word_1_18' title='bbox 846 616 1097 678; x_wconf 78' lang='lat' dir='ltr'><strong>semper</strong></span> <span class='ocrx_word' id='word_1_19' title='bbox 1141 594 1536 672; x_wconf 88' lang='lat' dir='ltr'>asserebant,</span> <span class='ocrx_word' id='word_1_20' title='bbox 1583 615 1653 658; x_wconf 93' lang='lat' dir='ltr'>se</span> <span class='ocrx_word' id='word_1_21' title='bbox 1698 595 2128 699; x_wconf 33' lang='lat' dir='ltr'>eit-gravibus</span> <span class='ocrx_word' id='word_1_22' title='bbox 2176 597 2496 680; x_wconf 89' lang='lat' dir='ltr'>appellare</span> <span class='ocrx_word' id='word_1_23' title='bbox 2543 598 2824 661; x_wconf 78' lang='lat' dir='ltr'>motivis,</span> 
     </span>
    </p>
   </div>
   <div class='ocr_carea' id='block_1_3' title="bbox 633 741 2959 2257">
    <p class='ocr_par' dir='ltr' id='par_1_3' title="bbox 633 741 2959 2257">
     <span class='ocr_line' id='line_1_4' title="bbox 818 741 2955 831; baseline 0.001 -25"><span class='ocrx_word' id='word_1_24' title='bbox 818 745 916 807; x_wconf 86' lang='lat'>15.</span> <span class='ocrx_word' id='word_1_25' title='bbox 961 741 1247 831; x_wconf 10' lang='lat' dir='ltr'>*Scripsit</span> <span class='ocrx_word' id='word_1_26' title='bbox 1311 742 1458 807; x_wconf 87' lang='lat' dir='ltr'>Pius</span> <span class='ocrx_word' id='word_1_27' title='bbox 1505 741 1590 808; x_wconf 89' lang='lat' dir='ltr'>II.</span> <span class='ocrx_word' id='word_1_28' title='bbox 1651 765 1823 808; x_wconf 89' lang='lat' dir='ltr'>anno</span> <span class='ocrx_word' id='word_1_29' title='bbox 1881 742 2047 808; x_wconf 89' lang='grc'>1461</span> <span class='ocrx_word' id='word_1_30' title='bbox 2109 745 2447 827; x_wconf 89' lang='lat' dir='ltr'>epistolam</span> <span class='ocrx_word' id='word_1_31' title='bbox 2503 746 2817 829; x_wconf 83' lang='lat' dir='ltr'>prolixam</span> <span class='ocrx_word' id='word_1_32' title='bbox 2874 747 2955 809; x_wconf 89' lang='lat' dir='ltr'>ad</span> 
     </span>
     <span class='ocr_line' id='line_1_5' title="bbox 639 832 2958 924; baseline 0.002 -21"><span class='ocrx_word' id='word_1_33' title='bbox 639 839 1072 905; x_wconf 89' lang='lat' dir='ltr'>Mahumetem</span> <span class='ocrx_word' id='word_1_34' title='bbox 1113 839 1222 917; x_wconf 76' lang='lat'>11..</span> <span class='ocrx_word' id='word_1_35' title='bbox 1268 842 1337 903; x_wconf 89' lang='lat' dir='ltr'>in</span> <span class='ocrx_word' id='word_1_36' title='bbox 1386 862 1514 924; x_wconf 86' lang='lat' dir='ltr'>qua</span> <span class='ocrx_word' id='word_1_37' title='bbox 1558 841 1635 904; x_wconf 93' lang='lat' dir='ltr'>de</span> <span class='ocrx_word' id='word_1_38' title='bbox 1683 840 1956 905; x_wconf 87' lang='lat' dir='ltr'>veritate</span> <span class='ocrx_word' id='word_1_39' title='bbox 2002 832 2337 924; x_wconf 67' lang='lat' dir='ltr'>religionis</span> <span class='ocrx_word' id='word_1_40' title='bbox 2350 836 2769 906; x_wconf 52' lang='lat' dir='ltr'>¹*christianae</span> <span class='ocrx_word' id='word_1_41' title='bbox 2815 865 2958 907; x_wconf 87' lang='lat' dir='ltr'>eru-</span> 
     </span>
     <span class='ocr_line' id='line_1_6' title="bbox 635 934 2959 1022; baseline 0.002 -22"><span class='ocrx_word' id='word_1_42' title='bbox 635 936 1158 1015; x_wconf 53' lang='lat' dir='ltr'>mummi,</span> <span class='ocrx_word' id='word_1_43' title='bbox 1226 934 1625 1001; x_wconf 75' lang='lat' dir='ltr'>Christianos</span> <span class='ocrx_word' id='word_1_44' title='bbox 1692 937 2082 1022; x_wconf 74' lang='lat' dir='ltr'>benignitati</span> <span class='ocrx_word' id='word_1_45' title='bbox 2148 936 2566 1021; x_wconf 87' lang='lat' dir='ltr'>Imperatoris</span> <span class='ocrx_word' id='word_1_46' title='bbox 2634 960 2959 1004; x_wconf 88' lang='lat' dir='ltr'>commen·</span> 
     </span>
     <span class='ocr_line' id='line_1_7' title="bbox 635 1033 2955 1118; baseline 0.002 -22"><span class='ocrx_word' id='word_1_47' title='bbox 635 1033 839 1116; x_wconf 85' lang='lat' dir='ltr'>davit,</span> <span class='ocrx_word' id='word_1_48' title='bbox 891 1055 1165 1118; x_wconf 89' lang='lat' dir='ltr'>eumque</span> <span class='ocrx_word' id='word_1_49' title='bbox 1225 1033 1303 1097; x_wconf 85' lang='lat' dir='ltr'>ad</span> <span class='ocrx_word' id='word_1_50' title='bbox 1352 1033 1640 1098; x_wconf 88' lang='lat' dir='ltr'>eamdem</span> <span class='ocrx_word' id='word_1_51' title='bbox 1698 1034 2078 1117; x_wconf 87' lang='lat' dir='ltr'>religionem</span> <span class='ocrx_word' id='word_1_52' title='bbox 2136 1034 2605 1117; x_wconf 81' lang='lat' dir='ltr'>suscipiendam</span> <span class='ocrx_word' id='word_1_53' title='bbox 2659 1035 2955 1102; x_wconf 77' lang='lat' dir='ltr'>hortatus</span> 
     </span>
     <span class='ocr_line' id='line_1_8' title="bbox 635 1127 2954 1214; baseline 0.003 -24"><span class='ocrx_word' id='word_1_54' title='bbox 635 1133 756 1207; x_wconf 72' lang='lat' dir='ltr'>est.</span> <span class='ocrx_word' id='word_1_55' title='bbox 843 1127 1086 1193; x_wconf 89' lang='lat' dir='ltr'>Verum</span> <span class='ocrx_word' id='word_1_56' title='bbox 1153 1129 1361 1193; x_wconf 90' lang='lat' dir='ltr'>surdis</span> <span class='ocrx_word' id='word_1_57' title='bbox 1433 1130 1695 1195; x_wconf 88' lang='lat' dir='ltr'>auribus</span> <span class='ocrx_word' id='word_1_58' title='bbox 1764 1130 2027 1205; x_wconf 88' lang='lat' dir='ltr'>cecinit;</span> <span class='ocrx_word' id='word_1_59' title='bbox 2107 1136 2527 1214; x_wconf 87' lang='lat' dir='ltr'>quapropter,</span> <span class='ocrx_word' id='word_1_60' title='bbox 2594 1132 2775 1196; x_wconf 88' lang='lat' dir='ltr'>novis</span> <span class='ocrx_word' id='word_1_61' title='bbox 2843 1133 2954 1196; x_wconf 90' lang='lat' dir='ltr'>lit·</span> 
     </span>
     <span class='ocr_line' id='line_1_9' title="bbox 636 1226 2955 1311; baseline 0.001 -22"><span class='ocrx_word' id='word_1_62' title='bbox 636 1226 794 1290; x_wconf 86' lang='lat' dir='ltr'>teris</span> <span class='ocrx_word' id='word_1_63' title='bbox 862 1227 1219 1309; x_wconf 84' lang='lat' dir='ltr'>episcopos,</span> <span class='ocrx_word' id='word_1_64' title='bbox 1294 1226 1615 1309; x_wconf 78' lang='lat' dir='ltr'>principes</span> <span class='ocrx_word' id='word_1_65' title='bbox 1682 1232 1747 1290; x_wconf 89' lang='lat' dir='ltr'>et</span> <span class='ocrx_word' id='word_1_66' title='bbox 1814 1228 2086 1311; x_wconf 88' lang='lat' dir='ltr'>populos</span> <span class='ocrx_word' id='word_1_67' title='bbox 2148 1227 2229 1291; x_wconf 91' lang='lat' dir='ltr'>ad</span> <span class='ocrx_word' id='word_1_68' title='bbox 2288 1227 2646 1311; x_wconf 87' lang='lat' dir='ltr'>parandum</span> <span class='ocrx_word' id='word_1_69' title='bbox 2713 1230 2955 1293; x_wconf 89' lang='lat' dir='ltr'>bellum</span> 
     </span>
     <span class='ocr_line' id='line_1_10' title="bbox 634 1322 2956 1406; baseline 0.001 -21"><span class='ocrx_word' id='word_1_70' title='bbox 634 1344 884 1386; x_wconf 87' lang='lat' dir='ltr'>sacrum</span> <span class='ocrx_word' id='word_1_71' title='bbox 913 1322 1212 1387; x_wconf 83' lang='lat' dir='ltr'>hortatus</span> <span class='ocrx_word' id='word_1_72' title='bbox 1247 1327 1365 1401; x_wconf 86' lang='lat' dir='ltr'>est,</span> <span class='ocrx_word' id='word_1_73' title='bbox 1414 1344 1612 1406; x_wconf 41' lang='lat' dir='ltr'>segue</span> <span class='ocrx_word' id='word_1_74' title='bbox 1645 1344 1788 1399; x_wconf 88' lang='lat' dir='ltr'>cnm</span> <span class='ocrx_word' id='word_1_75' title='bbox 1819 1324 2053 1388; x_wconf 88' lang='lat' dir='ltr'>militia</span> <span class='ocrx_word' id='word_1_76' title='bbox 2092 1323 2445 1399; x_wconf 86' lang='lat' dir='ltr'>christiana</span> <span class='ocrx_word' id='word_1_77' title='bbox 2490 1326 2592 1390; x_wconf 89' lang='lat' dir='ltr'>die</span> <span class='ocrx_word' id='word_1_78' title='bbox 2631 1322 2741 1388; x_wconf 89' lang='lat'>15⁰</span> <span class='ocrx_word' id='word_1_79' title='bbox 2771 1324 2813 1390; x_wconf 87' lang='lat' dir='ltr'>J</span> <span class='ocrx_word' id='word_1_80' title='bbox 2818 1326 2956 1389; x_wconf 90' lang='lat' dir='ltr'>unii</span> 
     </span>
     <span class='ocr_line' id='line_1_11' title="bbox 637 1417 2952 1504; baseline 0.001 -21"><span class='ocrx_word' id='word_1_81' title='bbox 637 1421 913 1484; x_wconf 89' lang='lat' dir='ltr'>Ancona</span> <span class='ocrx_word' id='word_1_82' title='bbox 968 1419 1421 1503; x_wconf 82' lang='lat' dir='ltr'>profecturum·</span> <span class='ocrx_word' id='word_1_83' title='bbox 1472 1440 1611 1483; x_wconf 89' lang='lat' dir='ltr'>esse</span> <span class='ocrx_word' id='word_1_84' title='bbox 1674 1417 2084 1503; x_wconf 77' lang='lat' dir='ltr'>significavit.</span> <span class='ocrx_word' id='word_1_85' title='bbox 2202 1420 2439 1503; x_wconf 87' lang='lat' dir='ltr'>Reipsa</span> <span class='ocrx_word' id='word_1_86' title='bbox 2502 1423 2952 1504; x_wconf 86' lang='lat' dir='ltr'>magnanimus</span> 
     </span>
     <span class='ocr_line' id='line_1_12' title="bbox 636 1506 2955 1602; baseline 0.001 -23"><span class='ocrx_word' id='word_1_87' title='bbox 636 1506 940 1579; x_wconf 53' lang='lat' dir='ltr'>Pontifex</span> <span class='ocrx_word' id='word_1_88' title='bbox 989 1515 1330 1580; x_wconf 80' lang='lat' dir='ltr'>Anconam</span> <span class='ocrx_word' id='word_1_89' title='bbox 1381 1516 1722 1598; x_wconf 47' lang='lat' dir='ltr'>‚profectus</span> <span class='ocrx_word' id='word_1_90' title='bbox 1779 1521 1919 1592; x_wconf 56' lang='lat' dir='ltr'>est:</span> <span class='ocrx_word' id='word_1_91' title='bbox 1962 1518 2035 1580; x_wconf 91' lang='lat' dir='ltr'>in</span> <span class='ocrx_word' id='word_1_92' title='bbox 2097 1516 2381 1581; x_wconf 89' lang='lat' dir='ltr'>eamdem</span> <span class='ocrx_word' id='word_1_93' title='bbox 2438 1517 2659 1582; x_wconf 89' lang='lat' dir='ltr'>urbem</span> <span class='ocrx_word' id='word_1_94' title='bbox 2723 1519 2955 1602; x_wconf 88' lang='lat' dir='ltr'>ingens</span> 
     </span>
     <span class='ocr_line' id='line_1_13' title="bbox 635 1607 2954 1696; baseline 0 -19"><span class='ocrx_word' id='word_1_95' title='bbox 635 1634 942 1677; x_wconf 88' lang='lat' dir='ltr'>numerus</span> <span class='ocrx_word' id='word_1_96' title='bbox 1000 1607 2025 1696; x_wconf 55' lang='lat' dir='ltr'>ffiil&#39;iftffis*un‘diq‘i1e”‘convenit;</span> <span class='ocrx_word' id='word_1_97' title='bbox 2089 1613 2352 1678; x_wconf 87' lang='lat' dir='ltr'>advenit</span> <span class='ocrx_word' id='word_1_98' title='bbox 2411 1614 2607 1678; x_wconf 89' lang='lat' dir='ltr'>etiam</span> <span class='ocrx_word' id='word_1_99' title='bbox 2665 1612 2954 1678; x_wconf 83' lang='lat' dir='ltr'>Christo·</span> 
     </span>
     <span class='ocr_line' id='line_1_14' title="bbox 633 1707 2951 1791; baseline 0 -19"><span class='ocrx_word' id='word_1_100' title='bbox 633 1708 872 1791; x_wconf 86' lang='lat' dir='ltr'>phorus</span> <span class='ocrx_word' id='word_1_101' title='bbox 908 1708 1168 1772; x_wconf 83' lang='lat' dir='ltr'>Maurus</span> <span class='ocrx_word' id='word_1_102' title='bbox 1201 1708 1344 1789; x_wconf 36' lang='lat' dir='ltr'>‚dux</span> <span class='ocrx_word' id='word_1_103' title='bbox 1381 1707 1780 1772; x_wconf 87' lang='lat' dir='ltr'>Venetorum</span> <span class='ocrx_word' id='word_1_104' title='bbox 1822 1731 1963 1774; x_wconf 91' lang='lat' dir='ltr'>cum</span> <span class='ocrx_word' id='word_1_105' title='bbox 1993 1710 2204 1774; x_wconf 89' lang='lat' dir='ltr'>decem</span> <span class='ocrx_word' id='word_1_106' title='bbox 2254 1709 2642 1775; x_wconf 87' lang='lat' dir='ltr'>triremibus.</span> <span class='ocrx_word' id='word_1_107' title='bbox 2714 1709 2951 1774; x_wconf 89' lang='lat' dir='ltr'>Verum</span> 
     </span>
     <span class='ocr_line' id='line_1_15' title="bbox 641 1804 2953 1891; baseline 0.001 -23"><span class='ocrx_word' id='word_1_108' title='bbox 641 1804 788 1869; x_wconf 89' lang='lat' dir='ltr'>Pius</span> <span class='ocrx_word' id='word_1_109' title='bbox 853 1805 982 1881; x_wconf 78' lang='lat' dir='ltr'>IL,</span> <span class='ocrx_word' id='word_1_110' title='bbox 1058 1805 1154 1868; x_wconf 86' lang='lat' dir='ltr'>vir</span> <span class='ocrx_word' id='word_1_111' title='bbox 1213 1805 1594 1890; x_wconf 87' lang='lat' dir='ltr'>jamdudum</span> <span class='ocrx_word' id='word_1_112' title='bbox 1661 1806 1956 1871; x_wconf 88' lang='lat' dir='ltr'>infirmae</span> <span class='ocrx_word' id='word_1_113' title='bbox 2026 1806 2455 1883; x_wconf 87' lang='lat' dir='ltr'>valetudinis,</span> <span class='ocrx_word' id='word_1_114' title='bbox 2536 1808 2756 1872; x_wconf 91' lang='lat' dir='ltr'>morbo</span> <span class='ocrx_word' id='word_1_115' title='bbox 2825 1828 2953 1891; x_wconf 92' lang='lat' dir='ltr'>quo</span> 
     </span>
     <span class='ocr_line' id='line_1_16' title="bbox 634 1901 2953 1991; baseline 0.001 -26"><span class='ocrx_word' id='word_1_116' title='bbox 634 1905 828 1965; x_wconf 90' lang='lat' dir='ltr'>antea</span> <span class='ocrx_word' id='word_1_117' title='bbox 870 1902 1284 1986; x_wconf 78' lang='lat' dir='ltr'>affligebatur</span> <span class='ocrx_word' id='word_1_118' title='bbox 1329 1902 1836 1986; x_wconf 87' lang='lat' dir='ltr'>ingravescente,</span> <span class='ocrx_word' id='word_1_119' title='bbox 1883 1902 2121 1968; x_wconf 87' lang='lat' dir='ltr'>ibidem</span> <span class='ocrx_word' id='word_1_120' title='bbox 2167 1903 2268 1968; x_wconf 86' lang='lat' dir='ltr'>die</span> <span class='ocrx_word' id='word_1_121' title='bbox 2319 1901 2430 1965; x_wconf 89' lang='lat'>14⁰</span> <span class='ocrx_word' id='word_1_122' title='bbox 2460 1902 2744 1989; x_wconf 85' lang='lat' dir='ltr'>Augusti</span> <span class='ocrx_word' id='word_1_123' title='bbox 2782 1925 2953 1991; x_wconf 84' lang='lat' dir='ltr'>anno</span> 
     </span>
     <span class='ocr_line' id='line_1_17' title="bbox 641 1997 2947 2084; baseline 0.001 -24"><span class='ocrx_word' id='word_1_124' title='bbox 641 1997 803 2061; x_wconf 86' lang='lat'>1461</span> <span class='ocrx_word' id='word_1_125' title='bbox 874 1997 1155 2082; x_wconf 86' lang='lat' dir='ltr'>piissime</span> <span class='ocrx_word' id='word_1_126' title='bbox 1216 1998 1384 2062; x_wconf 91' lang='lat' dir='ltr'>diem</span> <span class='ocrx_word' id='word_1_127' title='bbox 1441 1998 1672 2062; x_wconf 89' lang='lat' dir='ltr'>clausit</span> <span class='ocrx_word' id='word_1_128' title='bbox 1728 2021 2119 2082; x_wconf 89' lang='lat' dir='ltr'>supremum,</span> <span class='ocrx_word' id='word_1_129' title='bbox 2186 2020 2389 2063; x_wconf 89' lang='lat' dir='ltr'>annos</span> <span class='ocrx_word' id='word_1_130' title='bbox 2447 2000 2580 2064; x_wconf 89' lang='lat' dir='ltr'>fere</span> <span class='ocrx_word' id='word_1_131' title='bbox 2638 2000 2947 2084; x_wconf 89' lang='lat' dir='ltr'>quinqua·</span> 
     </span>
     <span class='ocr_line' id='line_1_18' title="bbox 633 2093 2950 2181; baseline 0.001 -24"><span class='ocrx_word' id='word_1_132' title='bbox 633 2094 822 2177; x_wconf 86' lang='lat' dir='ltr'>ginta</span> <span class='ocrx_word' id='word_1_133' title='bbox 875 2116 1106 2159; x_wconf 88' lang='lat' dir='ltr'>novem</span> <span class='ocrx_word' id='word_1_134' title='bbox 1158 2103 1373 2159; x_wconf 77' lang='lat' dir='ltr'>natuS.</span> <span class='ocrx_word' id='word_1_135' title='bbox 1468 2093 1817 2181; x_wconf 85' lang='lat' dir='ltr'>Exercitus</span> <span class='ocrx_word' id='word_1_136' title='bbox 1869 2117 2020 2160; x_wconf 85' lang='lat' dir='ltr'>vero</span> <span class='ocrx_word' id='word_1_137' title='bbox 2081 2097 2311 2160; x_wconf 87' lang='lat' dir='ltr'>ducum</span> <span class='ocrx_word' id='word_1_138' title='bbox 2370 2101 2436 2159; x_wconf 93' lang='lat' dir='ltr'>et</span> <span class='ocrx_word' id='word_1_139' title='bbox 2488 2095 2950 2179; x_wconf 86' lang='lat' dir='ltr'>stipendiorum</span> 
     </span>
     <span class='ocr_line' id='line_1_19' title="bbox 634 2191 1457 2257; baseline 0.002 -2"><span class='ocrx_word' id='word_1_140' title='bbox 634 2191 893 2256; x_wconf 90' lang='lat' dir='ltr'>defectu</span> <span class='ocrx_word' id='word_1_141' title='bbox 938 2191 1291 2257; x_wconf 82' lang='lat' dir='ltr'>dissolutus</span> <span class='ocrx_word' id='word_1_142' title='bbox 1339 2197 1457 2257; x_wconf 89' lang='lat' dir='ltr'>est.</span> 
     </span>
    </p>
   </div>
   <div class='ocr_carea' id='block_1_4' title="bbox 816 2331 2953 2416">
    <p class='ocr_par' dir='ltr' id='par_1_4' title="bbox 816 2331 2953 2416">
     <span class='ocr_line' id='line_1_20' title="bbox 816 2331 2953 2416; baseline 0 -20"><span class='ocrx_word' id='word_1_143' title='bbox 816 2334 918 2399; x_wconf 88' lang='lat'>16.</span> <span class='ocrx_word' id='word_1_144' title='bbox 1005 2332 1167 2396; x_wconf 88' lang='lat' dir='ltr'>Erat</span> <span class='ocrx_word' id='word_1_145' title='bbox 1240 2338 1412 2397; x_wconf 88' lang='lat' dir='ltr'>certe</span> <span class='ocrx_word' id='word_1_146' title='bbox 1488 2334 1743 2396; x_wconf 85' lang='lat' dir='ltr'>Aeneas</span> <span class='ocrx_word' id='word_1_147' title='bbox 1808 2331 2078 2416; x_wconf 47' lang='lat' dir='ltr'>*Sylvius</span> <span class='ocrx_word' id='word_1_148' title='bbox 2163 2334 2337 2397; x_wconf 88' lang='lat' dir='ltr'>inter</span> <span class='ocrx_word' id='word_1_149' title='bbox 2382 2332 2642 2398; x_wconf 79' lang='lat' dir='ltr'>·&#39;saeculi</span> <span class='ocrx_word' id='word_1_150' title='bbox 2727 2333 2953 2398; x_wconf 90' lang='lat' dir='ltr'>decimi</span> 
     </span>
    </p>
   </div>
   <div class='ocr_carea' id='block_1_5' title="bbox 538 2429 2967 2524">
    <p class='ocr_par' dir='ltr' id='par_1_5' title="bbox 538 2429 2967 2524">
     <span class='ocr_line' id='line_1_21' title="bbox 538 2429 2967 2524; baseline 0 -31"><span class='ocrx_word' id='word_1_151' title='bbox 538 2435 549 2446; x_wconf 74' lang='lat'><em>⁶</em></span> <span class='ocrx_word' id='word_1_152' title='bbox 635 2430 850 2514; x_wconf 88' lang='lat' dir='ltr'>quinti</span> <span class='ocrx_word' id='word_1_153' title='bbox 923 2429 1218 2495; x_wconf 91' lang='lat' dir='ltr'>homines</span> <span class='ocrx_word' id='word_1_154' title='bbox 1305 2430 1568 2524; x_wconf 54' lang='lat' dir='ltr'>marigni</span> <span class='ocrx_word' id='word_1_155' title='bbox 1607 2431 1890 2515; x_wconf 48' lang='lat' dir='ltr'>„ingenii</span> <span class='ocrx_word' id='word_1_156' title='bbox 1928 2431 2135 2514; x_wconf 53' lang='lat' dir='ltr'>‚igi-32,</span> <span class='ocrx_word' id='word_1_157' title='bbox 2187 2430 2546 2495; x_wconf 87' lang='lat' dir='ltr'>eruditione</span> <span class='ocrx_word' id='word_1_158' title='bbox 2623 2429 2967 2515; x_wconf 88' lang='lat' dir='ltr'>praeditus·</span> 
     </span>
    </p>
   </div>
   <div class='ocr_carea' id='block_1_6' title="bbox 628 2523 2963 3858">
    <p class='ocr_par' dir='ltr' id='par_1_6' title="bbox 628 2523 2963 3858">
     <span class='ocr_line' id='line_1_22' title="bbox 633 2523 2949 2612; baseline 0 -22"><span class='ocrx_word' id='word_1_159' title='bbox 633 2528 975 2606; x_wconf 87' lang='lat' dir='ltr'>immensa,</span> <span class='ocrx_word' id='word_1_160' title='bbox 1035 2529 1100 2592; x_wconf 90' lang='lat' dir='ltr'>in</span> <span class='ocrx_word' id='word_1_161' title='bbox 1152 2523 1450 2592; x_wconf 86' lang='lat' dir='ltr'>omnibus</span> <span class='ocrx_word' id='word_1_162' title='bbox 1507 2529 1854 2612; x_wconf 85' lang='lat' dir='ltr'>gentilium</span> <span class='ocrx_word' id='word_1_163' title='bbox 1910 2528 2145 2593; x_wconf 89' lang='lat' dir='ltr'>litteris</span> <span class='ocrx_word' id='word_1_164' title='bbox 2200 2533 2520 2604; x_wconf 80' lang='lat' dir='ltr'>versatuS,</span> <span class='ocrx_word' id='word_1_165' title='bbox 2576 2549 2699 2592; x_wconf 90' lang='lat' dir='ltr'>nec</span> <span class='ocrx_word' id='word_1_166' title='bbox 2735 2549 2949 2592; x_wconf 89' lang='lat' dir='ltr'>rerum</span> 
     </span>
     <span class='ocr_line' id='line_1_23' title="bbox 632 2623 2946 2708; baseline -0 -20"><span class='ocrx_word' id='word_1_167' title='bbox 632 2624 1139 2708; x_wconf 87' lang='lat' dir='ltr'>theologicarum</span> <span class='ocrx_word' id='word_1_168' title='bbox 1208 2625 1495 2708; x_wconf 90' lang='lat' dir='ltr'>ignarus.</span> <span class='ocrx_word' id='word_1_169' title='bbox 1604 2623 1857 2688; x_wconf 89' lang='lat' dir='ltr'>Labore</span> <span class='ocrx_word' id='word_1_170' title='bbox 1925 2646 2044 2689; x_wconf 89' lang='lat' dir='ltr'>suo</span> <span class='ocrx_word' id='word_1_171' title='bbox 2111 2630 2176 2690; x_wconf 88' lang='lat' dir='ltr'>et</span> <span class='ocrx_word' id='word_1_172' title='bbox 2246 2647 2457 2689; x_wconf 89' lang='lat' dir='ltr'>rerum</span> <span class='ocrx_word' id='word_1_173' title='bbox 2524 2623 2946 2708; x_wconf 87' lang='lat' dir='ltr'>gerendarum</span> 
     </span>
     <span class='ocr_line' id='line_1_24' title="bbox 632 2713 2963 2804; baseline -0.001 -19"><span class='ocrx_word' id='word_1_174' title='bbox 632 2721 864 2802; x_wconf 88' lang='lat' dir='ltr'>peritia</span> <span class='ocrx_word' id='word_1_175' title='bbox 923 2722 1216 2804; x_wconf 86' lang='lat' dir='ltr'>pervenit</span> <span class='ocrx_word' id='word_1_176' title='bbox 1278 2720 1357 2783; x_wconf 89' lang='lat' dir='ltr'>ad</span> <span class='ocrx_word' id='word_1_177' title='bbox 1421 2721 1805 2804; x_wconf 88' lang='lat' dir='ltr'>multiplicia</span> <span class='ocrx_word' id='word_1_178' title='bbox 1868 2722 1982 2785; x_wconf 90' lang='lat' dir='ltr'>illa</span> <span class='ocrx_word' id='word_1_179' title='bbox 2041 2737 2311 2786; x_wconf 89' lang='lat' dir='ltr'>munera</span> <span class='ocrx_word' id='word_1_180' title='bbox 2340 2713 2770 2803; x_wconf 59' lang='lat' dir='ltr'>honorifica,</span> <span class='ocrx_word' id='word_1_181' title='bbox 2807 2720 2963 2804; x_wconf 25' lang='lat' dir='ltr'>qui-⁷</span> 
     </span>
     <span class='ocr_line' id='line_1_25' title="bbox 632 2817 2952 2901; baseline -0.001 -20"><span class='ocrx_word' id='word_1_182' title='bbox 632 2818 750 2881; x_wconf 91' lang='lat' dir='ltr'>bus</span> <span class='ocrx_word' id='word_1_183' title='bbox 821 2839 934 2900; x_wconf 92' lang='lat' dir='ltr'>per</span> <span class='ocrx_word' id='word_1_184' title='bbox 1004 2818 1173 2881; x_wconf 87' lang='lat' dir='ltr'>vitae</span> <span class='ocrx_word' id='word_1_185' title='bbox 1245 2837 1401 2881; x_wconf 91' lang='lat' dir='ltr'>suae</span> <span class='ocrx_word' id='word_1_186' title='bbox 1471 2839 1727 2882; x_wconf 89' lang='lat' dir='ltr'>cursum</span> <span class='ocrx_word' id='word_1_187' title='bbox 1798 2817 2176 2900; x_wconf 88' lang='lat' dir='ltr'>perfunctus</span> <span class='ocrx_word' id='word_1_188' title='bbox 2246 2822 2364 2882; x_wconf 91' lang='lat' dir='ltr'>est.</span> <span class='ocrx_word' id='word_1_189' title='bbox 2484 2817 2842 2901; x_wconf 89' lang='lat' dir='ltr'>Postquam</span> <span class='ocrx_word' id='word_1_190' title='bbox 2913 2838 2952 2879; x_wconf 91' lang='lat' dir='ltr'>a</span> 
     </span>
     <span class='ocr_line' id='line_1_26' title="bbox 630 2912 2946 2996; baseline -0 -19"><span class='ocrx_word' id='word_1_191' title='bbox 630 2913 962 2978; x_wconf 90' lang='lat' dir='ltr'>licentiore</span> <span class='ocrx_word' id='word_1_192' title='bbox 1021 2912 1272 2976; x_wconf 86' lang='lat' dir='ltr'>vivendi</span> <span class='ocrx_word' id='word_1_193' title='bbox 1331 2935 1508 2978; x_wconf 90' lang='lat' dir='ltr'>more</span> <span class='ocrx_word' id='word_1_194' title='bbox 1566 2918 1632 2977; x_wconf 86' lang='lat' dir='ltr'>et</span> <span class='ocrx_word' id='word_1_195' title='bbox 1688 2935 1725 2975; x_wconf 92' lang='lat' dir='ltr'>a</span> <span class='ocrx_word' id='word_1_196' title='bbox 1781 2912 2122 2978; x_wconf 89' lang='lat' dir='ltr'>schismate</span> <span class='ocrx_word' id='word_1_197' title='bbox 2179 2935 2522 2979; x_wconf 88' lang='lat' dir='ltr'>conversus</span> <span class='ocrx_word' id='word_1_198' title='bbox 2579 2916 2705 2987; x_wconf 91' lang='lat' dir='ltr'>est,</span> <span class='ocrx_word' id='word_1_199' title='bbox 2765 2934 2946 2996; x_wconf 88' lang='lat' dir='ltr'>egre-</span> 
     </span>
     <span class='ocr_line' id='line_1_27' title="bbox 630 3006 2946 3094; baseline -0 -22"><span class='ocrx_word' id='word_1_200' title='bbox 630 3010 739 3093; x_wconf 90' lang='lat' dir='ltr'>gia</span> <span class='ocrx_word' id='word_1_201' title='bbox 805 3009 1072 3073; x_wconf 87' lang='lat' dir='ltr'>fuerunt</span> <span class='ocrx_word' id='word_1_202' title='bbox 1139 3011 1278 3093; x_wconf 87' lang='lat' dir='ltr'>ejus</span> <span class='ocrx_word' id='word_1_203' title='bbox 1345 3011 1418 3074; x_wconf 90' lang='lat' dir='ltr'>in</span> <span class='ocrx_word' id='word_1_204' title='bbox 1482 3008 1833 3073; x_wconf 87' lang='lat' dir='ltr'>Ecclesiam</span> <span class='ocrx_word' id='word_1_205' title='bbox 1904 3011 2163 3085; x_wconf 89' lang='lat' dir='ltr'>merita,</span> <span class='ocrx_word' id='word_1_206' title='bbox 2236 3015 2428 3094; x_wconf 90' lang='lat' dir='ltr'>atque</span> <span class='ocrx_word' id='word_1_207' title='bbox 2499 3013 2571 3073; x_wconf 89' lang='lat' dir='ltr'>ut</span> <span class='ocrx_word' id='word_1_208' title='bbox 2637 3006 2946 3073; x_wconf 83' lang='lat' dir='ltr'>Pontifex</span> 
     </span>
     <span class='ocr_line' id='line_1_28' title="bbox 633 3105 2946 3191; baseline -0 -21"><span class='ocrx_word' id='word_1_209' title='bbox 633 3106 797 3170; x_wconf 86' lang='lat' dir='ltr'>vires</span> <span class='ocrx_word' id='word_1_210' title='bbox 860 3126 1038 3180; x_wconf 77' lang='lat' dir='ltr'>suaS,</span> <span class='ocrx_word' id='word_1_211' title='bbox 1094 3106 1231 3189; x_wconf 87' lang='lat' dir='ltr'>jam</span> <span class='ocrx_word' id='word_1_212' title='bbox 1279 3108 1503 3172; x_wconf 89' lang='lat' dir='ltr'>multis</span> <span class='ocrx_word' id='word_1_213' title='bbox 1545 3107 1733 3170; x_wconf 66' lang='lat' dir='ltr'>&#39;vitae</span> <span class='ocrx_word' id='word_1_214' title='bbox 1785 3106 1968 3170; x_wconf 85' lang='lat' dir='ltr'>valde</span> <span class='ocrx_word' id='word_1_215' title='bbox 2029 3107 2312 3191; x_wconf 86' lang='lat' dir='ltr'>agitatae</span> <span class='ocrx_word' id='word_1_216' title='bbox 2373 3105 2697 3171; x_wconf 86' lang='lat' dir='ltr'>laboribus</span> <span class='ocrx_word' id='word_1_217' title='bbox 2760 3106 2946 3170; x_wconf 87' lang='lat' dir='ltr'>attri-</span> 
     </span>
     <span class='ocr_line' id='line_1_29' title="bbox 629 3193 2943 3289; baseline 0.001 -25"><span class='ocrx_word' id='word_1_218' title='bbox 629 3193 750 3276; x_wconf 87' lang='lat' dir='ltr'>tas,</span> <span class='ocrx_word' id='word_1_219' title='bbox 798 3222 911 3289; x_wconf 86' lang='lat' dir='ltr'>pro</span> <span class='ocrx_word' id='word_1_220' title='bbox 946 3200 1268 3267; x_wconf 86' lang='lat' dir='ltr'>Ecclesiae</span> <span class='ocrx_word' id='word_1_221' title='bbox 1302 3204 1473 3268; x_wconf 87' lang='lat' dir='ltr'>bono</span> <span class='ocrx_word' id='word_1_222' title='bbox 1513 3203 1947 3285; x_wconf 84' lang='lat' dir='ltr'>promovendo</span> <span class='ocrx_word' id='word_1_223' title='bbox 1992 3203 2184 3286; x_wconf 91' lang='lat' dir='ltr'>plane</span> <span class='ocrx_word' id='word_1_224' title='bbox 2217 3203 2633 3286; x_wconf 86' lang='lat' dir='ltr'>consumpsit.</span> <span class='ocrx_word' id='word_1_225' title='bbox 2715 3201 2943 3285; x_wconf 88' lang='lat' dir='ltr'>Super·</span> 
     </span>
     <span class='ocr_line' id='line_1_30' title="bbox 629 3299 2945 3386; baseline 0.001 -26"><span class='ocrx_word' id='word_1_226' title='bbox 629 3302 816 3361; x_wconf 88' lang='lat' dir='ltr'>sunt·</span> <span class='ocrx_word' id='word_1_227' title='bbox 852 3299 1096 3386; x_wconf 84' lang='lat' dir='ltr'>multae</span> <span class='ocrx_word' id='word_1_228' title='bbox 1164 3302 1305 3384; x_wconf 65' lang='lat' dir='ltr'>‘ejus</span> <span class='ocrx_word' id='word_1_229' title='bbox 1381 3300 1720 3382; x_wconf 87' lang='lat' dir='ltr'>epistolae,</span> <span class='ocrx_word' id='word_1_230' title='bbox 1793 3299 2064 3364; x_wconf 86' lang='lat' dir='ltr'>leviores</span> <span class='ocrx_word' id='word_1_231' title='bbox 2138 3300 2487 3383; x_wconf 83' lang='lat' dir='ltr'>quaedam,</span> <span class='ocrx_word' id='word_1_232' title='bbox 2561 3299 2725 3363; x_wconf 90' lang='lat' dir='ltr'>aliae</span> <span class='ocrx_word' id='word_1_233' title='bbox 2799 3320 2945 3383; x_wconf 85' lang='lat' dir='ltr'>gra·</span> 
     </span>
     <span class='ocr_line' id='line_1_31' title="bbox 629 3395 2945 3482; baseline -0 -24"><span class='ocrx_word' id='word_1_234' title='bbox 629 3395 865 3473; x_wconf 76' lang='lat' dir='ltr'>vioreS,</span> <span class='ocrx_word' id='word_1_235' title='bbox 915 3403 1016 3482; x_wconf 10' lang='lat' dir='ltr'>&#39;ac&#39;</span> <span class='ocrx_word' id='word_1_236' title='bbox 1068 3397 1341 3479; x_wconf 86' lang='lat' dir='ltr'>plurima</span> <span class='ocrx_word' id='word_1_237' title='bbox 1399 3397 1638 3478; x_wconf 86' lang='lat' dir='ltr'>scripta</span> <span class='ocrx_word' id='word_1_238' title='bbox 1701 3395 1778 3459; x_wconf 87' lang='lat' dir='ltr'>de</span> <span class='ocrx_word' id='word_1_239' title='bbox 1837 3396 2029 3460; x_wconf 89' lang='lat' dir='ltr'>rebus</span> <span class='ocrx_word' id='word_1_240' title='bbox 2084 3397 2183 3459; x_wconf 90' lang='lat' dir='ltr'>sui</span> <span class='ocrx_word' id='word_1_241' title='bbox 2247 3396 2553 3479; x_wconf 87' lang='lat' dir='ltr'>temporis</span> <span class='ocrx_word' id='word_1_242' title='bbox 2607 3395 2945 3460; x_wconf 89' lang='lat' dir='ltr'>admodum</span> 
     </span>
     <span class='ocr_line' id='line_1_32' title="bbox 629 3491 2943 3576; baseline 0 -21"><span class='ocrx_word' id='word_1_243' title='bbox 629 3492 836 3556; x_wconf 84' lang='lat' dir='ltr'>utilia.</span> <span class='ocrx_word' id='word_1_244' title='bbox 889 3503 918 3514; x_wconf 60' lang='lat'><strong>⁶</strong></span> <span class='ocrx_word' id='word_1_245' title='bbox 958 3492 1282 3572; x_wconf 84' lang='lat' dir='ltr'>„Quatuor</span> <span class='ocrx_word' id='word_1_246' title='bbox 1350 3491 1605 3566; x_wconf 83' lang='lat' dir='ltr'>habuit,</span> <span class='ocrx_word' id='word_1_247' title='bbox 1683 3492 1777 3555; x_wconf 89' lang='lat' dir='ltr'>ait</span> <span class='ocrx_word' id='word_1_248' title='bbox 1845 3492 2138 3569; x_wconf 88' lang='lat' dir='ltr'>Platina,</span> <span class='ocrx_word' id='word_1_249' title='bbox 2215 3514 2294 3555; x_wconf 83' lang='lat' dir='ltr'>ex</span> <span class='ocrx_word' id='word_1_250' title='bbox 2361 3513 2576 3557; x_wconf 89' lang='lat' dir='ltr'>sorore</span> <span class='ocrx_word' id='word_1_251' title='bbox 2648 3497 2943 3576; x_wconf 89' lang='lat' dir='ltr'>nepotes:</span> 
     </span>
     <span class='ocr_line' id='line_1_33' title="bbox 631 3588 2944 3672; baseline 0 -21"><span class='ocrx_word' id='word_1_252' title='bbox 631 3610 707 3652; x_wconf 85' lang='lat' dir='ltr'>ex</span> <span class='ocrx_word' id='word_1_253' title='bbox 752 3588 858 3652; x_wconf 87' lang='lat' dir='ltr'>his</span> <span class='ocrx_word' id='word_1_254' title='bbox 910 3589 1036 3653; x_wconf 89' lang='lat' dir='ltr'>duo</span> <span class='ocrx_word' id='word_1_255' title='bbox 1095 3591 1376 3653; x_wconf 89' lang='lat' dir='ltr'>minores</span> <span class='ocrx_word' id='word_1_256' title='bbox 1431 3594 1623 3666; x_wconf 80' lang='lat' dir='ltr'>natu,</span> <span class='ocrx_word' id='word_1_257' title='bbox 1687 3589 1827 3672; x_wconf 87' lang='lat' dir='ltr'>ejus</span> <span class='ocrx_word' id='word_1_258' title='bbox 1882 3589 2209 3671; x_wconf 85' lang='lat' dir='ltr'>gratiaet</span> <span class='ocrx_word' id='word_1_259' title='bbox 2255 3590 2642 3653; x_wconf 86' lang='lat' dir='ltr'>auctoritate</span> <span class='ocrx_word' id='word_1_260' title='bbox 2705 3611 2742 3653; x_wconf 89' lang='lat' dir='ltr'>a</span> <span class='ocrx_word' id='word_1_261' title='bbox 2792 3609 2944 3672; x_wconf 90' lang='lat' dir='ltr'>rege</span> 
     </span>
     <span class='ocr_line' id='line_1_34' title="bbox 628 3684 2944 3769; baseline 0 -21"><span class='ocrx_word' id='word_1_262' title='bbox 628 3684 954 3767; x_wconf 86' lang='lat' dir='ltr'>Hispano</span> <span class='ocrx_word' id='word_1_263' title='bbox 998 3686 1273 3769; x_wconf 89' lang='lat' dir='ltr'>equestri</span> <span class='ocrx_word' id='word_1_264' title='bbox 1352 3684 1560 3748; x_wconf 86' lang='lat' dir='ltr'>ordini</span> <span class='ocrx_word' id='word_1_265' title='bbox 1635 3690 1791 3749; x_wconf 86' lang='lat' dir='ltr'>sunt</span> <span class='ocrx_word' id='word_1_266' title='bbox 1859 3684 2079 3750; x_wconf 88' lang='lat' dir='ltr'>additi.</span> <span class='ocrx_word' id='word_1_267' title='bbox 2189 3684 2479 3762; x_wconf 89' lang='lat' dir='ltr'>Primus,</span> <span class='ocrx_word' id='word_1_268' title='bbox 2555 3687 2656 3750; x_wconf 90' lang='lat' dir='ltr'>cui</span> <span class='ocrx_word' id='word_1_269' title='bbox 2727 3684 2944 3749; x_wconf 91' lang='lat' dir='ltr'>Ferdi-</span> 
     </span>
     <span class='ocr_line' id='line_1_35' title="bbox 628 3781 2944 3858; baseline -0 -13"><span class='ocrx_word' id='word_1_270' title='bbox 628 3782 879 3845; x_wconf 71' lang='lat' dir='ltr'>nan&#39;dus</span> <span class='ocrx_word' id='word_1_271' title='bbox 956 3804 1070 3846; x_wconf 88' lang='lat' dir='ltr'>rex</span> <span class='ocrx_word' id='word_1_272' title='bbox 1134 3782 1332 3846; x_wconf 89' lang='lat' dir='ltr'>filiam</span> <span class='ocrx_word' id='word_1_273' title='bbox 1406 3781 1476 3844; x_wconf 91' lang='lat' dir='ltr'>in</span> <span class='ocrx_word' id='word_1_274' title='bbox 1541 3782 2025 3846; x_wconf 88' lang='lat' dir='ltr'>matrimonium</span> <span class='ocrx_word' id='word_1_275' title='bbox 2092 3782 2443 3858; x_wconf 86' lang='lat' dir='ltr'>locaverat,</span> <span class='ocrx_word' id='word_1_276' title='bbox 2519 3782 2648 3846; x_wconf 83' lang='lat' dir='ltr'>dux</span> <span class='ocrx_word' id='word_1_277' title='bbox 2728 3781 2944 3846; x_wconf 89' lang='lat' dir='ltr'>Amal-</span> 
     </span>
    </p>
   </div>
   <div class='ocr_carea' id='block_1_7' title="bbox 515 3874 2942 3963">
    <p class='ocr_par' dir='ltr' id='par_1_7' title="bbox 515 3874 2942 3963">
     <span class='ocr_line' id='line_1_36' title="bbox 515 3874 2942 3963; baseline 0.002 -27"><span class='ocrx_word' id='word_1_278' title='bbox 515 3881 543 3936; x_wconf 57' lang='grc' dir='ltr'>’κ</span> <span class='ocrx_word' id='word_1_279' title='bbox 624 3878 934 3961; x_wconf 84' lang='lat' dir='ltr'>phitanus</span> <span class='ocrx_word' id='word_1_280' title='bbox 996 3884 1264 3944; x_wconf 89' lang='lat' dir='ltr'>creatur.</span> <span class='ocrx_word' id='word_1_281' title='bbox 1364 3874 1724 3956; x_wconf 87' lang='lat' dir='ltr'>Secundus,</span> <span class='ocrx_word' id='word_1_282' title='bbox 1795 3900 1982 3963; x_wconf 88' lang='lat' dir='ltr'>quem</span> <span class='ocrx_word' id='word_1_283' title='bbox 2051 3878 2204 3943; x_wconf 89' lang='lat' dir='ltr'>Pius</span> <span class='ocrx_word' id='word_1_284' title='bbox 2265 3879 2331 3942; x_wconf 91' lang='lat' dir='ltr'>in</span> <span class='ocrx_word' id='word_1_285' title='bbox 2389 3900 2729 3942; x_wconf 89' lang='lat' dir='ltr'>numerum</span> <span class='ocrx_word' id='word_1_286' title='bbox 2792 3877 2942 3943; x_wconf 86' lang='lat' dir='ltr'>Car·</span> 
     </span>
    </p>
   </div>
   <div class='ocr_carea' id='block_1_8' title="bbox 623 3973 2941 4156">
    <p class='ocr_par' dir='ltr' id='par_1_8' title="bbox 623 3973 2941 4156">
     <span class='ocr_line' id='line_1_37' title="bbox 625 3973 2940 4059; baseline 0 -21"><span class='ocrx_word' id='word_1_287' title='bbox 625 3975 940 4040; x_wconf 90' lang='lat' dir='ltr'>dinalium</span> <span class='ocrx_word' id='word_1_288' title='bbox 1007 3976 1231 4039; x_wconf 87' lang='lat' dir='ltr'>retulit</span> <span class='ocrx_word' id='word_1_289' title='bbox 1304 3973 1530 4059; x_wconf 89' lang='lat' dir='ltr'>(quum</span> <span class='ocrx_word' id='word_1_290' title='bbox 1597 3974 1869 4039; x_wconf 88' lang='lat' dir='ltr'>haberet</span> <span class='ocrx_word' id='word_1_291' title='bbox 1935 3974 2382 4058; x_wconf 89' lang='lat' dir='ltr'>septemdecim</span> <span class='ocrx_word' id='word_1_292' title='bbox 2460 3974 2728 4058; x_wconf 89' lang='lat' dir='ltr'>annos),</span> <span class='ocrx_word' id='word_1_293' title='bbox 2800 3996 2940 4038; x_wconf 89' lang='lat' dir='ltr'>cum</span> 
     </span>
     <span class='ocr_line' id='line_1_38' title="bbox 623 4071 2941 4156; baseline 0 -22"><span class='ocrx_word' id='word_1_294' title='bbox 623 4073 867 4137; x_wconf 87' lang='lat' dir='ltr'>virtute</span> <span class='ocrx_word' id='word_1_295' title='bbox 937 4077 1003 4137; x_wconf 89' lang='lat' dir='ltr'>et</span> <span class='ocrx_word' id='word_1_296' title='bbox 1071 4071 1478 4156; x_wconf 72' lang='lat' dir='ltr'>integritate.</span> <span class='ocrx_word' id='word_1_297' title='bbox 1511 4071 1721 4136; x_wconf 89' lang='lat' dir='ltr'>adhuc</span> <span class='ocrx_word' id='word_1_298' title='bbox 1788 4073 1975 4151; x_wconf 84' lang='lat' dir='ltr'>vivit,</span> <span class='ocrx_word' id='word_1_299' title='bbox 2047 4076 2120 4136; x_wconf 90' lang='lat' dir='ltr'>ut</span> <span class='ocrx_word' id='word_1_300' title='bbox 2188 4074 2255 4139; x_wconf 89' lang='lat' dir='ltr'>in</span> <span class='ocrx_word' id='word_1_301' title='bbox 2322 4093 2397 4136; x_wconf 94' lang='lat' dir='ltr'>eo</span> <span class='ocrx_word' id='word_1_302' title='bbox 2463 4071 2635 4146; x_wconf 53' lang='lat' dir='ltr'>nihil,</span> <span class='ocrx_word' id='word_1_303' title='bbox 2685 4072 2778 4136; x_wconf 83' lang='lat' dir='ltr'>sit</span> <span class='ocrx_word' id='word_1_304' title='bbox 2839 4071 2941 4134; x_wconf 89' lang='lat' dir='ltr'>in-</span> 
     </span>
    </p>
   </div>
  </div>
 </body>
</html>
