<?xml version="1.0" encoding="UTF-8"?>
<!DOCTYPE html PUBLIC "-//W3C//DTD XHTML 1.0 Transitional//EN"
    "http://www.w3.org/TR/xhtml1/DTD/xhtml1-transitional.dtd">
<html xmlns="http://www.w3.org/1999/xhtml" xml:lang="en" lang="en">
 <head>
  <title>
</title>
<meta http-equiv="Content-Type" content="text/html;charset=utf-8" />
  <meta name='ocr-system' content='tesseract 3.04.00' />
  <meta name='ocr-capabilities' content='ocr_page ocr_carea ocr_par ocr_line ocrx_word'/>
</head>
<body>
  <div class='ocr_page' id='page_1' title='image "./dissertationess05junggoog_0232.png"; bbox 0 0 3281 5014; ppageno 0'>
   <div class='ocr_carea' id='block_1_1' title="bbox 682 407 2577 469">
    <p class='ocr_par' dir='ltr' id='par_1_1' title="bbox 682 407 2577 469">
     <span class='ocr_line' id='line_1_1' title="bbox 682 407 2577 469; baseline -0.005 0"><span class='ocrx_word' id='word_1_1' title='bbox 682 418 787 469; x_wconf 78' lang='lat'>226</span> <span class='ocrx_word' id='word_1_2' title='bbox 1111 412 1341 467; x_wconf 87' lang='lat' dir='ltr'>XXXII.</span> <span class='ocrx_word' id='word_1_3' title='bbox 1379 412 1461 465; x_wconf 91' lang='lat' dir='ltr'>De</span> <span class='ocrx_word' id='word_1_4' title='bbox 1497 409 1851 465; x_wconf 84' lang='lat' dir='ltr'>Pontificibus</span> <span class='ocrx_word' id='word_1_5' title='bbox 1887 409 2170 465; x_wconf 88' lang='lat' dir='ltr'>Avenione</span> <span class='ocrx_word' id='word_1_6' title='bbox 2209 407 2577 464; x_wconf 68' lang='lat' dir='ltr'>commoraris,</span> 
     </span>
    </p>
   </div>
   <div class='ocr_carea' id='block_1_2' title="bbox 535 549 2999 3726">
    <p class='ocr_par' dir='ltr' id='par_1_2' title="bbox 678 549 2999 1506">
     <span class='ocr_line' id='line_1_2' title="bbox 683 549 2995 637; baseline -0.003 -18"><span class='ocrx_word' id='word_1_7' title='bbox 683 562 1038 620; x_wconf 88' lang='lat' dir='ltr'>reservatas</span> <span class='ocrx_word' id='word_1_8' title='bbox 1053 603 1069 637; x_wconf 89' lang='lat'>‚</span> <span class='ocrx_word' id='word_1_9' title='bbox 1142 559 1405 637; x_wconf 88' lang='lat' dir='ltr'>propter</span> <span class='ocrx_word' id='word_1_10' title='bbox 1480 552 1921 634; x_wconf 75' lang='lat' dir='ltr'>indulgentias</span> <span class='ocrx_word' id='word_1_11' title='bbox 1989 557 2054 614; x_wconf 90' lang='lat' dir='ltr'>et</span> <span class='ocrx_word' id='word_1_12' title='bbox 2130 552 2434 635; x_wconf 82' lang='lat' dir='ltr'>pecunias</span> <span class='ocrx_word' id='word_1_13' title='bbox 2513 549 2660 615; x_wconf 88' lang='lat' dir='ltr'>inde</span> <span class='ocrx_word' id='word_1_14' title='bbox 2740 549 2995 615; x_wconf 89' lang='lat' dir='ltr'>lucran-</span> 
     </span>
     <span class='ocr_line' id='line_1_3' title="bbox 682 644 2999 731; baseline -0.002 -16"><span class='ocrx_word' id='word_1_15' title='bbox 682 652 814 717; x_wconf 89' lang='lat' dir='ltr'>das.</span> <span class='ocrx_word' id='word_1_16' title='bbox 881 688 970 697; x_wconf 91' lang='lat'>--</span> <span class='ocrx_word' id='word_1_17' title='bbox 1038 651 1225 716; x_wconf 83' lang='lat' dir='ltr'>Certe</span> <span class='ocrx_word' id='word_1_18' title='bbox 1296 649 1645 715; x_wconf 81' lang='lat' dir='ltr'>Germania</span> <span class='ocrx_word' id='word_1_19' title='bbox 1706 670 1779 713; x_wconf 94' lang='lat' dir='ltr'>eo</span> <span class='ocrx_word' id='word_1_20' title='bbox 1844 649 1982 731; x_wconf 91' lang='lat' dir='ltr'>ipso</span> <span class='ocrx_word' id='word_1_21' title='bbox 2049 668 2234 725; x_wconf 88' lang='lat' dir='ltr'>aevo,</span> <span class='ocrx_word' id='word_1_22' title='bbox 2308 669 2434 731; x_wconf 91' lang='lat' dir='ltr'>quo</span> <span class='ocrx_word' id='word_1_23' title='bbox 2499 647 2776 711; x_wconf 85' lang='lat' dir='ltr'>maxime</span> <span class='ocrx_word' id='word_1_24' title='bbox 2839 644 2999 711; x_wconf 87' lang='lat' dir='ltr'>haec</span> 
     </span>
     <span class='ocr_line' id='line_1_4' title="bbox 681 742 2996 830; baseline -0.003 -18"><span class='ocrx_word' id='word_1_25' title='bbox 681 749 969 813; x_wconf 89' lang='lat' dir='ltr'>lamenta</span> <span class='ocrx_word' id='word_1_26' title='bbox 1040 746 1494 830; x_wconf 78' lang='lat' dir='ltr'>audiebantur,</span> <span class='ocrx_word' id='word_1_27' title='bbox 1569 746 1726 810; x_wconf 89' lang='lat' dir='ltr'>adeo</span> <span class='ocrx_word' id='word_1_28' title='bbox 1801 765 2043 827; x_wconf 85' lang='lat' dir='ltr'>pauper</span> <span class='ocrx_word' id='word_1_29' title='bbox 2117 766 2246 808; x_wconf 90' lang='lat' dir='ltr'>non</span> <span class='ocrx_word' id='word_1_30' title='bbox 2314 744 2468 819; x_wconf 88' lang='lat' dir='ltr'>fuit,</span> <span class='ocrx_word' id='word_1_31' title='bbox 2546 744 2706 829; x_wconf 90' lang='lat' dir='ltr'>quin</span> <span class='ocrx_word' id='word_1_32' title='bbox 2783 742 2996 826; x_wconf 92' lang='lat' dir='ltr'>potius</span> 
     </span>
     <span class='ocr_line' id='line_1_5' title="bbox 681 837 2998 928; baseline -0.004 -19"><span class='ocrx_word' id='word_1_33' title='bbox 681 866 838 909; x_wconf 91' lang='lat' dir='ltr'>auro</span> <span class='ocrx_word' id='word_1_34' title='bbox 899 848 964 909; x_wconf 89' lang='lat' dir='ltr'>et</span> <span class='ocrx_word' id='word_1_35' title='bbox 1041 846 1313 928; x_wconf 82' lang='lat' dir='ltr'>argento</span> <span class='ocrx_word' id='word_1_36' title='bbox 1382 841 1776 907; x_wconf 78' lang='lat' dir='ltr'>abundabat.</span> <span class='ocrx_word' id='word_1_37' title='bbox 1893 839 2090 916; x_wconf 82' lang='lat' dir='ltr'>,Quod</span> <span class='ocrx_word' id='word_1_38' title='bbox 2160 842 2211 904; x_wconf 91' lang='lat' dir='ltr'>si</span> <span class='ocrx_word' id='word_1_39' title='bbox 2282 862 2504 904; x_wconf 89' lang='lat' dir='ltr'>verum</span> <span class='ocrx_word' id='word_1_40' title='bbox 2576 843 2701 917; x_wconf 89' lang='lat' dir='ltr'>est,</span> <span class='ocrx_word' id='word_1_41' title='bbox 2774 837 2998 903; x_wconf 79' lang='lat' dir='ltr'>scribit</span> 
     </span>
     <span class='ocr_line' id='line_1_6' title="bbox 681 933 2999 1023; baseline -0.003 -18"><span class='ocrx_word' id='word_1_42' title='bbox 681 942 760 1006; x_wconf 87' lang='lat' dir='ltr'>ad</span> <span class='ocrx_word' id='word_1_43' title='bbox 809 940 1274 1007; x_wconf 69' lang='lat' dir='ltr'>cancellarium</span> <span class='ocrx_word' id='word_1_44' title='bbox 1320 938 1784 1023; x_wconf 83' lang='lat' dir='ltr'>Moguntinum</span> <span class='ocrx_word' id='word_1_45' title='bbox 1833 936 2144 1001; x_wconf 88' lang='lat' dir='ltr'>Meierum</span> <span class='ocrx_word' id='word_1_46' title='bbox 2191 936 2447 1001; x_wconf 84' lang='lat' dir='ltr'>Aeneas</span> <span class='ocrx_word' id='word_1_47' title='bbox 2495 935 2772 1021; x_wconf 80' lang='lat' dir='ltr'>Sylvius,</span> <span class='ocrx_word' id='word_1_48' title='bbox 2827 933 2999 1021; x_wconf 90' lang='lat' dir='ltr'>quod</span> 
     </span>
     <span class='ocr_line' id='line_1_7' title="bbox 679 1034 2993 1123; baseline -0.004 -20"><span class='ocrx_word' id='word_1_49' title='bbox 679 1040 897 1123; x_wconf 88' lang='lat' dir='ltr'>ajunt,</span> <span class='ocrx_word' id='word_1_50' title='bbox 959 1038 1049 1101; x_wconf 90' lang='lat' dir='ltr'>ibi</span> <span class='ocrx_word' id='word_1_51' title='bbox 1098 1058 1248 1121; x_wconf 91' lang='lat' dir='ltr'>opes</span> <span class='ocrx_word' id='word_1_52' title='bbox 1306 1057 1466 1116; x_wconf 87' lang='lat' dir='ltr'>esse,</span> <span class='ocrx_word' id='word_1_53' title='bbox 1526 1035 1634 1098; x_wconf 84' lang='lat' dir='ltr'>ubi</span> <span class='ocrx_word' id='word_1_54' title='bbox 1683 1034 2147 1118; x_wconf 84' lang='lat' dir='ltr'>negotiatores:</span> <span class='ocrx_word' id='word_1_55' title='bbox 2210 1034 2506 1117; x_wconf 77' lang='lat' dir='ltr'>fateariS,</span> <span class='ocrx_word' id='word_1_56' title='bbox 2563 1054 2821 1098; x_wconf 87' lang='lat' dir='ltr'>necesse</span> <span class='ocrx_word' id='word_1_57' title='bbox 2876 1035 2993 1105; x_wconf 87' lang='lat' dir='ltr'>est,</span> 
     </span>
     <span class='ocr_line' id='line_1_8' title="bbox 680 1129 2998 1219; baseline -0.004 -18"><span class='ocrx_word' id='word_1_58' title='bbox 680 1135 1197 1219; x_wconf 88' lang='lat' dir='ltr'>opulentissimos</span> <span class='ocrx_word' id='word_1_59' title='bbox 1260 1154 1398 1197; x_wconf 89' lang='lat' dir='ltr'>esse</span> <span class='ocrx_word' id='word_1_60' title='bbox 1464 1131 1852 1214; x_wconf 85' lang='lat' dir='ltr'>Germanos,</span> <span class='ocrx_word' id='word_1_61' title='bbox 1924 1152 2196 1213; x_wconf 91' lang='lat' dir='ltr'>quorum</span> <span class='ocrx_word' id='word_1_62' title='bbox 2256 1152 2404 1214; x_wconf 88' lang='lat' dir='ltr'>pars</span> <span class='ocrx_word' id='word_1_63' title='bbox 2465 1130 2745 1195; x_wconf 88' lang='lat' dir='ltr'>maxima</span> <span class='ocrx_word' id='word_1_64' title='bbox 2807 1129 2998 1193; x_wconf 89' lang='lat' dir='ltr'>lucris</span> 
     </span>
     <span class='ocr_line' id='line_1_9' title="bbox 678 1225 2996 1312; baseline -0.003 -17"><span class='ocrx_word' id='word_1_65' title='bbox 678 1231 965 1306; x_wconf 81' lang='lat' dir='ltr'>inhianS,</span> <span class='ocrx_word' id='word_1_66' title='bbox 1026 1229 1405 1294; x_wconf 79' lang='lat' dir='ltr'>mercaturis</span> <span class='ocrx_word' id='word_1_67' title='bbox 1451 1230 1738 1303; x_wconf 84' lang='lat' dir='ltr'>intenta,</span> <span class='ocrx_word' id='word_1_68' title='bbox 1795 1227 2036 1294; x_wconf 88' lang='lat' dir='ltr'>alienas</span> <span class='ocrx_word' id='word_1_69' title='bbox 2084 1228 2277 1310; x_wconf 86' lang='lat' dir='ltr'>longe</span> <span class='ocrx_word' id='word_1_70' title='bbox 2323 1228 2583 1312; x_wconf 91' lang='lat' dir='ltr'>lateque</span> <span class='ocrx_word' id='word_1_71' title='bbox 2636 1225 2996 1310; x_wconf 88' lang='lat' dir='ltr'>provincias</span> 
     </span>
     <span class='ocr_line' id='line_1_10' title="bbox 678 1320 2995 1412; baseline -0.003 -20"><span class='ocrx_word' id='word_1_72' title='bbox 678 1332 1096 1412; x_wconf 80' lang='lat' dir='ltr'>pervagatur,</span> <span class='ocrx_word' id='word_1_73' title='bbox 1156 1375 1170 1391; x_wconf 93' lang='lat'>.</span> <span class='ocrx_word' id='word_1_74' title='bbox 1229 1375 1243 1388; x_wconf 90' lang='lat'>.</span> <span class='ocrx_word' id='word_1_75' title='bbox 1303 1373 1317 1389; x_wconf 91' lang='lat'>.</span> <span class='ocrx_word' id='word_1_76' title='bbox 1386 1345 1460 1388; x_wconf 91' lang='lat' dir='ltr'>ac</span> <span class='ocrx_word' id='word_1_77' title='bbox 1518 1324 1786 1388; x_wconf 88' lang='lat' dir='ltr'>nonnisi</span> <span class='ocrx_word' id='word_1_78' title='bbox 1846 1322 2021 1388; x_wconf 90' lang='lat' dir='ltr'>dives</span> <span class='ocrx_word' id='word_1_79' title='bbox 2085 1321 2542 1408; x_wconf 83' lang='lat' dir='ltr'>revertitur.‘¹)</span> <span class='ocrx_word' id='word_1_80' title='bbox 2606 1359 2691 1370; x_wconf 92' lang='lat'>·-</span> <span class='ocrx_word' id='word_1_81' title='bbox 2759 1320 2995 1400; x_wconf 84' lang='lat' dir='ltr'>Quodsi</span> 
     </span>
     <span class='ocr_line' id='line_1_11' title="bbox 678 1420 2992 1506; baseline -0.003 -18"><span class='ocrx_word' id='word_1_82' title='bbox 678 1423 1100 1489; x_wconf 86' lang='lat' dir='ltr'>nihilominus</span> <span class='ocrx_word' id='word_1_83' title='bbox 1162 1421 1461 1487; x_wconf 89' lang='lat' dir='ltr'>ecclesiae</span> <span class='ocrx_word' id='word_1_84' title='bbox 1524 1420 1838 1506; x_wconf 87' lang='lat' dir='ltr'>quaedam</span> <span class='ocrx_word' id='word_1_85' title='bbox 1901 1422 2315 1503; x_wconf 82' lang='lat' dir='ltr'>particulares</span> <span class='ocrx_word' id='word_1_86' title='bbox 2376 1424 2442 1485; x_wconf 91' lang='lat' dir='ltr'>et</span> <span class='ocrx_word' id='word_1_87' title='bbox 2499 1420 2777 1505; x_wconf 86' lang='lat' dir='ltr'>episcopi</span> <span class='ocrx_word' id='word_1_88' title='bbox 2835 1441 2992 1503; x_wconf 90' lang='lat' dir='ltr'>pau·</span> 
     </span>
    </p>

    <p class='ocr_par' dir='ltr' id='par_1_3' title="bbox 535 1511 2995 1604">
     <span class='ocr_line' id='line_1_12' title="bbox 535 1511 2995 1604; baseline -0.005 -14"><span class='ocrx_word' id='word_1_89' title='bbox 535 1511 610 1590; x_wconf 88' lang='grc' dir='ltr'>«Ψ</span> <span class='ocrx_word' id='word_1_90' title='bbox 678 1541 861 1604; x_wconf 85' lang='lat' dir='ltr'>peres</span> <span class='ocrx_word' id='word_1_91' title='bbox 932 1519 1224 1594; x_wconf 87' lang='lat' dir='ltr'>fuerunt,</span> <span class='ocrx_word' id='word_1_92' title='bbox 1294 1517 1397 1586; x_wconf 92' lang='lat' dir='ltr'>vel</span> <span class='ocrx_word' id='word_1_93' title='bbox 1460 1517 1675 1581; x_wconf 90' lang='lat' dir='ltr'>alieno</span> <span class='ocrx_word' id='word_1_94' title='bbox 1740 1539 1885 1581; x_wconf 89' lang='lat' dir='ltr'>aere</span> <span class='ocrx_word' id='word_1_95' title='bbox 1951 1517 2234 1602; x_wconf 87' lang='lat' dir='ltr'>gravati,</span> <span class='ocrx_word' id='word_1_96' title='bbox 2302 1540 2458 1582; x_wconf 88' lang='lat' dir='ltr'>num</span> <span class='ocrx_word' id='word_1_97' title='bbox 2526 1516 2668 1581; x_wconf 89' lang='lat' dir='ltr'>ideo</span> <span class='ocrx_word' id='word_1_98' title='bbox 2732 1519 2995 1601; x_wconf 89' lang='lat' dir='ltr'>propter</span> 
     </span>
    </p>

    <p class='ocr_par' dir='ltr' id='par_1_4' title="bbox 577 1611 2995 3726">
     <span class='ocr_line' id='line_1_13' title="bbox 577 1611 2995 1698; baseline -0.004 -14"><span class='ocrx_word' id='word_1_99' title='bbox 577 1675 582 1684; x_wconf 51' lang='lat'>.</span> <span class='ocrx_word' id='word_1_100' title='bbox 678 1620 984 1698; x_wconf 89' lang='lat' dir='ltr'>annatas,</span> <span class='ocrx_word' id='word_1_101' title='bbox 1054 1615 1607 1691; x_wconf 86' lang='lat' dir='ltr'>confirmationes,</span> <span class='ocrx_word' id='word_1_102' title='bbox 1673 1614 1898 1698; x_wconf 89' lang='lat' dir='ltr'>pallia,</span> <span class='ocrx_word' id='word_1_103' title='bbox 1973 1613 2445 1698; x_wconf 87' lang='lat' dir='ltr'>depauperatae</span> <span class='ocrx_word' id='word_1_104' title='bbox 2505 1616 2701 1678; x_wconf 76' lang='lat' dir='ltr'>sunt?</span> <span class='ocrx_word' id='word_1_105' title='bbox 2791 1611 2995 1695; x_wconf 88' lang='lat' dir='ltr'>Inspi-</span> 
     </span>
     <span class='ocr_line' id='line_1_14' title="bbox 677 1709 2993 1795; baseline -0.003 -17"><span class='ocrx_word' id='word_1_106' title='bbox 677 1715 933 1778; x_wconf 88' lang='lat' dir='ltr'>ciantur</span> <span class='ocrx_word' id='word_1_107' title='bbox 994 1711 1284 1777; x_wconf 89' lang='lat' dir='ltr'>Annales</span> <span class='ocrx_word' id='word_1_108' title='bbox 1347 1711 1753 1795; x_wconf 89' lang='lat' dir='ltr'>singularum</span> <span class='ocrx_word' id='word_1_109' title='bbox 1817 1711 2220 1775; x_wconf 88' lang='lat' dir='ltr'>ecclesiarum</span> <span class='ocrx_word' id='word_1_110' title='bbox 2289 1714 2354 1774; x_wconf 93' lang='lat' dir='ltr'>et</span> <span class='ocrx_word' id='word_1_111' title='bbox 2411 1709 2684 1774; x_wconf 88' lang='lat' dir='ltr'>historia</span> <span class='ocrx_word' id='word_1_112' title='bbox 2744 1715 2993 1791; x_wconf 90' lang='lat' dir='ltr'>tempo-</span> 
     </span>
     <span class='ocr_line' id='line_1_15' title="bbox 676 1805 2991 1891; baseline -0.003 -15"><span class='ocrx_word' id='word_1_113' title='bbox 676 1832 850 1887; x_wconf 89' lang='lat' dir='ltr'>rum,</span> <span class='ocrx_word' id='word_1_114' title='bbox 922 1830 999 1872; x_wconf 86' lang='lat' dir='ltr'>ex</span> <span class='ocrx_word' id='word_1_115' title='bbox 1066 1808 1297 1891; x_wconf 87' lang='lat' dir='ltr'>quibus</span> <span class='ocrx_word' id='word_1_116' title='bbox 1366 1805 1444 1871; x_wconf 92' lang='lat' dir='ltr'>ad</span> <span class='ocrx_word' id='word_1_117' title='bbox 1502 1805 1968 1872; x_wconf 87' lang='lat' dir='ltr'>convincendos</span> <span class='ocrx_word' id='word_1_118' title='bbox 2034 1807 2430 1872; x_wconf 89' lang='lat' dir='ltr'>adversarios</span> <span class='ocrx_word' id='word_1_119' title='bbox 2497 1807 2655 1871; x_wconf 84' lang='lat' dir='ltr'>satis</span> <span class='ocrx_word' id='word_1_120' title='bbox 2716 1806 2991 1869; x_wconf 88' lang='lat' dir='ltr'>manife-</span> 
     </span>
     <span class='ocr_line' id='line_1_16' title="bbox 678 1902 2994 1990; baseline -0.002 -20"><span class='ocrx_word' id='word_1_121' title='bbox 678 1912 854 1971; x_wconf 91' lang='lat' dir='ltr'>stum</span> <span class='ocrx_word' id='word_1_122' title='bbox 915 1910 1039 1985; x_wconf 84' lang='lat' dir='ltr'>est,</span> <span class='ocrx_word' id='word_1_123' title='bbox 1102 1905 1327 1990; x_wconf 89' lang='lat' dir='ltr'>quodsi</span> <span class='ocrx_word' id='word_1_124' title='bbox 1387 1904 1698 1988; x_wconf 77' lang='lat' dir='ltr'>episcopi,</span> <span class='ocrx_word' id='word_1_125' title='bbox 1760 1905 1815 1968; x_wconf 86' lang='lat' dir='ltr'>si</span> <span class='ocrx_word' id='word_1_126' title='bbox 1874 1905 2173 1969; x_wconf 85' lang='lat' dir='ltr'>ecclesiae</span> <span class='ocrx_word' id='word_1_127' title='bbox 2231 1903 2699 1988; x_wconf 88' lang='lat' dir='ltr'>depauperatae</span> <span class='ocrx_word' id='word_1_128' title='bbox 2763 1907 2828 1966; x_wconf 88' lang='lat' dir='ltr'>et</span> <span class='ocrx_word' id='word_1_129' title='bbox 2882 1902 2994 1966; x_wconf 90' lang='lat' dir='ltr'>de-</span> 
     </span>
     <span class='ocr_line' id='line_1_17' title="bbox 677 2000 2994 2085; baseline -0.002 -19"><span class='ocrx_word' id='word_1_130' title='bbox 677 2003 829 2066; x_wconf 87' lang='lat' dir='ltr'>bitis</span> <span class='ocrx_word' id='word_1_131' title='bbox 891 2004 1197 2085; x_wconf 86' lang='lat' dir='ltr'>gravatae</span> <span class='ocrx_word' id='word_1_132' title='bbox 1255 2000 1534 2078; x_wconf 87' lang='lat' dir='ltr'>fuerint,</span> <span class='ocrx_word' id='word_1_133' title='bbox 1599 2004 1774 2065; x_wconf 87' lang='lat' dir='ltr'>certe</span> <span class='ocrx_word' id='word_1_134' title='bbox 1837 2001 2143 2065; x_wconf 88' lang='lat' dir='ltr'>continua</span> <span class='ocrx_word' id='word_1_135' title='bbox 2198 2000 2400 2075; x_wconf 91' lang='lat' dir='ltr'>bella,</span> <span class='ocrx_word' id='word_1_136' title='bbox 2462 2001 2568 2083; x_wconf 89' lang='lat' dir='ltr'>jus</span> <span class='ocrx_word' id='word_1_137' title='bbox 2626 2005 2698 2063; x_wconf 89' lang='lat' dir='ltr'>ut</span> <span class='ocrx_word' id='word_1_138' title='bbox 2758 2005 2994 2064; x_wconf 89' lang='lat' dir='ltr'>vocant</span> 
     </span>
     <span class='ocr_line' id='line_1_18' title="bbox 675 2097 2994 2180; baseline -0.002 -17"><span class='ocrx_word' id='word_1_139' title='bbox 675 2098 1112 2180; x_wconf 87' lang='lat' dir='ltr'>manuarium,</span> <span class='ocrx_word' id='word_1_140' title='bbox 1181 2098 1511 2179; x_wconf 86' lang='lat' dir='ltr'>civitates,</span> <span class='ocrx_word' id='word_1_141' title='bbox 1583 2097 1866 2174; x_wconf 87' lang='lat' dir='ltr'>nobiles,</span> <span class='ocrx_word' id='word_1_142' title='bbox 1933 2097 2254 2174; x_wconf 75' lang='lat' dir='ltr'>subditos,</span> <span class='ocrx_word' id='word_1_143' title='bbox 2325 2097 2596 2162; x_wconf 84' lang='lat' dir='ltr'>vasallos</span> <span class='ocrx_word' id='word_1_144' title='bbox 2664 2097 2731 2160; x_wconf 89' lang='lat' dir='ltr'>in</span> <span class='ocrx_word' id='word_1_145' title='bbox 2801 2117 2994 2159; x_wconf 85' lang='lat' dir='ltr'>causa</span> 
     </span>
     <span class='ocr_line' id='line_1_19' title="bbox 672 2192 2994 2278; baseline -0.002 -19"><span class='ocrx_word' id='word_1_146' title='bbox 672 2195 895 2277; x_wconf 87' lang='lat' dir='ltr'>fuisse,</span> <span class='ocrx_word' id='word_1_147' title='bbox 952 2195 1061 2278; x_wconf 91' lang='lat' dir='ltr'>qui</span> <span class='ocrx_word' id='word_1_148' title='bbox 1120 2216 1234 2278; x_wconf 91' lang='lat' dir='ltr'>pro</span> <span class='ocrx_word' id='word_1_149' title='bbox 1280 2216 1452 2258; x_wconf 89' lang='lat' dir='ltr'>more</span> <span class='ocrx_word' id='word_1_150' title='bbox 1513 2192 1769 2258; x_wconf 91' lang='lat' dir='ltr'>illorum</span> <span class='ocrx_word' id='word_1_151' title='bbox 1828 2200 2217 2277; x_wconf 90' lang='lat' dir='ltr'>temporum,</span> <span class='ocrx_word' id='word_1_152' title='bbox 2276 2194 2572 2258; x_wconf 88' lang='lat' dir='ltr'>ecclesias</span> <span class='ocrx_word' id='word_1_153' title='bbox 2632 2201 2698 2257; x_wconf 92' lang='lat' dir='ltr'>et</span> <span class='ocrx_word' id='word_1_154' title='bbox 2752 2192 2994 2257; x_wconf 88' lang='lat' dir='ltr'>clerum</span> 
     </span>
     <span class='ocr_line' id='line_1_20' title="bbox 673 2288 2984 2375; baseline -0.002 -20"><span class='ocrx_word' id='word_1_155' title='bbox 673 2292 1030 2371; x_wconf 85' lang='lat' dir='ltr'>vexabant,</span> <span class='ocrx_word' id='word_1_156' title='bbox 1098 2312 1318 2355; x_wconf 91' lang='lat' dir='ltr'>eorum</span> <span class='ocrx_word' id='word_1_157' title='bbox 1382 2290 1556 2354; x_wconf 90' lang='lat' dir='ltr'>bona</span> <span class='ocrx_word' id='word_1_158' title='bbox 1623 2290 2040 2374; x_wconf 87' lang='lat' dir='ltr'>diripiebant,</span> <span class='ocrx_word' id='word_1_159' title='bbox 2111 2312 2300 2375; x_wconf 91' lang='lat' dir='ltr'>saepe</span> <span class='ocrx_word' id='word_1_160' title='bbox 2370 2291 2563 2354; x_wconf 90' lang='lat' dir='ltr'>etiam</span> <span class='ocrx_word' id='word_1_161' title='bbox 2636 2288 2984 2373; x_wconf 88' lang='lat' dir='ltr'>prodigali-</span> 
     </span>
     <span class='ocr_line' id='line_1_21' title="bbox 670 2384 2982 2470; baseline -0.003 -16"><span class='ocrx_word' id='word_1_162' title='bbox 670 2393 877 2455; x_wconf 88' lang='lat' dir='ltr'>tatem</span> <span class='ocrx_word' id='word_1_163' title='bbox 938 2387 1399 2470; x_wconf 88' lang='lat' dir='ltr'>praelatorum,</span> <span class='ocrx_word' id='word_1_164' title='bbox 1464 2391 1539 2450; x_wconf 92' lang='lat' dir='ltr'>ut</span> <span class='ocrx_word' id='word_1_165' title='bbox 1599 2385 1677 2449; x_wconf 88' lang='lat' dir='ltr'>de</span> <span class='ocrx_word' id='word_1_166' title='bbox 1742 2387 1896 2450; x_wconf 83' lang='lat' dir='ltr'>luxu</span> <span class='ocrx_word' id='word_1_167' title='bbox 1961 2394 2026 2450; x_wconf 89' lang='lat' dir='ltr'>et</span> <span class='ocrx_word' id='word_1_168' title='bbox 2082 2387 2285 2470; x_wconf 88' lang='lat' dir='ltr'>fastu,</span> <span class='ocrx_word' id='word_1_169' title='bbox 2355 2408 2545 2470; x_wconf 90' lang='lat' dir='ltr'>quem</span> <span class='ocrx_word' id='word_1_170' title='bbox 2602 2384 2982 2450; x_wconf 81' lang='lat' dir='ltr'>Germaniae</span> 
     </span>
     <span class='ocr_line' id='line_1_22' title="bbox 672 2480 2981 2570; baseline -0.002 -21"><span class='ocrx_word' id='word_1_171' title='bbox 672 2484 981 2570; x_wconf 90' lang='lat' dir='ltr'>episcopis</span> <span class='ocrx_word' id='word_1_172' title='bbox 1056 2506 1171 2549; x_wconf 91' lang='lat' dir='ltr'>suo</span> <span class='ocrx_word' id='word_1_173' title='bbox 1247 2489 1534 2566; x_wconf 89' lang='lat' dir='ltr'>tempore</span> <span class='ocrx_word' id='word_1_174' title='bbox 1607 2484 1920 2567; x_wconf 81' lang='lat' dir='ltr'>exprobat</span> <span class='ocrx_word' id='word_1_175' title='bbox 1993 2482 2253 2550; x_wconf 88' lang='lat' dir='ltr'>Aeneas</span> <span class='ocrx_word' id='word_1_176' title='bbox 2324 2483 2579 2566; x_wconf 78' lang='lat' dir='ltr'>Sylvius</span> <span class='ocrx_word' id='word_1_177' title='bbox 2656 2480 2817 2547; x_wconf 89' lang='lat' dir='ltr'>nihil</span> <span class='ocrx_word' id='word_1_178' title='bbox 2893 2480 2981 2544; x_wconf 89' lang='lat' dir='ltr'>di·</span> 
     </span>
     <span class='ocr_line' id='line_1_23' title="bbox 672 2577 2983 2666; baseline -0.002 -20"><span class='ocrx_word' id='word_1_179' title='bbox 672 2604 830 2646; x_wconf 88' lang='lat' dir='ltr'>cam.</span> <span class='ocrx_word' id='word_1_180' title='bbox 879 2617 959 2626; x_wconf 90' lang='lat'><strong>—</strong></span> <span class='ocrx_word' id='word_1_181' title='bbox 1008 2580 1111 2645; x_wconf 91' lang='lat' dir='ltr'>Ab</span> <span class='ocrx_word' id='word_1_182' title='bbox 1159 2580 1533 2644; x_wconf 88' lang='lat' dir='ltr'>adversariis</span> <span class='ocrx_word' id='word_1_183' title='bbox 1583 2580 1953 2663; x_wconf 84' lang='lat' dir='ltr'>praeprimis</span> <span class='ocrx_word' id='word_1_184' title='bbox 2007 2583 2368 2666; x_wconf 86' lang='lat' dir='ltr'>exemplum</span> <span class='ocrx_word' id='word_1_185' title='bbox 2415 2581 2491 2645; x_wconf 94' lang='lat' dir='ltr'>de</span> <span class='ocrx_word' id='word_1_186' title='bbox 2537 2580 2802 2645; x_wconf 87' lang='lat' dir='ltr'>ecclesia</span> <span class='ocrx_word' id='word_1_187' title='bbox 2847 2577 2983 2642; x_wconf 90' lang='lat' dir='ltr'>Mo·</span> 
     </span>
     <span class='ocr_line' id='line_1_24' title="bbox 670 2676 2982 2763; baseline -0.001 -21"><span class='ocrx_word' id='word_1_188' title='bbox 670 2679 950 2763; x_wconf 85' lang='lat' dir='ltr'>guntina</span> <span class='ocrx_word' id='word_1_189' title='bbox 1003 2677 1414 2761; x_wconf 89' lang='lat' dir='ltr'>proponitur,</span> <span class='ocrx_word' id='word_1_190' title='bbox 1484 2676 1593 2739; x_wconf 89' lang='lat' dir='ltr'>sed</span> <span class='ocrx_word' id='word_1_191' title='bbox 1658 2683 1913 2759; x_wconf 89' lang='lat' dir='ltr'>praeter</span> <span class='ocrx_word' id='word_1_192' title='bbox 1972 2700 2077 2755; x_wconf 87' lang='lat' dir='ltr'>ea,</span> <span class='ocrx_word' id='word_1_193' title='bbox 2146 2701 2311 2763; x_wconf 90' lang='lat' dir='ltr'>quae</span> <span class='ocrx_word' id='word_1_194' title='bbox 2369 2678 2732 2743; x_wconf 86' lang='lat' dir='ltr'>Annalibus</span> <span class='ocrx_word' id='word_1_195' title='bbox 2795 2677 2982 2740; x_wconf 87' lang='lat' dir='ltr'>testi-</span> 
     </span>
     <span class='ocr_line' id='line_1_25' title="bbox 666 2771 2982 2857; baseline -0.002 -16"><span class='ocrx_word' id='word_1_196' title='bbox 666 2776 783 2841; x_wconf 91' lang='lat' dir='ltr'>bus</span> <span class='ocrx_word' id='word_1_197' title='bbox 829 2775 906 2838; x_wconf 92' lang='lat' dir='ltr'>de</span> <span class='ocrx_word' id='word_1_198' title='bbox 954 2774 1219 2839; x_wconf 89' lang='lat' dir='ltr'>ecclesia</span> <span class='ocrx_word' id='word_1_199' title='bbox 1264 2785 1330 2837; x_wconf 88' lang='lat' dir='ltr'>et</span> <span class='ocrx_word' id='word_1_200' title='bbox 1378 2772 1868 2857; x_wconf 87' lang='lat' dir='ltr'>archiepiscopis</span> <span class='ocrx_word' id='word_1_201' title='bbox 1901 2772 2310 2857; x_wconf 87' lang='lat' dir='ltr'>Moguntinis</span> <span class='ocrx_word' id='word_1_202' title='bbox 2355 2776 2742 2852; x_wconf 84' lang='lat' dir='ltr'>referunt-ur,</span> <span class='ocrx_word' id='word_1_203' title='bbox 2785 2771 2982 2838; x_wconf 85' lang='lat' dir='ltr'>Joan·</span> 
     </span>
     <span class='ocr_line' id='line_1_26' title="bbox 670 2868 2980 2955; baseline -0.002 -19"><span class='ocrx_word' id='word_1_204' title='bbox 670 2894 787 2936; x_wconf 87' lang='lat' dir='ltr'>nes</span> <span class='ocrx_word' id='word_1_205' title='bbox 836 2871 1341 2954; x_wconf 87' lang='lat' dir='ltr'>archiepiscopus</span> <span class='ocrx_word' id='word_1_206' title='bbox 1394 2872 1460 2933; x_wconf 90' lang='lat' dir='ltr'>in</span> <span class='ocrx_word' id='word_1_207' title='bbox 1518 2869 1790 2934; x_wconf 86' lang='lat' dir='ltr'>comitiis</span> <span class='ocrx_word' id='word_1_208' title='bbox 1836 2868 2240 2954; x_wconf 84' lang='lat' dir='ltr'>Moguntinis</span> <span class='ocrx_word' id='word_1_209' title='bbox 2288 2872 2368 2935; x_wconf 93' lang='lat' dir='ltr'>ab</span> <span class='ocrx_word' id='word_1_210' title='bbox 2415 2870 2805 2955; x_wconf 87' lang='lat' dir='ltr'>Imperatore</span> <span class='ocrx_word' id='word_1_211' title='bbox 2852 2869 2980 2932; x_wconf 88' lang='lat' dir='ltr'>Ru·</span> 
     </span>
     <span class='ocr_line' id='line_1_27' title="bbox 669 2963 2978 3053; baseline -0.001 -21"><span class='ocrx_word' id='word_1_212' title='bbox 669 2975 852 3053; x_wconf 87' lang='lat' dir='ltr'>perto</span> <span class='ocrx_word' id='word_1_213' title='bbox 903 2990 1219 3032; x_wconf 88' lang='lat' dir='ltr'>summam</span> <span class='ocrx_word' id='word_1_214' title='bbox 1269 2968 1544 3050; x_wconf 86' lang='lat' dir='ltr'>triginta</span> <span class='ocrx_word' id='word_1_215' title='bbox 1589 2966 1865 3031; x_wconf 86' lang='lat' dir='ltr'>millium</span> <span class='ocrx_word' id='word_1_216' title='bbox 1910 2966 2297 3033; x_wconf 88' lang='lat' dir='ltr'>florenorum</span> <span class='ocrx_word' id='word_1_217' title='bbox 2337 2971 2476 3053; x_wconf 88' lang='lat' dir='ltr'>jam</span> <span class='ocrx_word' id='word_1_218' title='bbox 2525 2991 2561 3031; x_wconf 92' lang='lat' dir='ltr'>a</span> <span class='ocrx_word' id='word_1_219' title='bbox 2606 2967 2833 3032; x_wconf 87' lang='lat' dir='ltr'>Carolo</span> <span class='ocrx_word' id='word_1_220' title='bbox 2865 2963 2978 3029; x_wconf 93' lang='lat' dir='ltr'>IV.</span> 
     </span>
     <span class='ocr_line' id='line_1_28' title="bbox 668 3061 2978 3149; baseline -0.001 -20"><span class='ocrx_word' id='word_1_221' title='bbox 668 3066 787 3130; x_wconf 89' lang='lat' dir='ltr'>sibi</span> <span class='ocrx_word' id='word_1_222' title='bbox 837 3065 1116 3128; x_wconf 88' lang='lat' dir='ltr'>debitam</span> <span class='ocrx_word' id='word_1_223' title='bbox 1164 3063 1536 3148; x_wconf 89' lang='lat' dir='ltr'>postulavit.</span> <span class='ocrx_word' id='word_1_224' title='bbox 1577 3125 1585 3133; x_wconf 84' lang='grc'><em>,</em></span> <span class='ocrx_word' id='word_1_225' title='bbox 1620 3061 1948 3146; x_wconf 81' lang='lat' dir='ltr'>Rupertus</span> <span class='ocrx_word' id='word_1_226' title='bbox 1994 3065 2364 3147; x_wconf 87' lang='lat' dir='ltr'>reponebat,</span> <span class='ocrx_word' id='word_1_227' title='bbox 2413 3066 2562 3149; x_wconf 90' lang='lat' dir='ltr'>quia</span> <span class='ocrx_word' id='word_1_228' title='bbox 2608 3064 2764 3128; x_wconf 88' lang='lat' dir='ltr'>haec</span> <span class='ocrx_word' id='word_1_229' title='bbox 2808 3085 2978 3128; x_wconf 89' lang='lat' dir='ltr'>sum·-</span> 
     </span>
     <span class='ocr_line' id='line_1_29' title="bbox 668 3159 2978 3246; baseline 0 -21"><span class='ocrx_word' id='word_1_230' title='bbox 668 3184 774 3225; x_wconf 89' lang='lat' dir='ltr'>ma</span> <span class='ocrx_word' id='word_1_231' title='bbox 834 3184 966 3226; x_wconf 91' lang='lat' dir='ltr'>non</span> <span class='ocrx_word' id='word_1_232' title='bbox 1021 3161 1102 3226; x_wconf 91' lang='lat' dir='ltr'>ab</span> <span class='ocrx_word' id='word_1_233' title='bbox 1162 3162 1300 3244; x_wconf 88' lang='lat' dir='ltr'>ipso</span> <span class='ocrx_word' id='word_1_234' title='bbox 1348 3159 1606 3237; x_wconf 85' lang='lat' dir='ltr'>Car010,</span> <span class='ocrx_word' id='word_1_235' title='bbox 1674 3183 1791 3225; x_wconf 90' lang='lat' dir='ltr'>nec</span> <span class='ocrx_word' id='word_1_236' title='bbox 1852 3164 1933 3225; x_wconf 91' lang='lat' dir='ltr'>ab</span> <span class='ocrx_word' id='word_1_237' title='bbox 1993 3164 2128 3246; x_wconf 90' lang='lat' dir='ltr'>ejus</span> <span class='ocrx_word' id='word_1_238' title='bbox 2180 3162 2313 3227; x_wconf 91' lang='lat' dir='ltr'>filio</span> <span class='ocrx_word' id='word_1_239' title='bbox 2364 3162 2746 3226; x_wconf 89' lang='lat' dir='ltr'>Wenceslao</span> <span class='ocrx_word' id='word_1_240' title='bbox 2798 3183 2978 3244; x_wconf 89' lang='lat' dir='ltr'>repe-</span> 
     </span>
     <span class='ocr_line' id='line_1_30' title="bbox 667 3256 2978 3342; baseline 0 -20"><span class='ocrx_word' id='word_1_241' title='bbox 667 3259 793 3322; x_wconf 91' lang='lat' dir='ltr'>tita</span> <span class='ocrx_word' id='word_1_242' title='bbox 839 3257 993 3334; x_wconf 84' lang='lat' dir='ltr'>fuit,</span> <span class='ocrx_word' id='word_1_243' title='bbox 1044 3258 1240 3320; x_wconf 87' lang='lat' dir='ltr'>etiam</span> <span class='ocrx_word' id='word_1_244' title='bbox 1288 3278 1459 3320; x_wconf 90' lang='lat' dir='ltr'>nunc</span> <span class='ocrx_word' id='word_1_245' title='bbox 1503 3256 1621 3319; x_wconf 90' lang='lat' dir='ltr'>sibi</span> <span class='ocrx_word' id='word_1_246' title='bbox 1670 3258 2126 3322; x_wconf 87' lang='lat' dir='ltr'>remittendam</span> <span class='ocrx_word' id='word_1_247' title='bbox 2176 3281 2333 3322; x_wconf 89' lang='lat' dir='ltr'>esse.</span> <span class='ocrx_word' id='word_1_248' title='bbox 2431 3258 2719 3322; x_wconf 88' lang='lat' dir='ltr'>Wenker</span> <span class='ocrx_word' id='word_1_249' title='bbox 2764 3280 2978 3342; x_wconf 86' lang='lat' dir='ltr'>appar.</span> 
     </span>
     <span class='ocr_line' id='line_1_31' title="bbox 666 3352 2978 3440; baseline 0 -22"><span class='ocrx_word' id='word_1_250' title='bbox 666 3376 727 3438; x_wconf 91' lang='lat' dir='ltr'>p.</span> <span class='ocrx_word' id='word_1_251' title='bbox 790 3355 917 3417; x_wconf 83' lang='lat'>290</span> <span class='ocrx_word' id='word_1_252' title='bbox 982 3352 1135 3418; x_wconf 89' lang='lat' dir='ltr'>inde</span> <span class='ocrx_word' id='word_1_253' title='bbox 1196 3355 1518 3436; x_wconf 87' lang='lat' dir='ltr'>sequitur,</span> <span class='ocrx_word' id='word_1_254' title='bbox 1580 3354 1748 3436; x_wconf 90' lang='lat' dir='ltr'>quod</span> <span class='ocrx_word' id='word_1_255' title='bbox 1811 3355 2167 3439; x_wconf 87' lang='lat' dir='ltr'>Imperator</span> <span class='ocrx_word' id='word_1_256' title='bbox 2224 3356 2637 3440; x_wconf 86' lang='lat' dir='ltr'>judicaverit,</span> <span class='ocrx_word' id='word_1_257' title='bbox 2694 3356 2978 3420; x_wconf 86' lang='lat' dir='ltr'>noverit-</span> 
     </span>
     <span class='ocr_line' id='line_1_32' title="bbox 667 3449 2974 3536; baseline 0.001 -23"><span class='ocrx_word' id='word_1_258' title='bbox 667 3472 812 3535; x_wconf 90' lang='lat' dir='ltr'>que,</span> <span class='ocrx_word' id='word_1_259' title='bbox 861 3472 994 3514; x_wconf 87' lang='lat' dir='ltr'>non</span> <span class='ocrx_word' id='word_1_260' title='bbox 1039 3449 1196 3513; x_wconf 90' lang='lat' dir='ltr'>adeo</span> <span class='ocrx_word' id='word_1_261' title='bbox 1246 3470 1582 3532; x_wconf 88' lang='lat' dir='ltr'>pauperem</span> <span class='ocrx_word' id='word_1_262' title='bbox 1631 3471 1767 3515; x_wconf 92' lang='lat' dir='ltr'>esse</span> <span class='ocrx_word' id='word_1_263' title='bbox 1815 3452 2141 3517; x_wconf 81' lang='lat' dir='ltr'>ecclesiam</span> <span class='ocrx_word' id='word_1_264' title='bbox 2189 3451 2670 3536; x_wconf 85' lang='lat' dir='ltr'>Moguntinam,</span> <span class='ocrx_word' id='word_1_265' title='bbox 2719 3451 2974 3536; x_wconf 90' lang='lat' dir='ltr'>quando</span> 
     </span>
     <span class='ocr_line' id='line_1_33' title="bbox 663 3547 2975 3614; baseline 0.001 -4"><span class='ocrx_word' id='word_1_266' title='bbox 663 3547 777 3610; x_wconf 89' lang='lat' dir='ltr'>illa</span> <span class='ocrx_word' id='word_1_267' title='bbox 842 3551 1095 3610; x_wconf 84' lang='lat' dir='ltr'>tantam</span> <span class='ocrx_word' id='word_1_268' title='bbox 1159 3567 1476 3608; x_wconf 89' lang='lat' dir='ltr'>summam</span> <span class='ocrx_word' id='word_1_269' title='bbox 1535 3553 1825 3611; x_wconf 90' lang='lat' dir='ltr'>mutuam</span> <span class='ocrx_word' id='word_1_270' title='bbox 1882 3548 2032 3612; x_wconf 89' lang='lat' dir='ltr'>dare</span> <span class='ocrx_word' id='word_1_271' title='bbox 2100 3554 2165 3612; x_wconf 94' lang='lat' dir='ltr'>et</span> <span class='ocrx_word' id='word_1_272' title='bbox 2224 3548 2451 3613; x_wconf 90' lang='lat' dir='ltr'>deinde</span> <span class='ocrx_word' id='word_1_273' title='bbox 2511 3571 2649 3614; x_wconf 88' lang='lat' dir='ltr'>eam</span> <span class='ocrx_word' id='word_1_274' title='bbox 2702 3550 2822 3614; x_wconf 87' lang='lat' dir='ltr'>sibi</span> <span class='ocrx_word' id='word_1_275' title='bbox 2875 3571 2975 3613; x_wconf 89' lang='lat' dir='ltr'>re·</span> 
     </span>
     <span class='ocr_line' id='line_1_34' title="bbox 666 3639 1643 3726; baseline -0.002 -20"><span class='ocrx_word' id='word_1_276' title='bbox 666 3643 839 3706; x_wconf 85' lang='lat' dir='ltr'>mitti</span> <span class='ocrx_word' id='word_1_277' title='bbox 885 3664 1067 3726; x_wconf 91' lang='lat' dir='ltr'>posse</span> <span class='ocrx_word' id='word_1_278' title='bbox 1116 3643 1524 3706; x_wconf 84' lang='lat' dir='ltr'>existimavit.</span> <span class='ocrx_word' id='word_1_279' title='bbox 1538 3643 1568 3674; x_wconf 92' lang='lat'><strong>“</strong></span> <span class='ocrx_word' id='word_1_280' title='bbox 1591 3639 1643 3725; x_wconf 78' lang='grc'>2)</span> 
     </span>
    </p>
   </div>
   <div class='ocr_carea' id='block_1_3' title="bbox 376 3791 2975 3977">
    <p class='ocr_par' dir='ltr' id='par_1_5' title="bbox 376 3791 2975 3977">
     <span class='ocr_line' id='line_1_35' title="bbox 376 3791 2975 3876; baseline 0.002 -21"><span class='ocrx_word' id='word_1_281' title='bbox 376 3812 491 3856; x_wconf 76' lang='lat' dir='ltr'>meri</span> <span class='ocrx_word' id='word_1_282' title='bbox 519 3815 612 3856; x_wconf 73' lang='lat' dir='ltr'>vita</span> <span class='ocrx_word' id='word_1_283' title='bbox 848 3792 951 3855; x_wconf 85' lang='lat'>84.</span> <span class='ocrx_word' id='word_1_284' title='bbox 999 3791 1119 3855; x_wconf 92' lang='lat' dir='ltr'>Illo</span> <span class='ocrx_word' id='word_1_285' title='bbox 1166 3791 1358 3855; x_wconf 89' lang='lat' dir='ltr'>etiam</span> <span class='ocrx_word' id='word_1_286' title='bbox 1390 3797 1677 3876; x_wconf 90' lang='lat' dir='ltr'>tempore</span> <span class='ocrx_word' id='word_1_287' title='bbox 1722 3794 1792 3857; x_wconf 88' lang='lat' dir='ltr'>in</span> <span class='ocrx_word' id='word_1_288' title='bbox 1826 3794 2173 3859; x_wconf 82' lang='lat' dir='ltr'>Germania</span> <span class='ocrx_word' id='word_1_289' title='bbox 2206 3797 2402 3861; x_wconf 88' lang='lat' dir='ltr'>vitam</span> <span class='ocrx_word' id='word_1_290' title='bbox 2450 3797 2798 3860; x_wconf 89' lang='lat' dir='ltr'>multorum</span> <span class='ocrx_word' id='word_1_291' title='bbox 2846 3796 2975 3860; x_wconf 89' lang='lat' dir='ltr'>cle-</span> 
     </span>
     <span class='ocr_line' id='line_1_36' title="bbox 400 3875 2975 3977; baseline 0.002 -26"><span class='ocrx_word' id='word_1_292' title='bbox 400 3875 595 3927; x_wconf 68' lang='lat' dir='ltr'>P¹⁰f³¹²³·</span> <span class='ocrx_word' id='word_1_293' title='bbox 668 3889 941 3952; x_wconf 86' lang='lat' dir='ltr'>ricorum</span> <span class='ocrx_word' id='word_1_294' title='bbox 1001 3888 1182 3952; x_wconf 89' lang='lat' dir='ltr'>valde</span> <span class='ocrx_word' id='word_1_295' title='bbox 1244 3889 1576 3972; x_wconf 87' lang='lat' dir='ltr'>profanam</span> <span class='ocrx_word' id='word_1_296' title='bbox 1635 3890 1858 3971; x_wconf 88' lang='lat' dir='ltr'>fuisse,</span> <span class='ocrx_word' id='word_1_297' title='bbox 1920 3893 2223 3977; x_wconf 85' lang='lat' dir='ltr'>ipsosque</span> <span class='ocrx_word' id='word_1_298' title='bbox 2282 3894 2539 3958; x_wconf 89' lang='lat' dir='ltr'>clericos</span> <span class='ocrx_word' id='word_1_299' title='bbox 2596 3891 2975 3975; x_wconf 89' lang='lat' dir='ltr'>dilapidasse</span> 
     </span>
    </p>
   </div>
   <div class='ocr_carea' id='block_1_4' title="bbox 1283 3973 1520 3989">
    <p class='ocr_par' dir='ltr' id='par_1_6' title="bbox 1283 3973 1520 3989">
     <span class='ocr_line' id='line_1_37' title="bbox 1283 3973 1520 3989; baseline -0.013 -1"><span class='ocrx_word' id='word_1_300' title='bbox 1283 3973 1520 3989; x_wconf 66' lang='lat'>=-----.-.....-.⁴-</span> 
     </span>
    </p>
   </div>
   <div class='ocr_carea' id='block_1_5' title="bbox 670 4011 991 4018">
    <p class='ocr_par' dir='ltr' id='par_1_7' title="bbox 670 4011 991 4018">
     <span class='ocr_line' id='line_1_38' title="bbox 670 4011 991 4018; baseline 0 996"><span class='ocrx_word' id='word_1_301' title='bbox 670 4011 991 4018; x_wconf 95' lang='lat' dir='ltr'> </span> 
     </span>
    </p>
   </div>
   <div class='ocr_carea' id='block_1_6' title="bbox 844 4059 2502 4209">
    <p class='ocr_par' dir='ltr' id='par_1_8' title="bbox 844 4059 2502 4209">
     <span class='ocr_line' id='line_1_39' title="bbox 849 4059 1785 4123; baseline 0.007 -12"><span class='ocrx_word' id='word_1_302' title='bbox 849 4059 890 4123; x_wconf 90' lang='lat'>¹)</span> <span class='ocrx_word' id='word_1_303' title='bbox 926 4059 1010 4114; x_wconf 85' lang='lat' dir='ltr'>De</span> <span class='ocrx_word' id='word_1_304' title='bbox 1048 4059 1160 4114; x_wconf 88' lang='lat' dir='ltr'>ritu</span> <span class='ocrx_word' id='word_1_305' title='bbox 1199 4067 1255 4115; x_wconf 89' lang='lat' dir='ltr'>et</span> <span class='ocrx_word' id='word_1_306' title='bbox 1295 4061 1404 4116; x_wconf 86' lang='lat' dir='ltr'>situ</span> <span class='ocrx_word' id='word_1_307' title='bbox 1443 4063 1626 4117; x_wconf 85' lang='lat' dir='ltr'>Germ.</span> <span class='ocrx_word' id='word_1_308' title='bbox 1666 4063 1700 4116; x_wconf 92' lang='lat'>1.</span> <span class='ocrx_word' id='word_1_309' title='bbox 1742 4081 1785 4118; x_wconf 93' lang='lat' dir='ltr'>c.</span> 
     </span>
     <span class='ocr_line' id='line_1_40' title="bbox 844 4137 2502 4209; baseline 0.005 -19"><span class='ocrx_word' id='word_1_310' title='bbox 844 4137 888 4205; x_wconf 76' lang='grc'>2)</span> <span class='ocrx_word' id='word_1_311' title='bbox 926 4138 1271 4194; x_wconf 86' lang='lat' dir='ltr'>Antifebron.</span> <span class='ocrx_word' id='word_1_312' title='bbox 1312 4142 1374 4193; x_wconf 94' lang='lat' dir='ltr'>P.</span> <span class='ocrx_word' id='word_1_313' title='bbox 1413 4142 1515 4195; x_wconf 93' lang='lat' dir='ltr'>III.</span> <span class='ocrx_word' id='word_1_314' title='bbox 1557 4159 1600 4195; x_wconf 92' lang='lat' dir='ltr'>c.</span> <span class='ocrx_word' id='word_1_315' title='bbox 1639 4145 1687 4195; x_wconf 85' lang='lat'>6.</span> <span class='ocrx_word' id='word_1_316' title='bbox 1726 4159 1776 4209; x_wconf 90' lang='lat' dir='ltr'>p.</span> <span class='ocrx_word' id='word_1_317' title='bbox 1815 4145 1934 4198; x_wconf 82' lang='lat'>559.</span> <span class='ocrx_word' id='word_1_318' title='bbox 1974 4144 2054 4198; x_wconf 88' lang='lat' dir='ltr'>ed.</span> <span class='ocrx_word' id='word_1_319' title='bbox 2092 4143 2223 4199; x_wconf 91' lang='lat' dir='ltr'>Lov.</span> <span class='ocrx_word' id='word_1_320' title='bbox 2264 4162 2310 4199; x_wconf 88' lang='lat' dir='ltr'>a.</span> <span class='ocrx_word' id='word_1_321' title='bbox 2353 4147 2502 4199; x_wconf 80' lang='lat'>1829.</span> 
     </span>
    </p>
   </div>
  </div>
 </body>
</html>
