3281 5014
967 372 970 377 ·
1047 342 1130 396 De
1168 342 1430 395 Romanis
1469 341 1848 396 Pontificibus.
2501 344 2604 396 401

285 480 458 545 siam
507 498 731 546 revera
794 483 1120 548 foedatam
1183 483 1413 558 fuisse,
1482 474 1557 547 ut
1621 488 1961 568 propterea
2027 483 2244 561 multi,
2314 486 2607 568 quamvis
2641 499 2728 602 Diis
2753 498 2928 540 ertatio-

286 599 446 643 ausu
511 581 856 645 temerario
927 585 992 645 et
1057 579 1341 664 lugendo
1410 601 1656 661 errore,
1724 602 1862 645 eam
1934 581 2345 663 reliquerint,
2416 604 2488 647 ac
2554 512 2906 645 81000000οῙ

285 674 382 738 illi
430 675 544 758 qui
592 675 673 738 ab
723 677 1010 742 Ecclesia
1053 674 1432 740 defecerunt
1476 677 1833 742 sanctiores
1882 678 2357 760 quaesivissent
2400 701 2609 743 mores

287 775 487 854 atque
549 772 893 839 doctrinas.
986 774 1079 839 At
1131 774 1297 838 falsa
1353 778 1509 837 su'nt
1559 774 1704 838 ista.
1799 772 1905 837 Illi
1965 773 2136 838 enim
2193 775 2471 838 maxime
2530 775 2612 839 ab

287 865 576 933 Ecclesia
638 869 1044 948 defecerunt,
1112 882 1300 954 quos=
1338 870 1767 952 corruptionis
1834 871 2008 937 virus
2071 872 2234 954 jam,
2276 871 2611 948 infecerat,

287 963 529 1049 quique
593 967 892 1049 superbia
955 966 1170 1031 inflati
1228 968 1365 1049 jam
1430 966 1841 1049 opinionibus
1908 966 2086 1031 falsis
2153 967 2611 1043 adhaerebant,

285 1060 615 1128 liberiores
687 1085 892 1128 mores
959 1063 1388 1147 quaerebant,
1462 1064 1994 1148 auctoritatisque
2051 1066 2284 1148 jugum
2351 1084 2612 1129 exosum

288 1156 637 1233 habebant.
748 1160 933 1224 Alios
1014 1159 1162 1224 dein
1235 1159 1356 1242 ipsi
1431 1164 1888 1242 perverterunt
1955 1165 2021 1224 et
2086 1160 2383 1226 incautas
2455 1159 2614 1224 mul-

288 1254 597 1320 titudines
657 1255 804 1320 dolo
864 1278 938 1320 ac
995 1256 1056 1320 vi
1114 1254 1541 1332 seduxerunt,
1607 1260 1804 1341 atque
1866 1256 1999 1332 hac,
2034 1257 2285 1321 ratione
2344 1258 2614 1322 secessio

288 1352 462 1416 facta
507 1356 627 1417 est.

467 1449 525 1513 2.
592 1448 878 1514 Ecclesia
936 1450 1140 1532 igitur
1195 1449 1512 1514 catholica
1574 1450 1688 1514 illo
1751 1472 2004 1536 quoque
2056 1454 2379 1533 tempore,
2444 1446 2611 1532 quod

288 1545 715 1630 praecedebat
755 1545 1518 1629 pseudoreformationem
1555 1545 2090 1622 Protestantium,
2138 1545 2426 1610 missioni
2457 1567 2615 1609 suae

289 1642 662 1706 nullatenus
705 1641 943 1722 defuit,
993 1642 1473 1726 ‘multiplicique
1520 1644 1868 1721 virtutum,
1926 1641 2324 1716 sanctitatis,
2387 1645 2452 1704 et
2506 1639 2631 1705 do·.

223 1792 239 1809 .
290 1728 537 1804 ctrinae
601 1743 839 1803 ornatu
904 1738 1207 1822 ,fulgebat
1285 1760 1360 1803 ac
1433 1737 1736 1816 florebat,
1808 1740 1986 1812 varia
2055 1743 2273 1803 tamen
2345 1738 2618 1801 aderant

177 1924 180 1927 Ι
290 1836 358 1899 in
430 1835 782 1900 christiana
847 1836 1157 1900 societate
1227 1836 1574 1914 elementa,
1657 1838 1717 1899 e'
1759 1835 1987 1917 quibus
2055 1834 2378 1899 morbidus
2450 1835 2614 1898 mul·

290 1936 506 1995 torum
559 1936 766 1995 status
815 1932 1234 2015 proveniebat
1293 1936 1358 1995 et
1413 1931 1752 2014 dispositio
1806 1932 2119 2016 quaedam
2175 1931 2254 1994 ad
2313 1931 2615 1996 defectio-

291 2050 477 2105 nem,
552 2049 718 2112 quae
795 2029 944 2093 dein
1020 2028 1366 2103 subsecuta
1436 2033 1549 2094 est.
1672 2027 1766 2093 Ut
1838 2030 2117 2093 claritati
2188 2029 2613 2103 enarrationis

292 2129 607 2209 quantum
675 2122 842 2190 fieri¹
881 2128 1093 2208 potest
1167 2116 1652 2208 provideamus,
1728 2147 2072 2209 rerumque
2148 2125 2613 2189 ecclesiastica-

292 2244 434 2285 rum
487 2222 659 2286 illius
720 2222 1026 2305 temporis
1087 2218 1577 2306 descriptionem
1640 2223 1854 2305 aptius
1915 2243 2400 2304 componamus,
2465 2242 2613 2304 age-

291 2339 434 2382 mus
502 2318 779 2401 primum
847 2315 923 2380 de
962 2315 1311 2382 'Romanis
1379 2315 1810 2397 Pontificibus
1877 2319 2049 2381 illius
2122 2318 2386 2397 aetatiS,
2464 2315 2609 2380 dein

290 2411 368 2476 de
415 2409 698 2478 Concilio
744 2410 1198 2478 Lateranensi'
1229 2412 1321 2493 V.,
1379 2419 1702 2498 postremo
1756 2436 1908 2479 vero
1955 2412 2031 2477 de
2084 2411 2301 2477 causis
2347 2411 2612 2494 quibus·

291 2509 443 2574 dam
516 2510 816 2592 quaein
883 2510 1368 2592 subsequentem
1432 2509 1849 2594 defectionem
1916 2510 2247 2591 infimum
2318 2529 2610 2575 exercue-

291 2611 471 2672 runt.
530 2645 617 2653 —
671 2607 914 2674 Fontes
964 2614 1036 2672 et
1077 2614 1368 2674 auctores
1415 2610 1839 2693 opportunius
1889 2610 2093 2673 visum
2145 2613 2243 2672 est
2286 2610 2486 2672 citare
2535 2608 2613 2671 ad

291 2706 550 2790 singula
604 2704 798 2790 hujus
846 2704 1339 2785 Dissertationis
1393 2707 1634 2789 capita,
1693 2727 1893 2789 quum
1948 2705 2025 2770 de
2082 2706 2419 2789 permultis
2479 2726 2615 2788 per-

292 2803 463 2866 sonis
510 2807 604 2865 et
603 2803 824 2919 gestis
873 2803 940 2866 in
989 2799 1207 2866 eadem
1255 2810 1502 2887 agatur.

1424 3095 1481 3164 Ῑ.
1523 3089 1526 3092 Δ
1567 3090 1570 3093 .

727 3215 728 3218 ¹
852 3212 983 3300 De
1029 3233 1448 3298 Romanis
1491 3232 2065 3312 Pontificibus.

473 3388 531 3450 3.
594 3385 1085 3454 NicolausV.
1136 3378 1646 3469 (1447—1455).
1699 3386 1954 3454 —·Vid.
2004 3386 2261 3453 Janotti
2311 3388 2612 3466 Manetti,

307 3481 456 3547 Vita
500 3477 765 3548 Nicolai
809 3482 908 3550 V.
926 3506 1024 3568 ap.
1077 3485 1389 3549 Muratori
1425 3481 1557 3549 Ser.
1586 3484 1669 3548 It.
1707 3483 1778 3547 Τ.
1813 3481 1937 3548 ΙΠ.
1974 3483 2047 3548 Ρ.
2081 3483 2165 3547 H.
2210 3507 2268 3568 p.
2304 3486 2431 3548 905
2473 3506 2609 3568 sqq

292 3615 379 3626 -—-
430 3573 688 3643 Aeneae
745 3580 948 3664 Sylvii
1000 3574 1159 3668 Opp.
1222 3579 1319 3650 de
1343 3578 1637 3664 Europa
1681 3601 1728 3645 c.
1773 3579 1878 3645 58.
1946 3617 2028 3624 ——
2056 3579 2326 3658 Balan,
2388 3578 2613 3644 Storia

293 3673 563 3740 d²1talia
611 3673 696 3740 T.
744 3667 812 3743 V.
864 3676 943 3741 L.
990 3674 1316 3742 XXXVI.
1374 3715 1458 3722 —
1519 3677 1590 3741 L
1637 3668 1908 3753 Pastor,
1974 3644 2197 3741 Gesch.
2259 3676 2316 3740 d.
2374 3674 2615 3759 Pa'pste

293 3771 419 3837 seit
481 3770 622 3836 dem
692 3771 1044 3856 Ausqanye
1109 3773 1218 3838 des
1281 3771 1739 3852 Mittelalters;
1818 3772 1885 3837 T.
1950 3769 2007 3836 I.
2077 3772 2156 3838 L.
2220 3770 2360 3837 III.
2430 3771 2613 3838 Frei-

295 3872 459 3954 burg
510 3869 697 3934 1886.

469 3957 630 4030 Post
698 3971 968 4034 mor'tem
1034 3950 1314 4050 Eugenii
1380 3966 1525 4044 IV.,
1598 3949 1701 4034 die
1770 3954 1841 4033 6⁰
1905 3966 2127 4032 Martii
2197 3989 2371 4032 anno
2445 3964 2611 4029 1447

295 4063 589 4127 unanimi
633 4063 938 4148 suffragio
986 4064 1052 4128 in
1094 4062 1477 4128 Pontificem
1528 4066 1770 4129 electus
1817 4066 1946 4138 fuit
1993 4062 2297 4129 Nicolaus
2329 4062 2410 4127 V.
2489 4062 2614 4148 Hic

2019 4137 2197 4158 Μ..
2212 4150 2277 4158 ...ss
2322 4147 2331 4154 0

2300 4164 2398 4220 26*
