3281 5014
891 437 1059 507 Origo
1097 437 1315 492 dissidii
1353 454 1472 491 cum
1509 437 1768 506 Philippo
1804 438 2061 495 Pulchro.
2564 443 2635 494 27

315 601 449 662 qua
493 577 868 644 Bonifatius
923 601 1081 644 usus
1140 585 1268 664 est,
1328 579 1705 663 reprehendi
1767 603 1900 645 non
1956 603 2160 664 posse.
2254 580 2517 645 Etenim
2569 581 2637 643 1⁰

312 676 383 739 in
450 676 580 739 illis
626 681 985 759 temporum
1039 676 1388 761 adjunctis,
1452 677 1547 740 uti
1605 675 1913 754 vidimus,
1973 678 2385 762 gravissimae
2447 684 2639 742 erant

315 793 583 855 causae,
645 794 760 836 cur
823 772 1131 838 Pontifex
1196 787 1365 838 nova
1428 772 1912 838 Constitutione
1979 774 2298 840 Ecclesiae
2354 774 2637 858 juribus,

312 869 716 933 immunitati
786 872 852 932 et
926 870 1210 935 libertati
1281 869 1664 953 provideret.
1736 905 1825 916 —-
1894 868 1968 932 2⁰
2034 869 2405 955 Ronifatius
2471 869 2641 945 nihil

315 966 468 1030 novi
532 965 891 1048 prohibuit,
962 965 1071 1030 sed
1140 968 1403 1031 omnino
1471 967 2057 1047 ipgtititmdecretis
2118 966 2634 1043 autecgdentium

318 1061 708 1127 Pontificum
755 1067 822 1127 et
874 1063 1326 1129 Conciliorum.
1403 1062 1554 1128 Jam
1599 1065 1669 1127 in
1719 1063 2006 1129 Concilio
2054 1063 2482 1128 Lateranensi
2512 1061 2634 1126 III.

315 1180 563 1223 canone
608 1157 780 1245 XIX
837 1159 1043 1242 quoad
1108 1160 1473 1225 exactiones
1539 1161 1844 1235 laicorum
1906 1162 1978 1225 in
2044 1161 2341 1225 ecclesias
2397 1160 2634 1224 statui-

314 1260 457 1320 tur:
508 1252 642 1339 Sub
691 1253 1129 1341 anathematis
1173 1254 1577 1321 districtione
1621 1254 1909 1321 severius
1944 1255 2383 1339 prohibemus,
2430 1275 2511 1320 ne
2558 1254 2638 1318 de

317 1354 565 1415 caetero
624 1350 790 1416 talia
834 1356 1267 1433 praesumant
1313 1355 1665 1431 attentare,
1727 1352 1861 1418 nisi
1924 1353 2256 1435 episcopus
2310 1356 2371 1417 et
2425 1351 2637 1417 clerus

316 1451 570 1512 tantam
619 1446 1061 1512 necessitatem
1104 1447 1203 1512 vel
1248 1447 1601 1512 utilitatem
1647 1449 2041 1531 aspexerint,
2087 1454 2164 1514 ut
2211 1449 2449 1530 absque
2496 1447 2637 1513 ulla

316 1543 640 1610 coactione
685 1544 771 1609 ad
816 1543 1199 1609 relevandas
1246 1565 1610 1610 communes
1656 1545 2094 1626 necessitates,
2159 1544 2273 1611 ubi
2318 1544 2634 1610 laicorum

315 1662 450 1705 non
512 1644 866 1724 suppetunt
926 1640 1304 1721 facultates,
1377 1640 1672 1706 subsidia
1724 1662 1848 1723 per
1913 1641 2207 1707 ecclesias
2262 1641 2637 1706 existiment

315 1737 723 1820 conferenda.
817 1736 894 1802 Si
954 1741 1170 1813 autem
1232 1737 1525 1802 consules
1582 1742 1644 1802 et
1702 1737 1822 1803 alii
1880 1738 1956 1802 de
2012 1743 2257 1804 caetero
2315 1738 2387 1803 id
2436 1757 2630 1820 prae-

314 1833 717 1916 sumpserint
779 1838 840 1898 et
898 1833 1272 1905 commoniti,
1319 1833 1622 1898 desistere
1682 1834 2043 1914 noluerint,
2106 1839 2245 1900 tum
2301 1834 2433 1916 ipsi
2492 1838 2631 1898 tum

318 1951 544 1996 eorum
588 1930 888 2011 fautores
916 1930 1573 1996 excommunicationi
1616 1951 1683 1995 se
1726 1931 2029 1997 noverint
2056 1931 2401 2015 subjacere.
2471 1931 2634 1997 Con·

315 2029 532 2093 cilium
590 2027 1033 2092 Lateranense
1085 2027 1224 2106 lv„
1280 2051 1423 2093 can.
1466 2026 1710 2093 XLIV.
1769 2028 2007 2093 similia
2049 2030 2311 2107 statuit,
2369 2033 2435 2093 et
2492 2049 2631 2092 can.

314 2124 555 2190 XLVI.
601 2125 905 2200 decernit,
953 2125 1035 2189 ab
1081 2125 1393 2208 episcopis
1425 2126 1861 2208 Apostolicam
1895 2123 2127 2190 Sedem
2176 2124 2633 2190 consulendam

316 2245 484 2298 esse,
552 2227 899 2305 antequam
945 2222 1123 2287 laicis
1177 2222 1244 2284 in
1304 2244 1453 2286 casu
1510 2221 1916 2287 necessitatis
1973 2221 2257 2286 subsidia
2312 2243 2392 2286 ex
2446 2221 2636 2286 bonis

314 2318 760 2383 ecclesiasticis
814 2319 1259 2382 concedantur.
1355 2317 1477 2382 His
1532 2340 1885 2383 consonum
1947 2322 2048 2382 est
2103 2319 2433 2384 decretum
2478 2317 2633 2382 Ale-

314 2415 542 2480 xandri
590 2413 735 2490 IV.,
798 2436 926 2496 quo
982 2436 1155 2479 anno
1216 2415 1385 2477 1260
1443 2415 1682 2478 iterum
1738 2414 2100 2498 prohibuit,
2164 2437 2247 2479 ne
2307 2415 2467 2479 laica
2520 2436 2630 2497 po-

302 2517 513 2577 testas
569 2511 928 2595 hujusmodi
985 2532 1181 2576 onera
1230 2512 1675 2576 ecclesiasticis
1721 2511 1877 2576 viris
1933 2509 2378 2596 imponeret.¹)
2471 2510 2632 2575 Pro-

305 2610 460 2673 inde
517 2607 885 2672 Bonifatius
939 2609 1087 2690 jure
1142 2608 1376 2672 merito
1431 2607 1512 2671 ad
1565 2606 1942 2693 Philippum
2000 2630 2217 2693 regem
2278 2608 2631 2692 rescripsit:

309 2703 708 2770 Constitutio
755 2707 984 2769 nostra
1032 2704 1321 2785 (Clericis
1351 2704 1594 2785 laicos),
1639 2702 1700 2767 si
1745 2704 1832 2769 ad
1874 2703 2148 2769 rivalem
2194 2724 2451 2769 sensum
2500 2723 2634 2768 non

307 2800 626 2867 trahatur
660 2800 1021 2884 postposito
1069 2800 1365 2883 conjuqe‚
1418 2799 1489 2864 id
1532 2803 1657 2879 est,
1710 2800 1770 2864 si
1818 2799 1970 2865 bene
2003 2800 2456 2883 perpenditur,
2502 2803 2631 2864 sta-

305 2896 439 2963 tuit
487 2898 657 2979 quod
699 2896 870 2963 alias
902 2917 1027 2979 per
1069 2896 1440 2962 sanctiones
1481 2895 1829 2961 canonicas
1867 2900 1962 2961 est
2004 2900 2346 2962 statutum.

484 3048 588 3112 29.
637 3046 810 3111 Hinc
869 3047 1063 3111 etiam
1120 3052 1413 3111 auctores
1457 3047 1813 3128 conspicui,
1871 3047 1966 3111 uti
2016 3042 2286 3130 Tosti,²)
2342 3051 2409 3111 et
2456 3044 2628 3109 Phil-

305 3141 508 3228 lips,⁸)
568 3143 825 3209 Bullam
885 3145 1076 3208 istam
1133 3149 1205 3207 ut
1265 3143 1456 3227 plane
1514 3164 1786 3225 aequam
1850 3149 1916 3207 et
1966 3144 2209 3226 justam
2271 3143 2631 3228 vindicant3

303 3242 589 3307 severius
633 3246 857 3305 tamen
892 3245 990 3305 est
1025 3239 1362 3324 judicium,
1411 3238 1581 3323 quod
1621 3238 1699 3303 de
1731 3238 1952 3304 eadem
1996 3239 2153 3304 tulit
2197 3238 2296 3302 Ill.
2326 3236 2631 3315 Hefele,4)
2716 3236 2722 3243 ’

304 3361 385 3404 ex
433 3360 557 3422 quo
604 3337 964 3421 colligimus
1013 3358 1106 3413 ea,
1155 3357 1323 3420 quae
1374 3338 1599 3400 contra
1646 3358 1788 3399 eam
1833 3335 2262 3401 animadverti
2308 3357 2491 3419 posse
2536 3334 2631 3398 vi·

304 3436 561 3499 dentur.
627 3469 713 3480 --
772 3433 1074 3497 Advertit
1133 3433 1334 3516 igitur
1394 3432 1656 3509 Hefele,
1720 3434 1926 3516 ipsum
1987 3432 2245 3497 initiam
2295 3432 2630 3497 Constitu-

305 3727 718 3808 praepostera
777 3723 1052 3807 quadam
1112 3723 1307 3786 animi
1355 3722 1708 3801 acerbitate
1763 3727 1830 3787 et
1870 3722 2309 3806 imprudenter
2356 3722 2628 3787 conscri-

485 3932 532 4043 ζ)
571 3930 724 3985 Sexti
763 3931 983 3986 Decret.
1023 3930 1084 3984 L.
1125 3930 1229 3985 ΠΙ.
1270 3930 1361 3985 tit.
1400 3932 1484 3983 23.
1528 3946 1571 3984 c.
1615 3934 1663 3984 1.

487 4015 530 4156 ³3
569 4010 991 4154 Xbfflemecht,
1028 4087 1094 4143 B.
1130 4087 1235 4141 III.
1275 4086 1322 4157 ἓ.
1367 4089 1481 4141 130.

486 4168 532 4236 ⁴)
569 4165 1206 4235 Conciliengeschichte,
1244 4167 1308 4220 B.
1337 4165 1433 4219 VI.
1473 4165 1522 4234 ξ.
1562 4168 1683 4220 685.

2697 3609 2914 3639 8888888
