3281 5014
583 434 684 486 138
1033 433 1234 487 XXXI.
1272 434 1354 487 De
1390 431 1685 486 abolitione
1722 431 1941 485 Ordinis
1980 432 2424 499 Templariorum.

579 574 998 640 firmaverunt
1055 580 1300 657 portas.
1410 572 1570 638 Cum
1632 578 1849 638 autem
1911 573 2216 637 fecissent
2270 594 2688 656 permagnum
2746 594 2901 656 spa·

578 672 774 748 tium,
839 675 908 735 et
958 671 1093 754 ipse
1140 670 1323 735 testis
1379 676 1444 734 et
1499 670 1608 734 alii
1671 670 1951 735 exterius
2010 670 2361 735 existentes
2416 670 2898 735 admirarentur

577 767 656 831 de
697 772 884 831 tanta
930 789 1136 845 mora,
1185 766 1337 830 dicti
1384 766 1508 831 duo
1547 766 1788 831 milites
1833 766 2072 850 apertis
2109 767 2327 850 januis
2370 766 2701 831 redierunt
2745 788 2893 830 cum

576 864 747 929 bono
793 862 974 928 vultu
1017 863 1098 928 ad
1153 864 1362 928 locum
1417 862 1585 928 unde
1638 867 2017 948 receperunt
2074 863 2311 928 dictum
2368 864 2634 928 fratrem
2682 865 2896 945 Ance-

576 960 800 1036 linum,
853 966 921 1024 et
964 961 1099 1043 ipse
1145 960 1349 1025 frater
1379 959 1754 1038 Ancelinus,
1800 981 1976 1028 nunc
2005 959 2249 1024 habens
2290 960 2693 1035 mantellum,
2739 958 2892 1023 sub-

577 1058 963 1142 sequebatur
1021 1079 1126 1122 eos
1169 1056 1327 1121 adeo
1372 1057 1687 1122 alteratus
1746 1062 1811 1121 et
1866 1056 2248 1121 immutatus
2298 1057 2369 1120 in
2417 1057 2600 1121 vultu
2647 1060 2714 1120 et
2757 1059 2891 1119 tur·

577 1155 765 1219 batus
836 1159 902 1217 et
962 1153 1440 1218 intristissimus
1503 1153 1723 1231 corde,
1790 1158 1865 1217 ut
1927 1151 2295 1230 videbatur,
2363 1153 2608 1217 habens
2674 1152 2893 1217 oculos

577 1250 856 1315 tumidos
890 1255 956 1315 et
986 1250 1366 1326 lacrimosos‚
1409 1250 1579 1334 quod
1627 1252 1767 1335 ejus
1812 1254 2103 1334 aspectus
2134 1250 2261 1314 fuit
2290 1250 2412 1333 ipsi
2459 1249 2615 1313 testi
2647 1253 2714 1313 et
2745 1248 2891 1312 aliis

578 1348 798 1412 amicis
831 1368 1045 1413 eorum
1077 1346 1532 1411 assistentibus
1566 1347 1749 1432 quasi
1780 1346 2103 1411 horribilis
2136 1351 2201 1411 et
2230 1346 2600 1410 terribilis.“
2637 1380 2721 1390 —-
2756 1343 2892 1408 An-

577 1444 820 1508 celinus
865 1449 1086 1527 postea
1113 1442 1564 1526 interpellatus
1609 1464 1650 1506 a
1685 1447 1856 1507 teste
1904 1442 2110 1528 „quod
2142 1444 2460 1507 revelaret
2487 1443 2597 1506 ‘eis
2630 1440 2887 1505 modum

575 1540 963 1624 receptionis
1008 1562 1161 1604 suae
1219 1539 1616 1623 praedictae,
1670 1539 1878 1604 dictus
1926 1539 2278 1605 Ancelinus
2332 1545 2520 1604 torvo
2567 1539 2749 1603 oculo
2794 1559 2890 1601 re·

577 1636 851 1721 spiciens
911 1637 1117 1721 ipsum
1174 1641 1408 1701 testem
1471 1634 1637 1700 dixit
1692 1636 1750 1700 ei
1813 1636 1983 1721 quod
2045 1657 2161 1700 nec
2220 1638 2355 1719 ipse
2408 1657 2528 1700 nec
2587 1634 2752 1699 alius
2797 1634 2891 1697 lo-

578 1738 928 1818 querentur
988 1733 1110 1798 sibi
1173 1731 1472 1815 deinceps
1534 1731 1611 1796 de
1675 1732 1822 1811 hoc,
1892 1734 2045 1817 quia
2103 1754 2234 1797 non
2299 1732 2583 1797 habebat
2643 1731 2894 1814 aliquos

575 1830 851 1894 amicum
895 1829 998 1893 vel
1044 1833 1410 1912 parentem,
1470 1828 1522 1891 si
1570 1828 1942 1912 loqueretur
1997 1829 2119 1893 sibi
2175 1828 2254 1893 de
2299 1829 2448 1905 hoc,
2505 1849 2698 1912 quem
2743 1828 2888 1891 nol-

578 1929 668 1991 let
712 1947 851 1990 esse
901 1925 1336 2009 exoculatum3
1393 1929 1461 1989 et
1504 1929 1663 1991 tunc
1717 1926 1854 2009 ipse
1902 1925 2088 1990 testis
2142 1926 2305 1990 dixit
2357 1926 2477 1989 sibi
2530 1923 2698 2009 quod
2753 1944 2888 1988 non

577 2023 948 2106 loqueretur
1001 2022 1057 2086 ei
1105 2023 1381 2088 ulterius
1430 2021 1508 2085 de
1563 2022 1968 2105 praedictis.“
2022 2057 2112 2066 --
2163 2021 2347 2086 Inter
2401 2023 2527 2087 alia
2580 2021 2731 2086 dein
2784 2041 2888 2083 re-

577 2120 724 2195 fert,
781 2119 1082 2185 Pontium
1121 2119 1420 2183 Anceliui
1467 2119 1753 2192 fratrem,
1802 2118 1873 2184 F.
1907 2117 2560 2185 Jacobum·P1-iorem
2608 2114 2673 2182 S.
2707 2115 2889 2180 Petri

575 2218 644 2281 in
707 2215 1083 2297 Alaverido,
1154 2220 1220 2279 et
1283 2212 1685 2299 Stephanum
1752 2216 2021 2279 fratrem
2084 2215 2383 2280 Ancelini
2449 2215 2571 2280 sibi
2632 2213 2892 2294 dixisse,

578 2313 791 2398 „quod
859 2311 1063 2376 dictus
1139 2312 1334 2376 frater
1401 2310 1759 2376 Ancelinus
1828 2311 2172 2396 aliquando
2241 2312 2298 2375 ei
2365 2312 2643 2388 dixerat,
2717 2308 2889 2394 quod

575 2408 921 2493 Templarii
974 2414 1163 2472 erant
1222 2409 1472 2492 pejores
1527 2407 1817 2473 homines
1871 2408 1947 2471 de
2003 2408 2274 2488 mundo,
2335 2429 2533 2493 quare
2588 2429 2723 2471 non
2769 2427 2882 2469 cu-
3005 2463 3008 2466 .

572 2505 763 2571 rabat
812 2506 1017 2570 redire
1072 2505 1149 2569 ad
1207 2505 1579 2570 societatem
1637 2510 1922 2569 eorum.“
1986 2541 2066 2550 -—
2135 2504 2548 2570 Postmodum
2595 2507 2885 2588 tempore

571 2604 885 2686 captionis
948 2602 1453 2685 Templariorum
1507 2601 1836 2666 Artaudus
1892 2603 2099 2681 mileS,
2160 2603 2675 2687 consanguineus
2735 2599 2880 2665 An-

572 2699 790 2777 celini,
850 2699 1104 2763 monuit
1160 2698 1361 2774 hunc,
1420 2703 1495 2762 ut
1547 2696 1790 2762 diceret
1842 2699 2180 2762 veritatem
2232 2699 2309 2763 de
2367 2697 2885 2764 accusationibus

572 2800 798 2860 contra
855 2795 1267 2878 Templarios.
1371 2793 1556 2858 Tunc
1620 2802 1843 2859 vocato
1899 2797 2152 2860 notario
2212 2794 2461 2879 publico
2528 2794 2882 2865 Ancelinus

571 2891 894 2957 confessus
952 2891 1105 2967 fuit,
1167 2890 1380 2975 „quod
1435 2890 1782 2974 Templarii
1837 2891 1904 2955 in
1964 2892 2101 2974 ejus
2157 2892 2525 2974 receptione
2582 2891 2885 2956 fecerunt

570 2988 892 3072 abnegare
951 3009 1092 3052 eum
1150 2986 1504 3063 Christum,
1561 2991 1627 3052 et
1681 2986 1983 3052 dixerant
2046 2988 2104 3051 ei
2164 2988 2331 3072 quod
2381 2986 2675 3052 Christus
2738 2992 2883 3051 erat

569 3084 768 3149 falsus
829 3083 1173 3168 propheta,
1240 3088 1307 3147 et
1365 3090 1620 3167 praeter
1680 3082 1799 3147 hoc
1859 3084 2149 3148 fecerant
2195 3107 2337 3149 eum
2402 3105 2631 3168 spuere
2685 3104 2881 3167 super

571 3203 820 3246 crucem
892 3184 957 3245 et
1021 3180 1286 3264 pedibus
1355 3181 1748 3245 conculcare.
1862 3181 2030 3244 Item
2103 3182 2300 3246 etiam
2362 3181 2692 3245 confessus
2750 3181 2881 3244 fuit

568 3277 738 3362 quod
802 3277 916 3342 illa
975 3276 1297 3341 horrenda
1359 3277 1575 3341 oscula
1633 3276 2126 3342 intervenerant
2189 3279 2255 3341 in
2318 3300 2433 3343 sua
2492 3278 2874 3361 receptione,

567 3380 634 3438 et
688 3374 857 3439 hanc
913 3374 1374 3438 confessionem
1431 3373 1629 3456 ipsius
1686 3373 1987 3438 Ancelini
2041 3376 2407 3438 retulerunt
2465 3373 2670 3438 eidem
2726 3373 2877 3438 testi

567 3471 721 3536 dicti
785 3469 1079 3534 dominus
1142 3469 1474 3534 Artaudus
1543 3472 1609 3533 et
1677 3469 1879 3534 frater
1940 3469 2218 3535 Jacobus
2279 3493 2347 3535 se
2413 3470 2727 3536 audivisse
2794 3469 2878 3534 ab

567 3567 789 3632 eodem
816 3565 1148 3632 Ancelino.
1218 3565 1462 3642 Quibus
1495 3566 1733 3630 auditis
1776 3566 1943 3631 idem
1975 3568 2158 3631 testis
2187 3567 2509 3632 consuluit
2538 3567 2726 3632 fratri
2759 3568 2877 3633 Ja-

567 3665 724 3729 cobo
765 3662 1120 3747 praedicto,
1174 3660 1345 3747 quod
1391 3662 1635 3726 faceret
1691 3684 1836 3727 eum
1894 3663 2033 3746 capi
2088 3668 2153 3727 et
2208 3663 2354 3727 duci
2410 3663 2490 3727 ad
2543 3663 2873 3729 dominum

567 3760 1105 3843 archiepiscopum
1162 3757 1628 3833 Viennensem,
1709 3781 1849 3824 cum
1921 3759 2093 3824 istud
2167 3760 2501 3845 negotium
2570 3764 2882 3844 tangeret

566 3855 756 3921 fidem
811 3856 938 3919 nisi
982 3857 1164 3920 fieret
1214 3877 1424 3920 coram
1473 3853 1790 3920 Praelatis
1838 3854 2161 3921 Ecclesiae
2213 3855 2600 3920 habentibus
2655 3861 2876 3921 aucto-

567 3952 828 4017 ritatem
889 3974 1080 4036 snper
1139 3952 1311 4027 istis;
1374 3972 1502 4034 quo
1566 3951 1738 4015 facto
1796 3951 2004 4016 dictus
2066 3952 2256 4017 Prior
2312 3953 2465 4018 fecit
2527 3974 2673 4017 eum
2734 3953 2875 4035 capi

569 4052 633 4114 et
686 4046 863 4113 reddi
918 4048 1172 4112 domino
1233 4047 1705 4131 archiepiscopo
1744 4046 2166 4112 Viennensi.“
2229 4084 2315 4095 -—-
2373 4046 2621 4112 Similia
2678 4070 2877 4133 quae-

567 4144 710 4210 dam
781 4144 929 4209 dein
999 4144 1199 4209 refert
1267 4166 1344 4208 ex
1416 4144 1787 4207 narratione
1856 4143 2150 4229 Hugonis
2220 4144 2488 4221 Achoti,
2559 4145 2877 4211 domicelli
