3281 5014
1304 506 1563 560 Nicolaus
1593 506 1659 560 V.
2536 514 2647 565 403

323 648 516 711 etiam
588 669 622 711 e
690 649 1061 713 rationabili
1132 654 1199 713 et
1260 647 1539 712 evidenti
1609 668 1802 712 causa
1870 650 2072 715 electo
2140 649 2499 734 digniorem
2575 657 2648 717 et

321 744 647 809 utiliorem
702 745 1100 810 substituere
1153 750 1393 828 posset.
1482 742 1554 808 3⁰
1602 743 1695 808 Ut
1740 746 1907 810 circa
1960 748 2233 830 majores
2286 747 2644 833 dignitates

320 845 469 924 post
525 842 915 925 episcopales
970 843 1041 907 in
1098 842 1381 906 ecclesiis
1437 840 1910 907 cathedralibus
1972 849 2039 907 et
2093 844 2447 928 collegiatis
2507 867 2636 909 ser·

321 943 583 1002 varetur
639 940 861 1003 modus
917 943 1112 1004 antea
1169 960 1286 1003 usu
1345 937 1699 1019 adhibitus,
1754 943 1820 1003 et
1872 939 2122 1022 reliqua
2180 941 2493 1006 beneficia
2535 943 2636 1006 in-

321 1035 556 1099 feriora
600 1034 1054 1100 conferrentur
1100 1034 1367 1100 alternis
1417 1035 1742 1100 mensibus
1787 1059 1825 1100 a
1865 1034 2159 1102 Romano
2205 1037 2522 1102 Pontifice
2574 1044 2645 1101 et

321 1132 626 1196 collatore
684 1131 1026 1196 ordinario,
1117 1129 1191 1194 4⁰
1244 1130 1336 1195 Ut
1390 1135 1783 1196 annatarum
1834 1133 1973 1197 loco
2030 1133 2108 1197 de
2165 1134 2645 1218 episcopatibus

319 1235 386 1293 et
429 1228 705 1293 abbatiis
751 1229 1125 1293 vacantibus
1184 1250 1218 1292 e
1263 1227 1581 1294 fructibus
1636 1229 1824 1311 primi
1873 1230 2032 1294 anni
2087 1231 2492 1296 solverentur
2536 1253 2643 1314 pe-

319 1326 656 1390 cuniarum
732 1346 1018 1388 summae
1096 1329 1360 1389 taxatae
1433 1325 1503 1388 in
1577 1324 1761 1389 libris
1831 1324 2137 1391 Gamerae
2207 1328 2642 1411 Apostolicae‚

317 1444 482 1505 quae
550 1419 821 1485 servitia
887 1419 1258 1485 communia
1321 1422 1776 1504 appellantur,1
1832 1427 1898 1486 et
1962 1424 2039 1487 de
2102 1424 2245 1487 aliis
2314 1424 2638 1490 beneficiis

316 1511 1489 1583 solveretmahfiamrum
1539 1539 1654 1581 seu
1697 1517 2024 1582 fructuum
2085 1520 2276 1602 primi
2322 1521 2501 1585 anni.
2551 1556 2637 1566 —-

316 1614 536 1698 Atque
595 1615 721 1678 isto
779 1613 1179 1679 Concordato
1225 1614 1394 1678 dein
1461 1636 1562 1678 res
1626 1615 2095 1680 ecclesiasticae
2155 1617 2221 1680 in
2289 1616 2635 1681 Germania

316 1733 520 1795 usque
565 1710 645 1774 ad
692 1717 981 1795 tempora
1024 1712 1387 1794 recentiora
1434 1710 1746 1794 disposita
1792 1711 2076 1776 fuerunt.

493 1810 551 1872 5.
623 1807 927 1872 Nicolaus
975 1806 1082 1888 V„
1145 1807 1369 1872 scribit
1428 1829 1616 1917 porro
1682 1809 1936 1871 Aeneas
2001 1805 2293 1919 Sylvius,
2370 1810 2632 1889 „urbem
2666 1809 2754 1852 (388
2708 1813 2803 1914 8888
2821 1811 2957 1916 {500-

235 1958 242 1965 .
317 1905 677 1970 Romanam
754 1905 972 1969 multis
1046 1908 1110 1968 et
1183 1904 1477 1967 maximis
1554 1904 1856 1967 aedificiis
1932 1904 2163 1969 mirum
2237 1907 2306 1970 in
2374 1905 2630 1970 modum

316 2001 685 2076 exornavit,
746 2003 928 2085 cujus
974 2023 1168 2083 opera
1213 2002 1263 2065 si
1312 2002 1614 2084 compleri
1672 2001 2070 2084 potuissent,
2133 2002 2295 2067 nulli
2345 2007 2631 2067 veterum

315 2096 786 2184 Imperatorum
844 2099 1365 2184 magnificentiae
1420 2120 1676 2162 cessura
1730 2097 2119 2162 videbantur
2121 2147 2399 2166 .....
2459 2098 2632 2164 Schi-

313 2219 482 2271 sma,
556 2195 725 2280 quod
804 2196 972 2279 apud
1045 2194 1509 2261 Sabaudienses
1586 2195 1791 2258 adhuc
1862 2195 1930 2259 in
2002 2194 2286 2260 Ecclesia
2353 2197 2633 2279 vigebat,

314 2293 610 2377 explosit.
717 2292 1073 2356 Amadeum
1139 2293 1410 2376 papatui
1484 2291 1971 2355 renuntiantem
2052 2291 2123 2354 in
2194 2293 2471 2375 gratiam
2540 2313 2635 2356 re·
2687 2315 2735 2363 γ

312 2390 508 2473 cepit,
586 2388 1040 2453 Cardinalatus
1111 2388 1419 2453 honorem
1490 2392 1556 2452 et
1625 2388 1697 2450 in
1770 2391 2040 2470 paterno
2109 2388 2390 2452 dominio
2456 2390 2633 2473 lega-

313 2487 556 2552 tionem
620 2486 904 2570 reliquit.
1019 2484 1468 2551 Cardinalibus
1538 2485 1783 2569 aliquot
1844 2484 1926 2548 ab
1991 2506 2064 2548 eo
2125 2485 2357 2550 creatis
2425 2485 2631 2569 digni·

312 2588 517 2648 tatem
581 2583 849 2658 dimisit,
918 2583 1239 2646 Romanos
1308 2582 1505 2667 longa
1569 2604 1723 2666 pace
1786 2581 2039 2647 ditavit.
2108 2618 2197 2627 —
2265 2581 2633 2647 Jubilaeum

313 2681 587 2745 feliciter
647 2680 905 2762 gessit.“
971 2715 1057 2725 —-
1118 2678 1490 2744 Cardinales
1547 2679 1823 2754 creavit,
1889 2678 2103 2758 „inter
2161 2701 2321 2763 quos
2374 2683 2440 2742 et
2495 2699 2634 2762 ger-

313 2800 576 2842 manum
654 2798 842 2841 suum
924 2775 1294 2860 Philippum
1366 2774 1429 2841 S.
1499 2774 1833 2841 Susannae
1906 2774 2316 2841 Cardinalem
2391 2797 2634 2840 assum-

311 2875 441 2958 psit
515 2874 780 2958 placidis
850 2870 1131 2937 moribus
1206 2877 1272 2937 et
1338 2873 1753 2956 incorruptae
1822 2873 1988 2937 fidei.
2100 2873 2358 2939 Jurium
2435 2873 2632 2959 HQS

312 2993 391 3035 ex
437 2969 888 3048 totaQQra-ecia
934 2970 1323 3053 perquisitos
1371 2969 1447 3033 ad
1501 2991 1568 3033 se
1620 2969 1821 3053 jussit
1866 2970 2080 3035 afferri
2136 2977 2202 3033 et
2246 2971 2315 3033 in
2361 2969 2630 3033 latinam

312 3067 602 3132 converti
649 3062 941 3149 linguam
983 3066 1252 3141 curavit,
1301 3087 1537 3148 magna
1582 3065 1870 3147 praemia
1902 3065 2402 3129 translatoribus
2449 3087 2631 3148 prae-

311 3164 489 3228 bens,
570 3161 1016 3245 Acceptissimi
1066 3162 1126 3226 ei
1170 3162 1437 3226 fuerunt
1479 3161 1546 3225 in
1588 3162 2058 3225 transferendis
2102 3161 2399 3244 operibus
2440 3159 2634 3226 Geor·

309 3261 455 3345 gius
502 3259 1002 3344 Trapezuntius,
1062 3258 1453 3322 Laurentius
1483 3257 1705 3348 Valla,
1762 3256 2001 3322 Petrus
2061 3257 2633 3322 Candidusdeeem-

310 3357 450 3433 ber,
510 3362 575 3421 et
629 3355 944 3439 Georgius
993 3354 1427 3430 Castellanus,
1486 3355 1639 3419 item
1690 3354 2060 3418 Demetrius
2114 3353 2419 3419 Graecus,
2511 3354 2630 3430 Qui

310 3455 556 3518 soluta
579 3454 871 3518 oratione
930 3457 1224 3528 utentes,
1286 3474 1428 3515 cum
1485 3449 1819 3514 Pontificis
1882 3472 2068 3514 aures
2133 3451 2397 3514 mirifice
2460 3452 2630 3515 oble·

310 3553 595 3632 ctarent,
649 3549 813 3613 nihil
871 3570 948 3612 ex
1006 3570 1080 3613 eo
1137 3548 1303 3633 quod
1360 3552 1657 3631 peterent
1714 3568 1845 3611 non
1903 3547 2336 3612 abstulerunt.
2382 3584 2468 3592 —-
2515 3545 2630 3610 Ni-

309 3647 525 3711 colaus
581 3668 842 3730 quoque
881 3643 1186 3721 Perotus,
1250 3644 1521 3729 Polybio
1579 3666 1613 3708 e
1672 3644 1931 3709 Graecis
1992 3645 2319 3709 commode
2376 3644 2456 3708 ad
2515 3666 2630 3709 nos

308 3742 631 3816 traducto,
703 3742 993 3808 Joannes
1065 3742 1413 3807 Tortellius
1485 3741 1832 3818 Aretinus,
1907 3741 2073 3805 libro
2142 3742 2220 3805 de
2290 3741 2629 3824 orthogra-

307 3840 462 3925 phia
532 3839 928 3923 apertissime
994 3841 1380 3923 conscript03
1462 3839 1768 3903 Albertus
1839 3837 2288 3948 Florentinus‚
2355 3838 2629 3903 conditis

308 3938 385 4002 de
432 3936 861 4000 architectura
908 3936 1182 4020 egregiis
1224 3935 1676 4013 voluminibuS,
1724 3935 1963 4020 aliique
2008 3957 2215 4019 paene
2260 3936 2628 3999 innumera·

309 4034 468 4098 biles
528 4054 694 4097 nova
749 4032 1060 4097 cudentes
1124 4054 1319 4116 opera
1381 4033 1519 4116 ejus
1576 4031 1913 4097 Pontificis
1976 4033 2250 4117 gratiam
2318 4054 2623 4096 meruere.

307 4128 489 4193 Adeo
534 4130 706 4193 enim
751 4130 1020 4213 ingenia
1066 4130 1370 4194 excitavit
1414 4130 1707 4214 fovitque
1746 4129 2076 4207 Nicolaus,
2121 4134 2196 4194 ut
2241 4131 2349 4192 vix
2397 4151 2622 4192 aevum

308 4227 585 4290 inveniri
646 4226 870 4309 possit,
934 4247 1059 4309 quo
1116 4228 1321 4309 magis
1383 4226 1811 4291 humanitatis
1867 4230 1931 4290 et
1986 4227 2423 4309 eloquentiae,
2483 4246 2624 4290 cae-
