3281 5014
958 440 981 467 x
1018 409 1315 464 Processus
1353 415 1545 463 contra
1578 408 1941 477 Templarios.
2061 421 2069 463 ζ
2091 457 2112 464 ..
2142 456 2170 463 ..
2564 409 2631 463 91

386 597 389 600 ¹
494 548 867 634 Philippum
928 556 1146 620 tamen
1202 571 1336 615 non
1396 561 1555 633 puro
1603 552 1739 615 zelo
1783 549 2145 635 religionis,
2200 548 2312 615 sed
2358 549 2633 614 maxime

316 646 460 711 aliis
508 647 765 713 motivis
822 651 1065 712 motum
1121 646 1325 711 fuisse
1383 645 1483 709 ad·
1519 645 2393 730 insectandos·-Templari08‚
2446 646 2635 728 plerie

316 762 451 824 que,
503 742 847 825 scriptores
909 744 1326 809 conveniunt.
1433 742 1797 828 Permagna
1855 744 2150 826 potentia
2209 744 2382 807 illius
2445 739 2632 805 Ordi—
2706 759 2714 767 ·

317 839 775 903 nis-militaris
839 841 1070 905 multis.
1119 841 1503 924 privilegiis*
1536 840 1833 922 insigniti
1894 840 2090 923 regi‚.
2122 839 2458 903 absolutae
2520 837 2631 906 do·

316 934 659 1000 minationi
688 936 1240 1014 inhiantiqacerte-
1267 937 1621 1021 periculosa
1652 937 2000 1002 videbatur·
2029 941 2104 1000 -et
2148 935 2334 1001 valde
2376 936 2633 1001 infensa

316 1037 487 1106 erata
516 1054 662 1102 1166
709 1034 922 1098 minus
967 1056 1113 1098 eum
1159 1035 1336 1098 forte
1369 1034 1746 1102 alliciebant
1791 1034 2053 1098 divitiae
2098 1033 2629 1116 Templariorum‚

315 1128 551 1210 quibus,
580 1129 718 1212 ipse
763 1151 876 1194 r-ex
922 1135 1186 1213 propter
1231 1132 1571 1214 pecuniam
1604 1135 1830 1195 mutuo
1877 1130 2095 1195 datam
2140 1128 2393 1195 debitor
2436 1130 2632 1195 fuisse

314 1223 569 1290 dicitur.
602 1259 713 1295 ,——
766 1227 1003 1303 Quum*
1031 1251 1086 1292 a.
1141 1228 1318 1293 1306·
1364 1236 1632 1312 propter*
1684 1228 2119 1292 mutationem*
2156 1231 2456 1300 monetae
2499 1225 2628 1290 Pa-

312 1320 494 1385 risiis
525 1323 753 1388 seditio
799 1328 941 1387 orta
980 1330 1162 1391 esset⁴
1192 1326 1263 1390 in
1315 1324 1715 1408 Philippum3
1764 1345 1883 1388 *rex
1914 1324 2012 1388 *in
2055 1341 2263 1388 arcem
2310 1323 2627 1388 munitam

315 1415 637 1495 Ordinis...
663 1441 857 1502 quam
905 1420 1240 1504 Templum
1299 1423 1647 1499 vocabant,
1709 1443 1778 1485 se
1843 1422 2126 1504 recipere
2167 1426 2446 1487 <coactus
2501 1424 2627 1494 est;

313 1519 506 1597 atque
548 1515 708 1598 ,ipsa
771 1517 926 1586 haec
956 1572 962 1579 .
990 1518 1304 1601 protectio
1366 1532 1573 1602 quam·
1624 1518 1795 1601 apud
1856 1516 2257 1600 Templarios
2298 1537 2628 1601 -quaerere

310 1609 565 1689 debuit.
627 1635 700 1677 ac
748 1614 943 1679 forte¹
986 1614 1297 1699 quaedam
1360 1615 1935 1698 improperationes
1977 1613 2223 1678 -ibidem
2272 1614 2342 1679 <ei
2396 1613 2625 1689 factae,

310 1707 518 1773 adhuc
564 1710 771 1795 magis
818 1734 964 1776 eum
1012 1714 1100 1777 in
1129 1712 1528 1795 Templarios
1572 1710 1991 1775 exacerbasse
2038 1710 2360 1777 dicuntur.
2444 1772 2447 1775 ,
2543 1743 2544 1746 “

2655 1849 2848 1903 Philippi
2876 1851 2946 1893 in-

484 1858 592 1922 15.
656 1844 802 1951 Jam
862 1847 919 1925 a.
978 1848 1155 1942 1305
1188 1859 1540 1944 Philippus
1601 1860 1931 1924 occasione
1993 1836 2428 1940 coronationis
2486 1847 2623 1922 Cle·
2712 1912 2888 1955 stantia.

307 1955 547 2019 mentis
595 1947 687 2019 V.
738 1957 1067 2043 Lugduni
1100 1937 1459 2050 'celebratae
1506 1951 1808 2022 Pontifici
1871 1957 1947 2020 de
2005 1957 2278 2040 negotio
2328 1937 2622 2048 Templa-

307 2051 552 2134 riorum
609 2054 861 2118 locutus
921 2058 1047 2131 est,
1106 2055 1203 2118 uti
1259 2041 1337 2118 ex
1386 2041 1739 2133 Clementis
1792 2037 2103 2140 epistolis
2132 2057 2416 2136 constat3
2472 2044 2622 2140 dein

303 2148 556 2234 saepius
620 2154 867 2215 secreto
910 2150 1025 2215 de
1069 2151 1196 2215 ista
1254 2173 1324 2216 re
1379 2157 1522 2216 cum
1576 2138 1894 2215 Pontifice
1951 2148 2112 2236 egit.
2216 2133 2420 2247 Anno
2471 2171 2622 2217 vero

309 2244 509 2326 1307
545 2247 710 2309 circa
773 2248 1247 2313 Pentecosten
1271 2247 1611 2312 Pontifex
1636 2268 1775 2312 cum
1838 2251 1988 2331 rege
2030 2226 2336 2312 Pictavis
2394 2237 2621 2324 conve-

304 2327 423 2422 nit,
473 2347 669 2426 atque
715 2344 791 2408 de
821 2329 1139 2429 gravibus
1160 2344 1403 2408 ibidem
1437 2341 1713 2428 negotiis
1758 2347 2228 2417 tractaverunt3
2276 2342 2385 2407 sed
2427 2328 2618 2407 etiarn

305 2448 465 2505 tune
512 2440 1028 2526 accusationibus
1074 2447 1301 2505 contra
1348 2440 1746 2526 Templarios
1802 2441 1951 2503 latis
1994 2438 2287 2520 Clemens
2333 2439 2619 2506 nondum

304 2539 496 2604 fidem
558 2538 804 2604 habuit.
866 2576 952 2582 -—
1014 2538 1383 2603 Accersitus
1446 2542 1585 2603 erat
1646 2559 1722 2602 eo
1782 2541 2091 2643 tempore
2133 2525 2484 2623 Magister
2503 2524 2616 2601 Or·

305 2626 476 2701 dinis
520 2635 1040 2720 Templariorum
1107 2658 1185 2700 ex
1245 2636 1455 2719 Cypro
1518 2634 1588 2699 in
1632 2626 1948 2712 Galliam,
1982 2639 2082 2701 ut
2146 2635 2225 2698 de
2274 2656 2455 2714 nova
2487 2635 2621 2697 'ex-

303 2716 632 2816 peditione
680 2734 962 2798 cruciata
1007 2739 1325 2817 ageretur.
1401 2732 1693 2815 Cumque
1737 2753 2025 2796 rumores
2070 2716 2476 2797 infamantes
2503 2730 2624 2796 Or

305 2830 521 2909 dinem
588 2829 1206 2913 percrebrescerent,
1266 2832 1402 2912 ipse
1463 2829 1701 2918 aliique
1750 2827 2011 2926 Ordinis
2049 2828 2536 2927 Praeceptores
2582 2852 2623 2917 a

303 2926 618 2993 Pontifice
683 2926 987 3001 audacter
1060 2928 1588 3011 postulaverunt,
1659 2931 1731 3008 ut
1800 2917 2072 3009 examen
2146 2918 2621 3017 institueretur,

304 3047 378 3088 ac
422 3020 735 3089 Pontifex
796 3030 936 3087 tu'm
995 3026 1250 3088 demum
1313 3031 1532 3088 mense
1581 3005 1880 3107 Augusto
1936 3045 1991 3086 a.
2043 3018 2252 3084 1307
2282 3023 2619 3087 consilium

303 3123 495 3215 cepit,
527 3112 1026 3206 inquisitionem
1070 3114 1352 3205 aliquam
1402 3122 1528 3184 ista
1570 3120 1648 3183 (le
1693 3142 1762 3184 re
1808 3119 1996 3185 modo
2036 3097 2316 3207 juridico
2361 3119 2623 3199 habere.

303 3208 533 3281 Haec
538 3218 754 3294 omnia
807 3219 976 3291 clare
1033 3219 1351 3300 eruuntur
1408 3240 1485 3281 ex
1542 3218 1817 3299 epistola
1863 3239 1900 3280 a
1946 3212 2281 3299 Clemente
2336 3217 2413 3281 ad
2462 3204 2621 3295 Phi

303 3315 546 3398 lippum
602 3315 660 3380 d.
721 3313 778 3378 d.
837 3310 954 3378 24⁰
999 3293 1277 3398 Augusti
1334 3336 1392 3379 a.
1453 3314 1621 3394 1307
1676 3314 1930 3401 scripta.
2023 3310 2253 3389 Sane
2286 3314 2561 3393 scribit
2577 3333 2622 3378 a

302 3409 616 3476 memoria
673 3414 791 3475 tua
845 3431 975 3475 non
1032 3408 1356 3491 credimus
1413 3408 1753 3490 excidisse,
1812 3405 1987 3490 quod
2025 3388 2346 3492 Lugduni
2396 3414 2456 3473 et
2504 3408 2616 3475 Pi-

303 3506 508 3571 ctavis
563 3506 638 3570 de
689 3506 865 3597 facto
930 3490 1449 3601 Templariorum
1503 3505 1644 3585 zelo,
1689 3499 1866 3584 fidei
1895 3502 2274 3584 devotionis
2314 3526 2622 3571 accensus

303 3601 489 3667 ‘nobis
543 3607 679 3667 tam
718 3623 841 3684 per
899 3607 982 3681 te',
1047 3611 1240 3685 quam
1288 3623 1414 3685 per
1460 3605 1606 3666 tuos
1647 3602 1907 3684 pluries
1964 3602 2215 3668 locutus
2266 3602 2490 3686 fuisti,
2556 3606 2618 3668 et

303 3829 504 3886 mentis
529 3829 624 3895 V„
681 3830 840 3883 Tom.
861 3828 921 3882 Ι.
977 3846 1028 3897 p.
1076 3833 1161 3884 99.
1248 3782 1426 3883 Simili
1471 3829 1587 3884 fere
1644 3828 1859 3883 ratione
1915 3844 2011 3883 res
2039 3790 2346 3884 narratur
2371 3845 2466 3898 ap.
2503 3831 2621 3884 Vil-

301 3910 427 3964 lani·
452 3909 515 3963 L.
541 3908 698 3962 Vm.
738 3925 783 3962 6.
820 3908 906 3962 92.
979 3908 1279 3963 Secundum
1318 3908 1494 3976 ipsum
1532 3908 1876 4001 Templarius
1912 3907 2014 3962 ille>
2044 3909 2442 3963 nominabatur·
2463 3909 2618 3976 Squi-

304 4006 423 4055 nus,
461 3990 519 4043 e't
554 3987 718 4041 Prior
760 3995 881 4042 erat
917 3988 1122 4042 Montis
1156 3987 1416 4042 Falconis
1443 3988 1512 4040 in
1558 3987 1794 4056 reg-ione
1828 3987 2130 4056 Tolosana,
2166 3988 2350 4042 -alter
2347 3988 2620 4056 ca=ptivus

303 4068 478 4123 Italus
521 4074 642 4121 erat
677 4065 897 4121 nomine
931 4067 982 4120 N
983 4066 1114 4133 offo
1159 4067 1444 4122 Florentia
1487 4067 1806 4120 oriundum·
1825 4066 1948 4121 Sed
1992 4067 2353 4187 praeferenda
2393 4067 2619 4164 videtur

301 4145 500 4202 relatio
537 4146 735 4201 altera.
809 4146 916 4200 Cfr.
955 4145 1279 4213 Christophe
1316 4145 1352 4199 1.
1393 4162 1438 4199 c.
1479 4145 1541 4199 T.
1579 4146 1623 4198 Ι.
1665 4161 1717 4211 p.
1754 4146 1874 4198 250.
1895 4154 2048 4199 nota
2082 4148 2164 4198 1.
