3281 5014
618 453 724 503 284
1120 449 1380 503 XXXIII.
1418 450 1501 504 De
1539 465 1739 518 magno
1777 448 2088 519 Occidentis
2127 451 2436 505 schismate.

616 591 772 654 duas
822 590 978 655 alias
1025 589 1443 655 Obedientias
1489 590 1725 655 habere
1772 591 2132 674 probabiles
2178 592 2493 664 rationesz
2552 591 2816 675 proinde
2863 596 2938 654 et

615 688 751 770 ipse
819 686 1178 752 dubitabat.
1292 685 1508 765 Licet,
1582 688 1838 763 scribit,
1904 685 2262 752 Concilium
2331 685 2655 752 Pisanum
2719 686 2933 768 fuerit

619 781 900 865 leyitime
945 787 1007 846 et
1052 782 1356 848 canonice
1399 782 1816 862 celebratum,
1871 788 1933 846 et
1975 783 2104 847 duo
2149 782 2304 847 olim
2363 783 2808 848 contendentes
2852 783 2937 847 de

607 884 868 962 papatu
904 879 1088 962 juste
1132 883 1194 943 et
1239 879 1544 943 canonice
1588 879 2023 959 condemnati,
2079 884 2140 944 et
2184 879 2402 944 electio
2449 880 2815 944 Alexandri
2860 879 2926 945 V.

614 976 823 1057 fuerit
876 975 1003 1040 rite
1060 980 1121 1040 et
1176 974 1480 1046 canonice
1529 975 1744 1058 facta,
1796 980 2003 1058 prout
2057 975 2213 1040 haec
2267 976 2486 1042 omnia
2541 981 2712 1041 tenet
2770 974 2932 1044 Obe-

616 1072 865 1138 dientia
923 1072 1202 1137 Domini
1256 1071 1468 1136 nostri
1512 1091 1730 1154 papae
1782 1072 2065 1138 Joannis
2120 1072 2425 1152 XXIII.‚
2486 1078 2701 1139 tamen
2762 1073 2935 1138 duae·

621 1168 1034 1234 Obedientiae
1093 1169 1374 1234 duorum
1439 1168 1962 1233 contendentium
2016 1170 2447 1252 probabiliter
2509 1174 2727 1235 tenent
2784 1190 2936 1235 con-

619 1265 923 1330 trarium.
1027 1264 1114 1330 In
1184 1283 1313 1347 qua
1384 1264 1765 1347 opinionum
1829 1265 2086 1330 diversa
2154 1271 2216 1331 et
2277 1267 2551 1332 adversa
2614 1267 2939 1332 varietate*

618 1382 750 1426 non
794 1366 952 1427 sunt
993 1361 1278 1427 minores
1325 1359 1747 1443 difficultates
1783 1361 1965 1444 juris
2009 1367 2070 1427 et
2109 1362 2292 1444 facti,
2340 1384 2536 1445 quam
2581 1368 2734 1428 ante
2765 1361 2926 1427 Con-

619 1457 842 1522 cilium
886 1458 1208 1524 Pisanum
1255 1462 1448 1523 erant
1490 1458 1566 1522 de
1596 1457 1871 1539 justitia
1917 1458 2200 1524 duorum
2243 1457 2837 1543 contendentium.¹)

796 1609 895 1669 54.
951 1607 1308 1671 Concilium
1356 1605 1688 1684 Pisanum,
1736 1609 1833 1671 uti
1879 1609 2264 1688 monuimus,
2312 1614 2686 1693 exoptatum
2732 1609 2927 1696 finem

438 1694 517 1722 ¹¹¹¹
565 1713 574 1722 ‘
621 1703 1075 1787 exstinguendi
1123 1703 1483 1768 schismatis
1531 1726 1664 1768 non
1711 1704 2014 1781 obtinuit,
2062 1706 2173 1769 sed
2224 1706 2453 1770 exinde
2489 1707 2625 1790 jam
2674 1712 2805 1769 tres
2851 1705 2940 1769 de-

616 1800 995 1884 pontificatu
1044 1800 1547 1864 contenderunt.
1640 1799 1991 1867 Benedicto
2039 1804 2212 1866 enim
2257 1802 2572 1886 Hispania
2617 1800 2936 1885 adhaesit,

616 1898 685 1960 in
749 1895 1041 1980 Gregorii
1094 1891 1254 1961 'vero
1327 1895 1692 1960 obedientia
1756 1919 2023 1982 regnum
2098 1898 2603 1982 Neapolitanum
2670 1902 2735 1962 et
2803 1898 2942 1961 alia.

618 1992 929 2076 quaedam
985 1992 1216 2057 Italiae
1272 1993 1628 2070 territoria,
1689 1991 1942 2059 necnon
1996 1995 2318 2079 Rupertus
2375 1994 2758 2060 Germaniae
2814 2016 2927 2059 rex

618 2112 757 2153 eum
806 2090 1024 2155 multis
1060 2088 1419 2165 GermaniS,
1466 2100 1934 2156 remanserunt.
1984 2128 2071 2137 -
2119 2091 2467 2176 Gregorius
2514 2092 2669 2157 XII.
2716 2113 2942 2156 mense·

616 2186 793 2251 Julio
850 2209 905 2251 a.
960 2186 1127 2249 1409
1185 2186 1505 2270 synodum
1562 2188 1626 2250 in
1686 2188 1916 2271 oppido
1963 2187 2248 2254 Cividale
2306 2210 2501 2272 prope
2562 2189 2925 2273 Aquilejam

617 2283 991 2362 celebravit,
1051 2284 1341 2369 quamvis
1388 2284 1571 2367 pauci
1620 2288 1880 2348 tantum
1938 2287 2210 2368 praelati
2254 2286 2569 2349 adessent.
2662 2284 2758 2349 Ibi
2806 2285 2929 2347 ite-

617 2403 760 2444 rum
806 2387 1198 2464 protestatus
1249 2386 1372 2461 est,
1426 2403 1492 2443 se
1548 2381 1850 2445 unionem
1909 2381 2268 2446 desiderare
2324 2391 2391 2445 et
2450 2388 2746 2465 paratum
2794 2402 2941 2444 esse

618 2477 698 2540 ad
754 2478 1136 2551 cessionem,
1199 2477 1730 2562 conditionesque
1793 2478 1997 2542 varias
2056 2501 2222 2564 quae
2280 2477 2397 2563 ipsi
2460 2499 2703 2562 aequae
2760 2477 2942 2541 vide·

618 2575 858 2639 bantur
911 2575 1267 2659 proposuit3
1324 2576 1544 2639 ambos
1601 2596 1752 2637 vero
1807 2596 1955 2638 suos
2010 2576 2461 2658 competitores
2521 2581 2594 2638 ut
2646 2576 2941 2638 intrusos

619 2678 685 2733 et
728 2671 1164 2735 schismaticos
1207 2668 1562 2735 damnavit.
1636 2670 1862 2734 Mense
1907 2668 2270 2754 Septembri
2314 2692 2447 2734 non
2493 2671 2635 2734 sine
2680 2669 2939 2754 magnis-

619 2768 914 2851 periculis
972 2789 1049 2830 ex
1108 2767 1360 2831 insidiis
1412 2769 1533 2850 ipsi
1589 2768 1830 2851 paratis
1881 2767 2267 2831 Ariminium
2327 2789 2615 2831 reversus
2671 2772 2792 2831 est.
2847 2801 2923 2810 —

618 2863 1006 2928 Benedictus
1065 2864 1277 2927 soluta
1333 2863 1576 2946 synodo
1625 2861 2121 2946 Perpinianensi
2178 2886 2245 2927 se
2300 2862 2543 2945 recepit
2596 2863 2664 2926 in
2718 2884 2935 2926 arcem

618 2962 862 3023 firmam
919 2959 1321 3024 Peniscolam
1376 2960 1441 3023 in
1502 2982 1704 3042 regno
1740 2959 2103 3023 Valent-iae.
2194 2958 2671 3055 AlQaRQSQ·
2730 2981 2930 3042 quum

623 3056 895 3121 Romam
943 3061 1223 3138 peteret,
1283 3056 1384 3119 die
1432 3054 1503 3120 3⁰
1550 3058 1709 3139 Maji
1757 3080 1813 3120 a.
1868 3057 2037 3119 1410
2083 3056 2414 3120 Bononiae
2462 3056 2595 3120 vita
2641 3056 2940 3120 decessit-

620 3153 843 3218 Multis
899 3154 1155 3237 quidem
1214 3154 1565 3218 virtutibus
1622 3153 2046 3234 excelluerat,
2108 3152 2298 3216 nimis
2351 3157 2571 3215 tamen
2629 3151 2938 3233 profusus

618 3252 813 3314 fuisse
884 3250 1140 3314 videtur
1204 3251 1274 3315 in
1346 3251 1572 3335 gratiis
1639 3245 2143 3331 concedendiS.²)
2259 3247 2413 3311 Post
2480 3249 2619 3332 ejus
2682 3247 2934 3311 obitum.

620 3346 993 3412 Cardinales
1050 3347 1502 3431 septemdecim
1559 3345 1894 3410 Bononiae
1949 3368 2063 3428 pro
2120 3366 2295 3409 more
2347 3345 2605 3409 comitia
2659 3344 2930 3408 celebra·

621 3450 808 3523 runt,
874 3449 941 3508 et
998 3442 1097 3508 die
1159 3441 1268 3507 17⁰
1330 3442 1484 3527 Maji
1540 3443 1609 3506 in
1666 3442 1876 3507 locum
1929 3441 2276 3505 Alexandri
2337 3442 2673 3526 elegerunt
2718 3439 2943 3505 Cardi-

624 3541 834 3606 nalem
869 3538 1358 3604 Balthassarum
1396 3538 1609 3619 Cossa,
1649 3536 2171 3621 Neapolitanum,
2211 3538 2321 3621 qui
2353 3536 2642 3602 Joannes
2671 3536 2927 3602 XXIII.

623 3637 979 3720 appellatus
1025 3641 1142 3701 est.
1233 3639 1409 3712 Quae
1466 3635 1542 3698 de
1585 3635 1869 3698 moribus
1924 3656 2152 3717 parum
2198 3634 2410 3718 dignis
2466 3634 2659 3717 hujus
2703 3633 2939 3699 Ponti-

621 3735 755 3797 ficis
801 3733 1041 3797 tradita
1085 3738 1265 3811 sunt,
1315 3737 1706 3816 exaggerata
1753 3726 2151 3813 videntur33)
2200 3753 2319 3795 nec
2363 3731 2594 3794 desunt
2638 3737 2942 3795 auctores

625 3831 737 3913 qui
794 3851 939 3893 eum
994 3829 1288 3894 laudibus
1345 3828 1646 3895 evehunt.
1741 3825 1845 3890 Sic
1900 3826 2054 3891 dicit
2113 3826 2441 3891 chronista
2496 3823 2559 3890 S.
2606 3827 2935 3911 Dionysii:

805 4019 845 4084 ¹)
883 4020 964 4072 De
1002 4019 1213 4072 EccleS.
1254 4025 1309 4071 et
1346 4016 1560 4071 Cardia.
1601 4022 1901 4083 potestate.

801 4098 845 4165 ¹)
884 4098 991 4153 Cfr.
1030 4098 1235 4151 Theod.
1274 4098 1340 4150 de
1378 4096 1550 4156 Niem,
1592 4097 1671 4148 De
1710 4096 2008 4149 schismate
2047 4094 2110 4148 L.
2149 4095 2252 4148 III.
2296 4114 2339 4149 c.
2378 4099 2461 4149 51.

804 4177 844 4247 ⁸)
882 4177 947 4230 V.
986 4176 1200 4242 Hefele‚
1239 4176 1295 4230 C.
1335 4175 1418 4241 G„
1457 4175 1521 4229 B.
1548 4175 1675 4229 VII.
1713 4174 1760 4243 ξ.
1800 4176 1918 4227 745.
