3281 5014
722 441 830 492 240
1216 437 1476 491 XXXIII.
1515 438 1598 493 De
1635 454 1837 507 magno
1876 437 2190 494 Occidentis
2229 442 2539 495 schismate.

723 581 1119 664 pressionem
1193 580 1537 663 movisset3
1615 579 1718 644 vel
1789 581 2021 664 aliquis
2094 580 2171 645 de
2246 602 2319 645 eo
2394 582 2771 666 cogitasset,
2849 603 3032 665 prae-
3099 635 3102 638 .
3219 627 3228 642 .

682 677 1121 761 sumpsisset.
1213 724 1228 739 .
1326 725 1342 741 .
1436 726 1450 741 .
1527 675 1927 742 Induebatur
2001 677 2207 742 cilicio
2292 675 2525 742 diurno
2601 682 2888 762 tempore
2961 683 3036 741 et

723 780 1075 849 nocturno,
1161 774 1231 838 in
1307 795 1436 857 quo
1509 773 1835 838 dormiens
1912 773 2178 841 indutus
2257 776 2387 839 fuit
2465 772 2738 858 desuper
2806 773 3029 839 tunica

725 871 870 934 alba
928 870 1119 934 talari
1177 872 1255 935 de
1318 868 1618 934 mediocri
1678 891 1898 953 panno
1961 870 2179 949 laneo,
2249 893 2324 937 ac
2382 871 2658 935 multum
2719 877 2858 935 erat
2921 892 3032 955 pa—

723 967 895 1031 tiens
969 973 1128 1032 tunc
1214 968 1520 1050 temporis
1595 965 1985 1048 (Avenione)
2072 967 2144 1031 in
2229 967 2542 1048 adversis,
2627 968 3023 1051 compatiens

722 1064 919 1129 etiam
987 1063 1172 1128 valde
1253 1063 1729 1129 calamitatibus
1813 1063 2101 1129 aliorum.
2198 1063 2433 1130 Omnia
2508 1064 2703 1128 etiam
2770 1064 3033 1149 jejunia

720 1182 836 1245 per
891 1160 1249 1225 Ecclesiam
1309 1160 1551 1225 indicta
1608 1165 1767 1223 tune
1824 1161 2224 1225 sanctissime
2284 1161 2695 1237 observabat,
2770 1181 3025 1224 necnon

720 1278 835 1342 per
896 1256 1243 1321 adventum
1308 1256 1566 1322 Domini
1633 1263 1702 1321 et
1768 1278 1882 1340 per
1949 1252 2430 1342 Sexagesimam
2498 1258 2686 1322 annis
2751 1256 3029 1341 singulis

713 1354 1086 1440 jejunabat,
1151 1359 1217 1418 et
1282 1355 1661 1439 jejunantes
1727 1354 2027 1419 similiter
2102 1376 2357 1419 necnon
2432 1356 2633 1419 bonos
2694 1353 3030 1438 religiosos

721 1450 879 1516 satis
925 1450 1241 1516 amabat.“
1257 1448 1307 1529 1)

436 1601 661 1675 0P?⁰⁸i,t¹'0
899 1602 957 1664 6.
1021 1599 1425 1677 cardinales,
1496 1600 1609 1683 qui
1685 1598 2028 1664 Urbanum
2105 1600 2463 1682 elegerant,
2538 1599 2729 1664 initio
2805 1600 3031 1665 omnia

393 1663 700 1709 cardmhum‘
719 1699 777 1762 ei
823 1702 900 1762 ut
942 1695 1247 1762 Pontifici
1307 1698 1498 1780 plane
1559 1696 1866 1780 legitimo,
1929 1695 2160 1760 debitis
2223 1696 2501 1760 servitiis
2549 1704 2617 1760 et
2661 1697 3030 1762 reverentia

718 1794 1055 1871 exhibitis,
1121 1795 1609 1878 praestiterunt,
1673 1815 1748 1857 ae
1804 1815 1916 1877 per
1975 1794 2185 1876 plures
2248 1814 2493 1858 menses
2557 1794 2766 1857 varias
2827 1793 3024 1858 etiam

714 1893 958 1977 gratias
1005 1892 1087 1955 ab
1135 1912 1208 1955 eo
1254 1890 1584 1974 petierunt
1631 1895 1699 1955 et
1743 1897 2146 1973 acceperunt.
2241 1889 2545 1955 Urbanus
2604 1896 2821 1955 autem
2870 1912 3022 1955 mox

717 1989 1002 2053 animum
1065 1987 1373 2071 applicuit
1443 1988 1893 2052 reformandae
1954 1987 2215 2063 Curiae,
2290 1987 2652 2052 coercendis
2714 1987 2888 2052 vitiis
2959 1994 3023 2053 et

668 2109 671 2112 ¹
717 2084 1172 2150 instaurandae
1238 2081 1642 2167 disciplinam
1707 2083 2077 2150 Cardinales
2138 2106 2288 2148 vero
2347 2085 2803 2168 intempestivo
2866 2106 3028 2170 quo-

702 2181 864 2246 'dam
910 2183 1122 2266 rigore
1170 2186 1235 2244 et
1281 2181 1526 2245 acerbis
1572 2183 1783 2247 verbis
1829 2182 2121 2257 offendit,
2183 2203 2526 2265 eorumque
2588 2182 2839 2246 animos
2898 2180 3020 2246 sibi

717 2278 1127 2343 abalienavit.
1196 2277 1420 2342 Mense
1472 2276 1648 2363 Majo
1692 2279 2005 2362 paulatim
2051 2277 2382 2342 duodecim
2430 2276 2801 2343 Cardinales
2849 2276 3023 2342 Galli

717 2380 786 2441 et
838 2397 1008 2440 unus
1063 2374 1392 2458 Hispanus
1451 2379 1854 2439 secesserunt
1907 2375 2252 2456 Ananiam,
2306 2379 2502 2458 atque
2556 2374 2648 2439 ibi
2700 2375 3027 2459 sequenti-

717 2474 835 2538 bus
880 2472 1204 2538 mensibus
1249 2471 1599 2538 deliberare
1656 2477 2027 2556 coeperunt,
2081 2471 2396 2556 quomodo
2443 2470 2775 2538 Urbanum
2824 2470 3016 2554 depo·

714 2578 952 2636 nerent
1011 2577 1077 2635 et
1135 2592 1374 2633 novum
1431 2567 1812 2634 Pontificem
1869 2570 2203 2653 eligerent.
2296 2568 2417 2632 Die
2463 2565 2536 2632 9⁰
2583 2568 2863 2654 Augusti
2906 2568 3020 2631 de-

715 2669 1131 2734 clarationem
1180 2665 1538 2741 ediderunt,
1584 2667 1655 2729 in
1702 2687 1830 2749 qua
1876 2666 2432 2750 contestabantur,
2488 2687 2559 2730 se
2613 2667 2684 2730 in
2729 2665 3014 2730 conclavi

716 2788 847 2830 non
894 2765 1095 2829 fuisse
1138 2763 1392 2842 liberos,
1438 2762 1819 2826 electionem
1868 2761 2117 2826 Urbani
2176 2763 2376 2827 fuisse
2430 2763 2494 2826 vi
2548 2769 2614 2827 et
2667 2769 2843 2827 metu
2905 2783 3021 2825 ex-

714 2869 988 2938 tortam,
1070 2865 1266 2944 atque
1335 2858 1493 2922 adeo
1557 2879 1702 2922 eum
1770 2880 1903 2924 non
1974 2880 2114 2923 esse
2184 2860 2538 2943 legitimum
2607 2858 3012 2925 Pontificem.

714 2958 964 3023 Deinde
1010 2956 1277 3042 profecti
1311 2959 1488 3019 'sunt
1531 2952 1794 3018 Fundos
1853 2955 1921 3020 in
1983 2976 2186 3039 regno
2232 2954 2663 3039 Neapolitano
2722 2955 2831 3021 ubi
2895 2956 3021 3020 sub

713 3056 972 3121 Joanna
1032 3054 1274 3137 regina,
1337 3073 1501 3136 quae
1546 3049 1794 3116 Urbani
1844 3050 1957 3115 VI.
2018 3057 2237 3135 partes
2295 3053 2666 3137 reliquerat,
2732 3053 3018 3117 securius

713 3156 1001 3237 agerent.
1096 3150 1236 3215 Illic
1305 3149 1516 3212 tribus
1580 3148 1773 3213 etiam
1834 3147 2274 3213 Cardinalibus
2341 3148 2524 3213 Italis
2591 3149 2670 3213 ad
2734 3171 2801 3213 se
2875 3170 3018 3233 per-

513 3252 553 3301 ⁸.
711 3250 964 3325 tractis,
1037 3248 1139 3312 die
1216 3243 1332 3310 20⁰
1399 3244 1798 3329 Septembris
1869 3245 2242 3313 Rohertum
2294 3243 2698 3310 Cardinalem
2767 3244 3018 3310 Geben-

711 3367 975 3410 nensem
1037 3366 1149 3409 seu
1211 3343 1685 3418 Genevensem,
1757 3342 2028 3406 fratrem
2090 3340 2355 3406 Comitis
2414 3341 2833 3426 Genevensis‚
2895 3343 3014 3406 tri-

712 3444 898 3528 ginta
960 3463 1070 3505 sex
1133 3462 1340 3505 annos
1412 3444 1660 3515 natum,
1728 3439 1796 3502 in
1858 3437 2235 3502 Pontificem
2307 3439 2663 3522 elegerunt,
2727 3438 3018 3518 scientae,

712 3540 938 3605 scribit
999 3537 1447 3612 TheodoricuS,
1518 3555 1665 3599 eum
1733 3553 1864 3598 esse
1931 3532 2345 3599 ambitiosum
2410 3538 2472 3597 et
2530 3534 2841 3617 pluribus
2909 3533 3017 3599 in-

698 3635 1032 3719 diqe‘ntem
1088 3653 1164 3698 ac
1218 3636 1687 3715 sumptuosum,
1747 3630 1970 3714 laryae
2028 3630 2451 3695 conscientiae
2505 3635 2566 3694 et
2615 3652 2851 3713 yenere
2903 3652 3018 3697 no-

716 3731 931 3811 bilem,
993 3730 1218 3796 multis
1272 3729 1470 3795 etiam
1525 3726 2027 3811 consanguineis
2083 3731 2143 3791 et
2202 3725 2523 3809 affinibus
2577 3727 2897 3793 nobilibus
2954 3731 3022 3792 et

702 3828 1078 3912 potentibus
1144 3824 1725 3909 constipatum&
1760 3825 1883 3889 Hic
1948 3824 2269 3889 Robertus
2323 3847 2361 3888 a
2430 3826 2563 3889 suis
2641 3826 2847 3891 dictus
2917 3830 3023 3891 est

895 4019 936 4087 ¹)
974 4021 1056 4073 De
1096 4020 1416 4084 Schismate,
1453 4017 1514 4071 L.
1552 4018 1597 4070 I.
1637 4033 1681 4071 c.
1723 4018 1769 4069 1.

890 4097 931 4164 ²)
967 4100 1105 4154 Ibid.
1147 4116 1189 4152 c.
1231 4103 1312 4153 10.
1347 4128 1420 4135 -
1457 4095 1808 4162 Christophe‚
1857 4096 1947 4162 qui
1995 4095 2187 4150 dubius
2236 4096 2428 4150 haeret
2476 4095 2533 4149 in
2581 4094 2900 4162 quaestione
2937 4090 3021 4148 ‘de

715 4179 1009 4234 schismate
1048 4178 1373 4234 occidentali
1410 4176 1574 4244 (quod
1611 4174 1750 4228 satis
1788 4174 1983 4228 mirum
2023 4180 2108 4229 est
2144 4175 2202 4228 in
2236 4175 2339 4229 tali
2378 4174 2683 4243 scriptore),
2733 4173 3017 4227 characte-
