3281 5014
403 1576 613 1620 simultas
639 1578 683 1619 in

416 1640 664 1683 Pontifices.

716 461 821 512 288
1310 458 1563 512 XXXIV.
1600 459 1683 513 De
1720 458 1966 512 Concilio
2003 457 2430 512 Constantiensi.

713 601 870 664 tatis
923 606 991 664 et
1043 601 1446 665 auctoritatis
1503 600 1887 683 pontificalis
1942 598 2124 662 vaide
2177 599 2668 678 diminueretur,
2731 622 2803 664 ac
2856 600 3024 683 prin.

715 697 880 780 cipia
937 703 1003 761 et
1051 697 1378 760 doctrinas
1431 697 1526 759 illi
1577 697 1696 759 viri
1749 696 2195 779 excogitarent
2246 702 2312 759 et
2358 701 2822 779 proponerent,
2882 697 3020 780 qui-

714 793 832 858 bus
898 791 1275 857 laedebatur
1342 815 1567 856 revera
1632 794 1947 876 primatus
2007 791 2358 855 Pontificis.
2475 792 2583 857 Sic
2649 792 3022 868 docuerunt,

712 888 955 973 Papam
1010 911 1146 954 esse
1208 889 1465 972 quidem
1521 895 1715 971 caput
1768 895 1836 952 et
1890 894 2213 971 pastorem
2268 890 2673 973 singulorum
2723 888 3023 954 Christia-

714 1008 942 1050 norum
1001 992 1066 1051 et
1124 986 1522 1070 singularum
1581 986 1990 1050 ecclesiarum
2049 985 2104 1048 si
2148 985 2410 1050 seorsim
2458 991 2829 1068 sumantur,
2889 1006 3020 1048 non

714 1087 933 1146 autem
1000 1084 1206 1147 totius
1276 1082 1596 1147 Ecclesiae
1665 1081 1856 1146 simul
1923 1087 2352 1165 congregatae
2421 1084 2488 1147 in
2562 1081 2849 1147 Concilio
2914 1103 3020 1167 ge·

713 1178 939 1245 nerali.
1032 1177 1407 1262 Supremam
1469 1179 1642 1242 enim
1697 1179 2184 1243 ecclesiasticam
2242 1183 2631 1262 potestatem
2688 1199 2829 1243 esse
2887 1185 3020 1242 tam

711 1276 783 1338 in
825 1273 1110 1340 Concilio
1164 1298 1353 1358 quam
1402 1277 1472 1339 in
1523 1274 1727 1359 Papa,
1788 1275 1899 1339 sed
1948 1276 2020 1339 in
2066 1273 2353 1340 Concilio
2409 1274 2853 1359 principalius,
2901 1276 3020 1339 im-
3092 1345 3096 1349 ,

714 1371 1053 1436 mediatius
1117 1375 1184 1435 et
1252 1372 1660 1436 immobilius,
1772 1371 2018 1437 Statuit
2087 1372 2284 1435 etiam
2353 1371 2738 1449 Gereonius,
2808 1370 3022 1435 Eccle-

713 1468 873 1532 siam
941 1489 1071 1532 non
1136 1468 1232 1532 ita
1300 1469 1631 1552 alligatam
1697 1490 1832 1531 esse
1901 1469 2141 1532 vicario
2204 1468 2478 1544 Christi,
2550 1472 2622 1533 ut
2686 1489 2817 1532 non
2880 1490 3024 1551 pos·

715 1564 849 1628 sint
892 1586 1028 1628 sese
1083 1564 1360 1628 invicem
1405 1586 1719 1647 separare.
1773 1601 1861 1608 —
1912 1564 1982 1626 2⁰
2027 1565 2236 1641 Quum
2291 1565 2463 1628 tristi
2516 1569 2802 1647 tempore
2857 1563 3021 1629 schi-

714 1662 937 1725 smatis
968 1682 1205 1745 magna
1237 1662 1428 1725 etiam
1460 1662 1529 1723 in
1560 1662 1843 1726 moribus
1889 1666 1954 1725 et
1986 1660 2321 1744 disciplina
2349 1662 2649 1725 irruisset
2690 1661 3020 1743 relaxatio,

712 1758 805 1822 illi
864 1758 984 1821 viri
1048 1758 1266 1821 omnia
1326 1759 1456 1822 fere
1521 1758 1690 1821 mala
1751 1779 2138 1822 summorum
2194 1757 2581 1821 Pontificum
2641 1757 3021 1833 defectibuS,

710 1855 1151 1938 impositisque
1203 1855 1283 1918 ab
1338 1855 1417 1918 iis
1472 1854 1732 1918 tributis
1793 1875 1867 1917 ac
1927 1853 2468 1917 reservationibus
2523 1853 3021 1937 adscripserunt,

713 1955 779 2015 et
829 1951 1309 2028 existimarunt,
1371 1952 1450 2016 ad
1504 1951 2030 2015 reformationem
2085 1950 2150 2013 id
2208 1951 2481 2013 maxime
2535 1951 2882 2033 pertinere,
2948 1959 3025 2013 ut

713 2048 1065 2131 amplitudo
1126 2048 1236 2111 illa
1297 2049 1701 2113 auctoritatis
1758 2047 2001 2130 papalis
2057 2048 2580 2130 restringeretur.
2681 2046 2821 2123 Qua
2875 2048 3018 2129 qui-

712 2144 854 2208 dem
919 2145 984 2207 in
1045 2166 1114 2207 re
1170 2143 1352 2208 valde
1409 2145 1736 2208 errabant.
1829 2141 1961 2205 Per
2016 2141 2309 2206 accidens
2367 2143 2538 2206 enim
2595 2142 2836 2207 factum
2901 2149 3018 2218 est,

714 2245 789 2305 ut
848 2245 1106 2325 propter
1162 2243 1726 2305 commorationem
1781 2233 2169 2305 Pontificum
2230 2241 2297 2304 in
2347 2239 2557 2305 Gallia
2619 2245 2685 2304 et
2745 2239 3021 2305 schisma

713 2342 1039 2413 exortum,
1106 2358 1248 2401 cum
1303 2338 1415 2401 illo
1475 2338 1781 2401 exercitio
1839 2338 2177 2419 potestatis
2234 2338 2560 2401 interdum
2619 2336 3022 2402 incommoda

713 2435 1033 2499 Ecclesiae
1110 2434 1281 2498 haud
1347 2435 1631 2519 proficua
1703 2436 2302 2520 conjungerentur3·
2347 2452 2473 2516 per
2541 2454 2608 2498 se
2671 2455 2818 2515 gero
2865 2436 3020 2518 *ple-

710 2555 868 2597 num
935 2534 1308 2598 exercitium
1372 2533 1717 2616 potestatis
1785 2532 2183 2615 pontificiae,
2255 2531 2576 2596 Ecclesiae
2643 2532 3023 2596 nullatenus

712 2630 1008 2694 nocivum
1077 2634 1202 2705 est,
1275 2634 1350 2692 ut
1418 2630 1520 2693 vel
1592 2636 1749 2692 tunc
1808 2630 1945 2713 jam
2011 2651 2088 2692 ex
2159 2628 2449 2711 exemplo
2518 2629 3018 2694 clarissimorum

710 2725 1128 2808 Pontificum,
1186 2727 1281 2789 uti
1341 2725 1635 2808 Gregorii
1672 2723 1814 2789 VH.
1872 2731 1939 2789 et
1994 2725 2358 2790 Innocentii
2411 2725 2531 2790 HI.
2588 2724 2873 2808 patebat.
2929 2759 3022 2769 —

712 2820 783 2887 3⁰
849 2822 1056 2899 Quum
1127 2823 1418 2887 doctores
1484 2820 1943 2886 Universitatis
2016 2821 2391 2888 Parisiensis
2463 2822 2695 2906 aliique
2765 2823 2834 2885 in
2903 2843 3018 2885 ne·

709 2922 885 3004 gotio
944 2920 1202 2983 unionis
1266 2940 1503 3003 magno
1563 2940 1708 2981 cum
1778 2918 2026 2984 fervore
2092 2941 2238 2983 suos
2310 2920 2680 2984 conferrent
2746 2919 3020 2995 laboreS,

705 3019 840 3101 jam
888 3036 967 3080 ex
1013 3016 1105 3078 rei
1159 3020 1396 3080 natura
1440 3014 1698 3091 accidit,
1756 3021 1829 3079 ut
1880 3015 2237 3080 sacerdotes
2292 3015 2557 3080 secundi
2603 3016 2842 3079 ordinis
2889 3036 3022 3077 ma·

708 3136 907 3199 gnum
972 3112 1289 3176 influxum
1356 3119 1732 3177 exercerent
1797 3111 1864 3176 in
1930 3111 2194 3197 negotia
2252 3110 2604 3193 Ecclesiae,
2669 3113 2849 3196 cujus
2913 3110 3022 3174 ad-

711 3210 1102 3275 ministratio
1157 3230 1272 3291 per
1327 3230 1394 3272 se
1447 3208 1526 3271 ad
1579 3229 1899 3271 summum
1945 3207 2327 3272 Pontificem
2385 3213 2451 3272 et
2504 3210 2827 3291 episcopos
2873 3228 3019 3289 per-

707 3308 896 3372 tinet.
1006 3304 1152 3369 Viri
1227 3310 1469 3369 autem·
1510 3305 1644 3386 illi,
1716 3304 1793 3369 de
1866 3305 2099 3388 quibus
2167 3306 2456 3388 agimUS,
2533 3303 2739 3368 adhuc
2813 3305 3023 3387 magis

708 3406 890 3469 illum
951 3403 1267 3467 influxum
1327 3402 1720 3466 studuerunt
1777 3423 2172 3485 promovere,
2231 3402 2704 3477 existimanteS,
2769 3401 3021 3464 facilius

648 3515 663 3530 “
708 3503 827 3567 hac
889 3500 1139 3565 ratione
1207 3499 1525 3581 perveniri
1597 3499 1678 3562 ad
1747 3498 2025 3562 schisma
2093 3499 2598 3580 componendum
2666 3502 2734 3561 et
2797 3496 3021 3561 Eccle-

708 3601 866 3663 siam
920 3596 1413 3662 reformandam.
1517 3593 1679 3659 Inde
1732 3597 1925 3659 etiam
1987 3595 2322 3678 praecipue
2380 3593 2729 3659 Gersonius
2787 3594 3020 3657 doctri-

709 3717 828 3758 nas
877 3693 1181 3777 quasdam
1225 3693 1585 3775 proposuit,
1640 3692 1872 3775 quibus
1914 3693 2066 3774 jura
2120 3692 2565 3756 ecclesiasticis
2610 3691 2872 3755 secundi
2917 3712 3023 3754 or-

709 3792 903 3868 dinis,
959 3791 1088 3854 imo
1136 3794 1202 3853 et
1246 3791 1452 3865 laiciS,
1511 3788 1745 3853 tribuit
1802 3809 1966 3870 quae
2022 3788 2176 3870 ipsis
2231 3809 2635 3871 nequaquam
2685 3788 3022 3850 convenie-

710 3890 896 3962 bant,
963 3896 1027 3951 et
1086 3887 1522 3969 episcoporum
1575 3886 1728 3968 jura
1785 3883 2145 3948 laedebant.
2254 3885 2469 3967 Atque
2530 3884 2622 3947 sic
2680 3883 3022 3947 tendentia

709 3981 1165 4061 democratica,
1227 3984 1282 4046 si
1337 3984 1432 4045 ita
1484 3982 1692 4046 dicere
1747 3982 1846 4045 fas
1901 3985 2027 4063 est,
2082 3985 2149 4043 et
2205 3981 2522 4063 oppositio
2570 3985 2797 4044 contra
2840 3979 3018 4062 prin-

710 4081 940 4166 cipium
989 4080 1393 4144 auctoritatis
1448 4079 1754 4161 invaluit3
1815 4078 1985 4141 unde
2040 4077 2321 4160 pericula
2372 4077 2542 4141 haud
2588 4076 2819 4160 exigua
2862 4097 3018 4139 mox

710 4180 1159 4262 provenerunt.
1236 4211 1321 4220 —
1390 4173 1511 4238 His
1571 4175 1624 4238 si
1693 4175 1993 4260 adjungis
2067 4174 2648 4257 particularismum
2711 4172 3022 4238 nationa-
